{
  "ticker": "6758.T",
  "name": "Sony",
  "country": "japan",
  "currency": "JPY",
  "last_fetched": "2026-02-26T20:50:00.234429",
  "market_cap": 20263433404416,
  "revenue": 13170287575040,
  "net_income": 1246386978816,
  "pe_ratio": 16.46238,
  "forward_pe": 18.548035,
  "dividend_yield": 0.76,
  "profit_margin": -0.0161,
  "roe": 0.14917,
  "debt_to_equity": 19.449,
  "beta": 0.699,
  "ev_to_ebitda": 9.924,
  "sector": "Technology",
  "industry": "Consumer Electronics",
  "summary": "Sony Group Corporation designs, develops, produces, and sells electronic equipment, instruments, and devices for the consumer, professional, and industrial markets in Japan, the United States, Europe, China, the Asia-Pacific, and internationally. The company distributes software titles and add-on content through digital networks; network services related to game, video, and music content; hardware and home gaming consoles, packaged and game software, and peripheral devices. It also develops, produces, markets, and distributes recorded music; publishes music; and produces and distributes animation titles, game applications, and various services for music and visual products. In addition, the company produces, acquires, and distributes live-action and animated motion pictures for theatrical release, as well as scripted and animated series, unscripted reality or light entertainment, daytime serials, game shows, television movies, and miniseries and other television programs; operation of television networks and direct-to-consumer streaming services; operates a visual effects and animation unit; and manages a studio facility. Further, the company researches, develops, designs, produces, markets, distributes, sells, and services televisions, and video and sound products; interchangeable lens, as well as compact digital, and consumer and professional video cameras; projectors and medical equipment; mobile phones, accessories, and applications; and metal oxide semiconductor image sensors, integration systems, and other semiconductors. Additionally, it offers internet broadband network services; recording media, and storage media products; and life and non-life insurance, banking, and other services, as well as creates and distributes content for PCs and mobile phones. The company was formerly known as Sony Corporation and changed its name to Sony Group Corporation in April 2021. Sony Group Corporation was incorporated in 1946 and is headquartered in Tokyo, Japan.",
  "website": "https://www.sony.com",
  "employees": 112300,
  "target_high": 5900.0,
  "target_low": 4000.0,
  "target_mean": 4969.1304,
  "target_median": 5000.0,
  "recommendation": "strong_buy",
  "num_analysts": 23,
  "income_stmt": {
    "2025-03-31T00:00:00": {
      "Tax Effect Of Unusual Items": 16947771000.0,
      "Tax Rate For Calcs": 0.213,
      "Normalized EBITDA": 2588022000000.0,
      "Total Unusual Items": 79567000000.0,
      "Total Unusual Items Excluding Goodwill": 79567000000.0,
      "Net Income From Continuing Operation Net Minority Interest": 1141600000000.0,
      "Reconciled Depreciation": 1152987000000.0,
      "Reconciled Cost Of Revenue": 9294512000000.0,
      "EBITDA": 2667589000000.0,
      "EBIT": 1514602000000.0,
      "Net Interest Income": -10680000000.0,
      "Interest Expense": 40876000000.0,
      "Interest Income": 50925000000.0,
      "Normalized Income": 1078980771000.0,
      "Net Income From Continuing And Discontinued Operation": 1141600000000.0,
      "Total Expenses": 11544424000000.0,
      "Total Operating Income As Reported": 1407163000000.0,
      "Diluted Average Shares": 6075064000.0,
      "Basic Average Shares": 6049652000.0,
      "Diluted EPS": 187.92,
      "Basic EPS": 188.71,
      "Diluted NI Availto Com Stockholders": 1141600000000.0,
      "Average Dilution Earnings": 0.0,
      "Net Income Common Stockholders": 1141600000000.0,
      "Net Income": 1141600000000.0,
      "Minority Interests": -18287000000.0,
      "Net Income Including Noncontrolling Interests": 1159887000000.0,
      "Net Income Continuous Operations": 1159887000000.0,
      "Tax Provision": 313839000000.0,
      "Pretax Income": 1473726000000.0,
      "Other Income Expense": 71766000000.0,
      "Other Non Operating Income Expenses": null,
      "Special Income Charges": 2324000000.0,
      "Gain On Sale Of Ppe": -16102000000.0,
      "Gain On Sale Of Business": 18426000000.0,
      "Restructuring And Mergern Acquisition": null,
      "Earnings From Equity Interest": -7801000000.0,
      "Gain On Sale Of Security": 77243000000.0,
      "Net Non Operating Interest Income Expense": -10680000000.0,
      "Total Other Finance Cost": 20729000000.0,
      "Interest Expense Non Operating": 40876000000.0,
      "Interest Income Non Operating": 50925000000.0,
      "Operating Income": 1412640000000.0,
      "Operating Expense": 2249912000000.0,
      "Other Operating Expenses": -6917000000.0,
      "Selling General And Administration": 2256829000000.0,
      "Gross Profit": 3662552000000.0,
      "Cost Of Revenue": 9294512000000.0,
      "Total Revenue": 12957064000000.0,
      "Operating Revenue": 12957064000000.0
    },
    "2024-03-31T00:00:00": {
      "Tax Effect Of Unusual Items": 21991079000.0,
      "Tax Rate For Calcs": 0.227,
      "Normalized EBITDA": 2357762000000.0,
      "Total Unusual Items": 96877000000.0,
      "Total Unusual Items Excluding Goodwill": 96877000000.0,
      "Net Income From Continuing Operation Net Minority Interest": 970573000000.0,
      "Reconciled Depreciation": 1144981000000.0,
      "Reconciled Cost Of Revenue": 9695687000000.0,
      "EBITDA": 2454639000000.0,
      "EBIT": 1309658000000.0,
      "Net Interest Income": -5703000000.0,
      "Interest Expense": 40996000000.0,
      "Interest Income": 37580000000.0,
      "Normalized Income": 895687079000.0,
      "Net Income From Continuing And Discontinued Operation": 970573000000.0,
      "Total Expenses": 11853782000000.0,
      "Total Operating Income As Reported": 1208831000000.0,
      "Diluted Average Shares": 6176655000.0,
      "Basic Average Shares": 6156210000.0,
      "Diluted EPS": 157.14,
      "Basic EPS": 157.66,
      "Diluted NI Availto Com Stockholders": 970573000000.0,
      "Average Dilution Earnings": 0.0,
      "Net Income Common Stockholders": 970573000000.0,
      "Net Income": 970573000000.0,
      "Minority Interests": -9921000000.0,
      "Net Income Including Noncontrolling Interests": 980494000000.0,
      "Net Income Continuous Operations": 980494000000.0,
      "Tax Provision": 288168000000.0,
      "Pretax Income": 1268662000000.0,
      "Other Income Expense": 107379000000.0,
      "Other Non Operating Income Expenses": null,
      "Special Income Charges": 31343000000.0,
      "Gain On Sale Of Ppe": 4675000000.0,
      "Gain On Sale Of Business": 26668000000.0,
      "Restructuring And Mergern Acquisition": null,
      "Earnings From Equity Interest": 10502000000.0,
      "Gain On Sale Of Security": 65534000000.0,
      "Net Non Operating Interest Income Expense": -5703000000.0,
      "Total Other Finance Cost": 2287000000.0,
      "Interest Expense Non Operating": 40996000000.0,
      "Interest Income Non Operating": 37580000000.0,
      "Operating Income": 1166986000000.0,
      "Operating Expense": 2158095000000.0,
      "Other Operating Expenses": 1939000000.0,
      "Selling General And Administration": 2156156000000.0,
      "Gross Profit": 3325081000000.0,
      "Cost Of Revenue": 9695687000000.0,
      "Total Revenue": 13020768000000.0,
      "Operating Revenue": 13020768000000.0
    },
    "2023-03-31T00:00:00": {
      "Tax Effect Of Unusual Items": -2243134000.0,
      "Tax Rate For Calcs": 0.206,
      "Normalized EBITDA": 2316373000000.0,
      "Total Unusual Items": -10889000000.0,
      "Total Unusual Items Excluding Goodwill": -10889000000.0,
      "Net Income From Continuing Operation Net Minority Interest": 1005277000000.0,
      "Reconciled Depreciation": 1004590000000.0,
      "Reconciled Cost Of Revenue": 7739284000000.0,
      "EBITDA": 2305484000000.0,
      "EBIT": 1300894000000.0,
      "Net Interest Income": -12269000000.0,
      "Interest Expense": 26398000000.0,
      "Interest Income": 22399000000.0,
      "Normalized Income": 1013922866000.0,
      "Net Income From Continuing And Discontinued Operation": 1005277000000.0,
      "Total Expenses": 9701168000000.0,
      "Total Operating Income As Reported": 1302389000000.0,
      "Diluted Average Shares": 6206885000.0,
      "Basic Average Shares": 6178505000.0,
      "Diluted EPS": 150.99,
      "Basic EPS": 151.676,
      "Diluted NI Availto Com Stockholders": 1005328000000.0,
      "Average Dilution Earnings": 51000000.0,
      "Net Income Common Stockholders": 1005277000000.0,
      "Net Income": 1005277000000.0,
      "Minority Interests": -6496000000.0,
      "Net Income Including Noncontrolling Interests": 1011773000000.0,
      "Net Income Continuous Operations": 1011773000000.0,
      "Tax Provision": 262723000000.0,
      "Pretax Income": 1274496000000.0,
      "Other Income Expense": 13560000000.0,
      "Other Non Operating Income Expenses": null,
      "Special Income Charges": 4735000000.0,
      "Gain On Sale Of Ppe": 417000000.0,
      "Gain On Sale Of Business": 4318000000.0,
      "Restructuring And Mergern Acquisition": null,
      "Earnings From Equity Interest": 24449000000.0,
      "Gain On Sale Of Security": -15624000000.0,
      "Net Non Operating Interest Income Expense": -12269000000.0,
      "Total Other Finance Cost": 8270000000.0,
      "Interest Expense Non Operating": 26398000000.0,
      "Interest Income Non Operating": 22399000000.0,
      "Operating Income": 1273205000000.0,
      "Operating Expense": 1961884000000.0,
      "Other Operating Expenses": -7286000000.0,
      "Selling General And Administration": 1969170000000.0,
      "Gross Profit": 3235089000000.0,
      "Cost Of Revenue": 7739284000000.0,
      "Total Revenue": 10974373000000.0,
      "Operating Revenue": 10974373000000.0
    },
    "2022-03-31T00:00:00": {
      "Tax Effect Of Unusual Items": 266500000.0,
      "Tax Rate For Calcs": 0.205,
      "Normalized EBITDA": 1966036000000.0,
      "Total Unusual Items": 1300000000.0,
      "Total Unusual Items Excluding Goodwill": 1300000000.0,
      "Net Income From Continuing Operation Net Minority Interest": 882178000000.0,
      "Reconciled Depreciation": 835233000000.0,
      "Reconciled Cost Of Revenue": 7219841000000.0,
      "EBITDA": 1967336000000.0,
      "EBIT": 1132103000000.0,
      "Net Interest Income": -19839000000.0,
      "Interest Expense": 14600000000.0,
      "Interest Income": 6996000000.0,
      "Normalized Income": 881144500000.0,
      "Net Income From Continuing And Discontinued Operation": 882178000000.0,
      "Total Expenses": 8809117000000.0,
      "Total Operating Income As Reported": 1202339000000.0,
      "Diluted Average Shares": 6256300000.0,
      "Basic Average Shares": 6196495000.0,
      "Diluted EPS": 141.032,
      "Basic EPS": 142.368,
      "Diluted NI Availto Com Stockholders": 882341000000.0,
      "Average Dilution Earnings": 163000000.0,
      "Net Income Common Stockholders": 882178000000.0,
      "Net Income": 882178000000.0,
      "Minority Interests": -6228000000.0,
      "Net Income Including Noncontrolling Interests": 888406000000.0,
      "Net Income Continuous Operations": 888406000000.0,
      "Tax Provision": 229097000000.0,
      "Pretax Income": 1117503000000.0,
      "Other Income Expense": 24946000000.0,
      "Other Non Operating Income Expenses": 69217000000.0,
      "Special Income Charges": 66297000000.0,
      "Gain On Sale Of Ppe": -8316000000.0,
      "Gain On Sale Of Business": 74613000000.0,
      "Restructuring And Mergern Acquisition": null,
      "Earnings From Equity Interest": 23646000000.0,
      "Gain On Sale Of Security": -64997000000.0,
      "Net Non Operating Interest Income Expense": -19839000000.0,
      "Total Other Finance Cost": 12235000000.0,
      "Interest Expense Non Operating": 14600000000.0,
      "Interest Income Non Operating": 6996000000.0,
      "Operating Income": 1112396000000.0,
      "Operating Expense": 1589276000000.0,
      "Other Operating Expenses": 803000000.0,
      "Selling General And Administration": 1588473000000.0,
      "Gross Profit": 2701672000000.0,
      "Cost Of Revenue": 7219841000000.0,
      "Total Revenue": 9921513000000.0,
      "Operating Revenue": 9921513000000.0
    },
    "2021-03-31T00:00:00": {
      "Tax Effect Of Unusual Items": null,
      "Tax Rate For Calcs": null,
      "Normalized EBITDA": null,
      "Total Unusual Items": null,
      "Total Unusual Items Excluding Goodwill": null,
      "Net Income From Continuing Operation Net Minority Interest": null,
      "Reconciled Depreciation": null,
      "Reconciled Cost Of Revenue": null,
      "EBITDA": null,
      "EBIT": null,
      "Net Interest Income": null,
      "Interest Expense": null,
      "Interest Income": null,
      "Normalized Income": null,
      "Net Income From Continuing And Discontinued Operation": null,
      "Total Expenses": null,
      "Total Operating Income As Reported": null,
      "Diluted Average Shares": null,
      "Basic Average Shares": null,
      "Diluted EPS": null,
      "Basic EPS": null,
      "Diluted NI Availto Com Stockholders": null,
      "Average Dilution Earnings": null,
      "Net Income Common Stockholders": null,
      "Net Income": null,
      "Minority Interests": null,
      "Net Income Including Noncontrolling Interests": null,
      "Net Income Continuous Operations": null,
      "Tax Provision": null,
      "Pretax Income": null,
      "Other Income Expense": null,
      "Other Non Operating Income Expenses": -8737000000.0,
      "Special Income Charges": null,
      "Gain On Sale Of Ppe": null,
      "Gain On Sale Of Business": null,
      "Restructuring And Mergern Acquisition": 0.0,
      "Earnings From Equity Interest": null,
      "Gain On Sale Of Security": null,
      "Net Non Operating Interest Income Expense": null,
      "Total Other Finance Cost": null,
      "Interest Expense Non Operating": null,
      "Interest Income Non Operating": null,
      "Operating Income": null,
      "Operating Expense": null,
      "Other Operating Expenses": null,
      "Selling General And Administration": null,
      "Gross Profit": null,
      "Cost Of Revenue": null,
      "Total Revenue": null,
      "Operating Revenue": null
    }
  },
  "quarterly_income": {
    "2025-12-31T00:00:00": {
      "Tax Effect Of Unusual Items": 0.0,
      "Tax Rate For Calcs": 0.23941,
      "Normalized EBITDA": 809575000000.0,
      "Net Income From Continuing Operation Net Minority Interest": 377324000000.0,
      "Reconciled Depreciation": 277932000000.0,
      "Reconciled Cost Of Revenue": 2657637000000.0,
      "EBITDA": 809575000000.0,
      "EBIT": 531643000000.0,
      "Net Interest Income": -14832000000.0,
      "Interest Expense": 31434000000.0,
      "Interest Income": 16602000000.0,
      "Normalized Income": 377324000000.0,
      "Net Income From Continuing And Discontinued Operation": -1008612000000.0,
      "Total Expenses": 3203577000000.0,
      "Total Operating Income As Reported": 515041000000.0,
      "Diluted Average Shares": 6006497000.0,
      "Basic Average Shares": 5966945000.0,
      "Diluted EPS": -169.03,
      "Basic EPS": -169.03,
      "Diluted NI Availto Com Stockholders": -1008612000000.0,
      "Net Income Common Stockholders": -1008612000000.0,
      "Net Income": -1008612000000.0,
      "Minority Interests": -3130000000.0,
      "Net Income Including Noncontrolling Interests": -1005482000000.0,
      "Net Income Discontinuous Operations": -1385936000000.0,
      "Net Income Continuous Operations": 380454000000.0,
      "Tax Provision": 119755000000.0,
      "Pretax Income": 500209000000.0,
      "Other Income Expense": 4937000000.0,
      "Earnings From Equity Interest": 4937000000.0,
      "Net Non Operating Interest Income Expense": -14832000000.0,
      "Interest Expense Non Operating": 31434000000.0,
      "Interest Income Non Operating": 16602000000.0,
      "Operating Income": 510104000000.0,
      "Operating Expense": 545940000000.0,
      "Other Operating Expenses": -37726000000.0,
      "Selling General And Administration": 583666000000.0,
      "Gross Profit": 1056044000000.0,
      "Cost Of Revenue": 2657637000000.0,
      "Total Revenue": 3713681000000.0,
      "Operating Revenue": 3713681000000.0
    },
    "2025-09-30T00:00:00": {
      "Tax Effect Of Unusual Items": 0.0,
      "Tax Rate For Calcs": 0.279232,
      "Normalized EBITDA": 742607000000.0,
      "Net Income From Continuing Operation Net Minority Interest": 311425000000.0,
      "Reconciled Depreciation": 282180000000.0,
      "Reconciled Cost Of Revenue": 2100373000000.0,
      "EBITDA": 742607000000.0,
      "EBIT": 460427000000.0,
      "Net Interest Income": 12787000000.0,
      "Interest Expense": 18666000000.0,
      "Interest Income": 31453000000.0,
      "Normalized Income": 311425000000.0,
      "Net Income From Continuing And Discontinued Operation": 361968000000.0,
      "Total Expenses": 2677286000000.0,
      "Total Operating Income As Reported": 428974000000.0,
      "Diluted Average Shares": 6022680000.0,
      "Basic Average Shares": 5984979000.0,
      "Diluted EPS": 60.1,
      "Basic EPS": 60.48,
      "Diluted NI Availto Com Stockholders": 361968000000.0,
      "Net Income Common Stockholders": 361968000000.0,
      "Net Income": 361968000000.0,
      "Minority Interests": -6982000000.0,
      "Net Income Including Noncontrolling Interests": 368950000000.0,
      "Net Income Discontinuous Operations": 50543000000.0,
      "Net Income Continuous Operations": 318407000000.0,
      "Tax Provision": 123354000000.0,
      "Pretax Income": 441761000000.0,
      "Other Income Expense": -1647000000.0,
      "Earnings From Equity Interest": -1647000000.0,
      "Net Non Operating Interest Income Expense": 12787000000.0,
      "Interest Expense Non Operating": 18666000000.0,
      "Interest Income Non Operating": 31453000000.0,
      "Operating Income": 430621000000.0,
      "Operating Expense": 576913000000.0,
      "Other Operating Expenses": 23964000000.0,
      "Selling General And Administration": 552949000000.0,
      "Gross Profit": 1007534000000.0,
      "Cost Of Revenue": 2100373000000.0,
      "Total Revenue": 3107907000000.0,
      "Operating Revenue": 3107907000000.0
    },
    "2025-06-30T00:00:00": {
      "Tax Effect Of Unusual Items": 0.0,
      "Tax Rate For Calcs": 0.262986,
      "Normalized EBITDA": 666008000000.0,
      "Net Income From Continuing Operation Net Minority Interest": 259027000000.0,
      "Reconciled Depreciation": 274399000000.0,
      "Reconciled Cost Of Revenue": 1775067000000.0,
      "EBITDA": 666008000000.0,
      "EBIT": 391609000000.0,
      "Net Interest Income": 16646000000.0,
      "Interest Expense": 35008000000.0,
      "Interest Income": 51654000000.0,
      "Normalized Income": 259027000000.0,
      "Net Income From Continuing And Discontinued Operation": 236909000000.0,
      "Total Expenses": 2279949000000.0,
      "Total Operating Income As Reported": 339955000000.0,
      "Diluted Average Shares": 6046910000.0,
      "Basic Average Shares": 6013191000.0,
      "Diluted EPS": 39.18,
      "Basic EPS": 39.4,
      "Diluted NI Availto Com Stockholders": 236909000000.0,
      "Net Income Common Stockholders": 236909000000.0,
      "Net Income": 236909000000.0,
      "Minority Interests": -3793000000.0,
      "Net Income Including Noncontrolling Interests": 240702000000.0,
      "Net Income Discontinuous Operations": -22118000000.0,
      "Net Income Continuous Operations": 262820000000.0,
      "Tax Provision": 93781000000.0,
      "Pretax Income": 356601000000.0,
      "Other Income Expense": -1711000000.0,
      "Earnings From Equity Interest": -1711000000.0,
      "Net Non Operating Interest Income Expense": 16646000000.0,
      "Interest Expense Non Operating": 35008000000.0,
      "Interest Income Non Operating": 51654000000.0,
      "Operating Income": 341666000000.0,
      "Operating Expense": 504882000000.0,
      "Other Operating Expenses": -9920000000.0,
      "Selling General And Administration": 514802000000.0,
      "Gross Profit": 846548000000.0,
      "Cost Of Revenue": 1775067000000.0,
      "Total Revenue": 2621615000000.0,
      "Operating Revenue": 2621615000000.0
    },
    "2025-03-31T00:00:00": {
      "Tax Effect Of Unusual Items": 0.0,
      "Tax Rate For Calcs": 0.018334,
      "Normalized EBITDA": 508371000000.0,
      "Net Income From Continuing Operation Net Minority Interest": 197727000000.0,
      "Reconciled Depreciation": 305141000000.0,
      "Reconciled Cost Of Revenue": 1815305000000.0,
      "EBITDA": 508371000000.0,
      "EBIT": 203230000000.0,
      "Net Interest Income": -68333000000.0,
      "Interest Expense": -9329000000.0,
      "Interest Income": -56933000000.0,
      "Normalized Income": 197727000000.0,
      "Net Income From Continuing And Discontinued Operation": 197727000000.0,
      "Total Expenses": 2426190000000.0,
      "Total Operating Income As Reported": 203649000000.0,
      "Diluted Average Shares": 6059041000.0,
      "Basic Average Shares": 6026889000.0,
      "Diluted EPS": 32.63,
      "Basic EPS": 32.81,
      "Diluted NI Availto Com Stockholders": 197727000000.0,
      "Net Income Common Stockholders": 197727000000.0,
      "Net Income": 197727000000.0,
      "Minority Interests": -10935000000.0,
      "Net Income Including Noncontrolling Interests": 208662000000.0,
      "Net Income Discontinuous Operations": null,
      "Net Income Continuous Operations": 208662000000.0,
      "Tax Provision": 3897000000.0,
      "Pretax Income": 212559000000.0,
      "Other Income Expense": 76838000000.0,
      "Earnings From Equity Interest": -2729000000.0,
      "Net Non Operating Interest Income Expense": -68333000000.0,
      "Interest Expense Non Operating": -9329000000.0,
      "Interest Income Non Operating": -56933000000.0,
      "Operating Income": 204054000000.0,
      "Operating Expense": 610885000000.0,
      "Other Operating Expenses": 11661000000.0,
      "Selling General And Administration": 599224000000.0,
      "Gross Profit": 814939000000.0,
      "Cost Of Revenue": 1815305000000.0,
      "Total Revenue": 2630244000000.0,
      "Operating Revenue": 2630244000000.0
    },
    "2024-12-31T00:00:00": {
      "Tax Effect Of Unusual Items": 0.0,
      "Tax Rate For Calcs": 0.234041,
      "Normalized EBITDA": 756739000000.0,
      "Net Income From Continuing Operation Net Minority Interest": 341080000000.0,
      "Reconciled Depreciation": 291828000000.0,
      "Reconciled Cost Of Revenue": 2695564000000.0,
      "EBITDA": 756739000000.0,
      "EBIT": 464911000000.0,
      "Net Interest Income": 24722000000.0,
      "Interest Expense": 17220000000.0,
      "Interest Income": 41942000000.0,
      "Normalized Income": 341080000000.0,
      "Net Income From Continuing And Discontinued Operation": 373739000000.0,
      "Total Expenses": 3266290000000.0,
      "Total Operating Income As Reported": 422969000000.0,
      "Diluted Average Shares": 6045926000.0,
      "Basic Average Shares": 6021151000.0,
      "Diluted EPS": 61.82,
      "Basic EPS": 62.07,
      "Diluted NI Availto Com Stockholders": 373739000000.0,
      "Net Income Common Stockholders": 373739000000.0,
      "Net Income": 373739000000.0,
      "Minority Interests": -1833000000.0,
      "Net Income Including Noncontrolling Interests": 375572000000.0,
      "Net Income Discontinuous Operations": 32659000000.0,
      "Net Income Continuous Operations": 342913000000.0,
      "Tax Provision": 104778000000.0,
      "Pretax Income": 447691000000.0,
      "Other Income Expense": -4135000000.0,
      "Earnings From Equity Interest": -4135000000.0,
      "Net Non Operating Interest Income Expense": 24722000000.0,
      "Interest Expense Non Operating": 17220000000.0,
      "Interest Income Non Operating": 41942000000.0,
      "Operating Income": 427104000000.0,
      "Operating Expense": 570726000000.0,
      "Other Operating Expenses": -6028000000.0,
      "Selling General And Administration": 576754000000.0,
      "Gross Profit": 997830000000.0,
      "Cost Of Revenue": 2695564000000.0,
      "Total Revenue": 3693394000000.0,
      "Operating Revenue": 3693394000000.0
    },
    "2024-09-30T00:00:00": {
      "Tax Effect Of Unusual Items": null,
      "Tax Rate For Calcs": null,
      "Normalized EBITDA": null,
      "Net Income From Continuing Operation Net Minority Interest": null,
      "Reconciled Depreciation": null,
      "Reconciled Cost Of Revenue": null,
      "EBITDA": null,
      "EBIT": null,
      "Net Interest Income": null,
      "Interest Expense": null,
      "Interest Income": null,
      "Normalized Income": null,
      "Net Income From Continuing And Discontinued Operation": null,
      "Total Expenses": null,
      "Total Operating Income As Reported": null,
      "Diluted Average Shares": null,
      "Basic Average Shares": null,
      "Diluted EPS": null,
      "Basic EPS": null,
      "Diluted NI Availto Com Stockholders": null,
      "Net Income Common Stockholders": null,
      "Net Income": null,
      "Minority Interests": null,
      "Net Income Including Noncontrolling Interests": null,
      "Net Income Discontinuous Operations": 46740000000.0,
      "Net Income Continuous Operations": null,
      "Tax Provision": null,
      "Pretax Income": null,
      "Other Income Expense": null,
      "Earnings From Equity Interest": null,
      "Net Non Operating Interest Income Expense": null,
      "Interest Expense Non Operating": null,
      "Interest Income Non Operating": null,
      "Operating Income": null,
      "Operating Expense": null,
      "Other Operating Expenses": null,
      "Selling General And Administration": null,
      "Gross Profit": null,
      "Cost Of Revenue": null,
      "Total Revenue": null,
      "Operating Revenue": null
    }
  },
  "balance_sheet": {
    "2025-03-31T00:00:00": {
      "Treasury Shares Number": 124806850.0,
      "Ordinary Shares Number": 6025003795.0,
      "Share Issued": 6149810645.0,
      "Net Debt": 1217290000000.0,
      "Total Debt": 4198246000000.0,
      "Tangible Book Value": 3750764000000.0,
      "Invested Capital": 12377991000000.0,
      "Working Capital": -3233800000000.0,
      "Net Tangible Assets": 3750764000000.0,
      "Capital Lease Obligations": null,
      "Common Stock Equity": 8179745000000.0,
      "Total Capitalization": 10246587000000.0,
      "Total Equity Gross Minority Interest": 8510151000000.0,
      "Minority Interest": 330406000000.0,
      "Stockholders Equity": 8179745000000.0,
      "Gains Losses Not Affecting Retained Earnings": -566447000000.0,
      "Other Equity Adjustments": -566447000000.0,
      "Foreign Currency Translation Adjustments": null,
      "Minimum Pension Liabilities": null,
      "Unrealized Gain Loss": null,
      "Treasury Stock": 296860000000.0,
      "Retained Earnings": 6678168000000.0,
      "Additional Paid In Capital": 1483527000000.0,
      "Capital Stock": 881357000000.0,
      "Common Stock": 881357000000.0,
      "Total Liabilities Net Minority Interest": 26783022000000.0,
      "Total Non Current Liabilities Net Minority Interest": 16094234000000.0,
      "Other Non Current Liabilities": 925917000000.0,
      "Preferred Securities Outside Stock Equity": null,
      "Employee Benefits": 236941000000.0,
      "Non Current Pension And Other Postretirement Benefit Plans": 236941000000.0,
      "Non Current Deferred Liabilities": 12864534000000.0,
      "Non Current Deferred Revenue": 12689306000000.0,
      "Non Current Deferred Taxes Liabilities": 175228000000.0,
      "Long Term Debt And Capital Lease Obligation": 2066842000000.0,
      "Long Term Capital Lease Obligation": null,
      "Long Term Debt": 2066842000000.0,
      "Current Liabilities": 10688788000000.0,
      "Other Current Liabilities": 2386562000000.0,
      "Current Deferred Liabilities": 3981193000000.0,
      "Current Deferred Revenue": 3981193000000.0,
      "Current Debt And Capital Lease Obligation": 2131404000000.0,
      "Current Capital Lease Obligation": null,
      "Current Debt": 2131404000000.0,
      "Other Current Borrowings": 2131404000000.0,
      "Payables And Accrued Expenses": 2189629000000.0,
      "Payables": 2189629000000.0,
      "Other Payable": null,
      "Total Tax Payable": 89485000000.0,
      "Income Tax Payable": 89485000000.0,
      "Accounts Payable": 2100144000000.0,
      "Total Assets": 35293173000000.0,
      "Total Non Current Assets": 27838185000000.0,
      "Other Non Current Assets": 3363123000000.0,
      "Non Current Deferred Assets": 559284000000.0,
      "Non Current Deferred Taxes Assets": 559284000000.0,
      "Investments And Advances": 17451452000000.0,
      "Other Investments": null,
      "Investmentin Financial Assets": 17103734000000.0,
      "Available For Sale Securities": 17103734000000.0,
      "Long Term Equity Investment": 347718000000.0,
      "Investmentsin Associatesat Cost": null,
      "Goodwill And Other Intangible Assets": 4428981000000.0,
      "Other Intangible Assets": 2920260000000.0,
      "Goodwill": 1508721000000.0,
      "Net PPE": 2035345000000.0,
      "Accumulated Depreciation": -2547708000000.0,
      "Gross PPE": 4583053000000.0,
      "Construction In Progress": 159963000000.0,
      "Other Properties": 56147000000.0,
      "Machinery Furniture Equipment": 2719283000000.0,
      "Buildings And Improvements": 1539713000000.0,
      "Land And Improvements": 107947000000.0,
      "Properties": 0.0,
      "Current Assets": 7454988000000.0,
      "Other Current Assets": 621209000000.0,
      "Restricted Cash": 131544000000.0,
      "Prepaid Assets": null,
      "Inventory": 1310770000000.0,
      "Finished Goods": 837759000000.0,
      "Work In Process": 314011000000.0,
      "Raw Materials": 159000000000.0,
      "Receivables": 1943184000000.0,
      "Other Receivables": null,
      "Notes Receivable": null,
      "Accounts Receivable": 1943184000000.0,
      "Cash Cash Equivalents And Short Term Investments": 3448281000000.0,
      "Other Short Term Investments": 467325000000.0,
      "Cash And Cash Equivalents": 2980956000000.0,
      "Cash Equivalents": 1095844000000.0,
      "Cash Financial": 1885112000000.0
    },
    "2024-03-31T00:00:00": {
      "Treasury Shares Number": 198915015.0,
      "Ordinary Shares Number": 6107244430.0,
      "Share Issued": 6306159445.0,
      "Net Debt": 2181320000000.0,
      "Total Debt": 4088433000000.0,
      "Tangible Book Value": 3556362000000.0,
      "Invested Capital": 11675610000000.0,
      "Working Capital": -3415239000000.0,
      "Net Tangible Assets": 3556362000000.0,
      "Capital Lease Obligations": null,
      "Common Stock Equity": 7587177000000.0,
      "Total Capitalization": 9645294000000.0,
      "Total Equity Gross Minority Interest": 7756105000000.0,
      "Minority Interest": 168928000000.0,
      "Stockholders Equity": 7587177000000.0,
      "Gains Losses Not Affecting Retained Earnings": -376063000000.0,
      "Other Equity Adjustments": -376063000000.0,
      "Foreign Currency Translation Adjustments": null,
      "Minimum Pension Liabilities": null,
      "Unrealized Gain Loss": null,
      "Treasury Stock": 403934000000.0,
      "Retained Earnings": 6002407000000.0,
      "Additional Paid In Capital": 1483410000000.0,
      "Capital Stock": 881357000000.0,
      "Common Stock": 881357000000.0,
      "Total Liabilities Net Minority Interest": 26351385000000.0,
      "Total Non Current Liabilities Net Minority Interest": 16159340000000.0,
      "Other Non Current Liabilities": 755221000000.0,
      "Preferred Securities Outside Stock Equity": null,
      "Employee Benefits": 247583000000.0,
      "Non Current Pension And Other Postretirement Benefit Plans": 247583000000.0,
      "Non Current Deferred Liabilities": 13098419000000.0,
      "Non Current Deferred Revenue": 12931995000000.0,
      "Non Current Deferred Taxes Liabilities": 166424000000.0,
      "Long Term Debt And Capital Lease Obligation": 2058117000000.0,
      "Long Term Capital Lease Obligation": null,
      "Long Term Debt": 2058117000000.0,
      "Current Liabilities": 10192045000000.0,
      "Other Current Liabilities": 2274183000000.0,
      "Current Deferred Liabilities": 3670567000000.0,
      "Current Deferred Revenue": 3670567000000.0,
      "Current Debt And Capital Lease Obligation": 2030316000000.0,
      "Current Capital Lease Obligation": null,
      "Current Debt": 2030316000000.0,
      "Other Current Borrowings": 2030316000000.0,
      "Payables And Accrued Expenses": 2216979000000.0,
      "Payables": 2216979000000.0,
      "Other Payable": null,
      "Total Tax Payable": 152074000000.0,
      "Income Tax Payable": 152074000000.0,
      "Accounts Payable": 2064905000000.0,
      "Total Assets": 34107490000000.0,
      "Total Non Current Assets": 27330684000000.0,
      "Other Non Current Assets": 2893770000000.0,
      "Non Current Deferred Assets": 499550000000.0,
      "Non Current Deferred Taxes Assets": 499550000000.0,
      "Investments And Advances": 17880514000000.0,
      "Other Investments": null,
      "Investmentin Financial Assets": 17456770000000.0,
      "Available For Sale Securities": 17456770000000.0,
      "Long Term Equity Investment": 423744000000.0,
      "Investmentsin Associatesat Cost": null,
      "Goodwill And Other Intangible Assets": 4030815000000.0,
      "Other Intangible Assets": 2543715000000.0,
      "Goodwill": 1487100000000.0,
      "Net PPE": 2026035000000.0,
      "Accumulated Depreciation": -2333562000000.0,
      "Gross PPE": 4359597000000.0,
      "Construction In Progress": 185287000000.0,
      "Other Properties": 64072000000.0,
      "Machinery Furniture Equipment": 2551174000000.0,
      "Buildings And Improvements": 1458266000000.0,
      "Land And Improvements": 100798000000.0,
      "Properties": 0.0,
      "Current Assets": 6776806000000.0,
      "Other Current Assets": 669335000000.0,
      "Restricted Cash": 100551000000.0,
      "Prepaid Assets": null,
      "Inventory": 1518644000000.0,
      "Finished Goods": 1028359000000.0,
      "Work In Process": 314020000000.0,
      "Raw Materials": 176265000000.0,
      "Receivables": 2158196000000.0,
      "Other Receivables": null,
      "Notes Receivable": null,
      "Accounts Receivable": 2158196000000.0,
      "Cash Cash Equivalents And Short Term Investments": 2330080000000.0,
      "Other Short Term Investments": 422967000000.0,
      "Cash And Cash Equivalents": 1907113000000.0,
      "Cash Equivalents": 371637000000.0,
      "Cash Financial": 1535476000000.0
    },
    "2023-03-31T00:00:00": {
      "Treasury Shares Number": 132921105.0,
      "Ordinary Shares Number": 6172487800.0,
      "Share Issued": 6305408905.0,
      "Net Debt": 2389672000000.0,
      "Total Debt": 3870572000000.0,
      "Tangible Book Value": 3197701000000.0,
      "Invested Capital": 10469109000000.0,
      "Working Capital": -3595877000000.0,
      "Net Tangible Assets": 3197701000000.0,
      "Capital Lease Obligations": 192952000000.0,
      "Common Stock Equity": 6598537000000.0,
      "Total Capitalization": 8366233000000.0,
      "Total Equity Gross Minority Interest": 6657150000000.0,
      "Minority Interest": 58613000000.0,
      "Stockholders Equity": 6598537000000.0,
      "Gains Losses Not Affecting Retained Earnings": -614570000000.0,
      "Other Equity Adjustments": -614570000000.0,
      "Foreign Currency Translation Adjustments": null,
      "Minimum Pension Liabilities": null,
      "Unrealized Gain Loss": null,
      "Treasury Stock": 223507000000.0,
      "Retained Earnings": 5092442000000.0,
      "Additional Paid In Capital": 1463807000000.0,
      "Capital Stock": 880365000000.0,
      "Common Stock": 880365000000.0,
      "Total Liabilities Net Minority Interest": 24496945000000.0,
      "Total Non Current Liabilities Net Minority Interest": 15178536000000.0,
      "Other Non Current Liabilities": 692125000000.0,
      "Preferred Securities Outside Stock Equity": null,
      "Employee Benefits": 236121000000.0,
      "Non Current Pension And Other Postretirement Benefit Plans": 236121000000.0,
      "Non Current Deferred Liabilities": 12482594000000.0,
      "Non Current Deferred Revenue": 12364973000000.0,
      "Non Current Deferred Taxes Liabilities": 117621000000.0,
      "Long Term Debt And Capital Lease Obligation": 1767696000000.0,
      "Long Term Capital Lease Obligation": 192952000000.0,
      "Long Term Debt": 1767696000000.0,
      "Current Liabilities": 9318409000000.0,
      "Other Current Liabilities": 2031652000000.0,
      "Current Deferred Liabilities": 3163237000000.0,
      "Current Deferred Revenue": 3163237000000.0,
      "Current Debt And Capital Lease Obligation": 2102876000000.0,
      "Current Capital Lease Obligation": null,
      "Current Debt": 2102876000000.0,
      "Other Current Borrowings": 2102876000000.0,
      "Payables And Accrued Expenses": 2020644000000.0,
      "Payables": 2020644000000.0,
      "Other Payable": null,
      "Total Tax Payable": 154543000000.0,
      "Income Tax Payable": 154543000000.0,
      "Accounts Payable": 1866101000000.0,
      "Total Assets": 31154095000000.0,
      "Total Non Current Assets": 25431563000000.0,
      "Other Non Current Assets": 2846814000000.0,
      "Non Current Deferred Assets": 393107000000.0,
      "Non Current Deferred Taxes Assets": 393107000000.0,
      "Investments And Advances": 16967879000000.0,
      "Other Investments": null,
      "Investmentin Financial Assets": 16642659000000.0,
      "Available For Sale Securities": 16642659000000.0,
      "Long Term Equity Investment": 325220000000.0,
      "Investmentsin Associatesat Cost": null,
      "Goodwill And Other Intangible Assets": 3400836000000.0,
      "Other Intangible Assets": 2125724000000.0,
      "Goodwill": 1275112000000.0,
      "Net PPE": 1822927000000.0,
      "Accumulated Depreciation": -2058892000000.0,
      "Gross PPE": 3881819000000.0,
      "Construction In Progress": 201299000000.0,
      "Other Properties": 49762000000.0,
      "Machinery Furniture Equipment": 2202010000000.0,
      "Buildings And Improvements": 1334219000000.0,
      "Land And Improvements": 94529000000.0,
      "Properties": 0.0,
      "Current Assets": 5722532000000.0,
      "Other Current Assets": 563334000000.0,
      "Restricted Cash": 85494000000.0,
      "Prepaid Assets": null,
      "Inventory": 1468042000000.0,
      "Finished Goods": 1028614000000.0,
      "Work In Process": 244140000000.0,
      "Raw Materials": 195288000000.0,
      "Receivables": 1770948000000.0,
      "Other Receivables": null,
      "Notes Receivable": null,
      "Accounts Receivable": 1770948000000.0,
      "Cash Cash Equivalents And Short Term Investments": 1834714000000.0,
      "Other Short Term Investments": 353814000000.0,
      "Cash And Cash Equivalents": 1480900000000.0,
      "Cash Equivalents": 253359000000.0,
      "Cash Financial": 1227541000000.0
    },
    "2022-03-31T00:00:00": {
      "Treasury Shares Number": 120390680.0,
      "Ordinary Shares Number": 6185018225.0,
      "Share Issued": 6305408905.0,
      "Net Debt": 1301972000000.0,
      "Total Debt": 3351608000000.0,
      "Tangible Book Value": 2908760000000.0,
      "Invested Capital": 9005412000000.0,
      "Working Capital": -3281889000000.0,
      "Net Tangible Assets": 2908760000000.0,
      "Capital Lease Obligations": 220113000000.0,
      "Common Stock Equity": 5653804000000.0,
      "Total Capitalization": 6857450000000.0,
      "Total Equity Gross Minority Interest": 5706582000000.0,
      "Minority Interest": 52778000000.0,
      "Stockholders Equity": 5653804000000.0,
      "Gains Losses Not Affecting Retained Earnings": -677989000000.0,
      "Other Equity Adjustments": -677989000000.0,
      "Foreign Currency Translation Adjustments": null,
      "Minimum Pension Liabilities": null,
      "Unrealized Gain Loss": null,
      "Treasury Stock": 180042000000.0,
      "Retained Earnings": 4170417000000.0,
      "Additional Paid In Capital": 1461053000000.0,
      "Capital Stock": 880365000000.0,
      "Common Stock": 880365000000.0,
      "Total Liabilities Net Minority Interest": 23945373000000.0,
      "Total Non Current Liabilities Net Minority Interest": 15179708000000.0,
      "Other Non Current Liabilities": 558057000000.0,
      "Preferred Securities Outside Stock Equity": null,
      "Employee Benefits": 254548000000.0,
      "Non Current Pension And Other Postretirement Benefit Plans": 254548000000.0,
      "Non Current Deferred Liabilities": 13163457000000.0,
      "Non Current Deferred Revenue": 13042875000000.0,
      "Non Current Deferred Taxes Liabilities": 120582000000.0,
      "Long Term Debt And Capital Lease Obligation": 1203646000000.0,
      "Long Term Capital Lease Obligation": 220113000000.0,
      "Long Term Debt": 1203646000000.0,
      "Current Liabilities": 8765665000000.0,
      "Other Current Liabilities": 1782567000000.0,
      "Current Deferred Liabilities": 2886361000000.0,
      "Current Deferred Revenue": 2886361000000.0,
      "Current Debt And Capital Lease Obligation": 2147962000000.0,
      "Current Capital Lease Obligation": null,
      "Current Debt": 2147962000000.0,
      "Other Current Borrowings": 2147962000000.0,
      "Payables And Accrued Expenses": 1948775000000.0,
      "Payables": 1948775000000.0,
      "Other Payable": null,
      "Total Tax Payable": 105437000000.0,
      "Income Tax Payable": 105437000000.0,
      "Accounts Payable": 1843338000000.0,
      "Total Assets": 29651955000000.0,
      "Total Non Current Assets": 24168179000000.0,
      "Other Non Current Assets": 3079740000000.0,
      "Non Current Deferred Assets": 300924000000.0,
      "Non Current Deferred Taxes Assets": 300924000000.0,
      "Investments And Advances": 16515828000000.0,
      "Other Investments": null,
      "Investmentin Financial Assets": 16247315000000.0,
      "Available For Sale Securities": 16247315000000.0,
      "Long Term Equity Investment": 268513000000.0,
      "Investmentsin Associatesat Cost": null,
      "Goodwill And Other Intangible Assets": 2745044000000.0,
      "Other Intangible Assets": 1792149000000.0,
      "Goodwill": 952895000000.0,
      "Net PPE": 1526643000000.0,
      "Accumulated Depreciation": -1897657000000.0,
      "Gross PPE": 3424300000000.0,
      "Construction In Progress": 145940000000.0,
      "Other Properties": 20362000000.0,
      "Machinery Furniture Equipment": 1953985000000.0,
      "Buildings And Improvements": 1208053000000.0,
      "Land And Improvements": 95960000000.0,
      "Properties": 0.0,
      "Current Assets": 5483776000000.0,
      "Other Current Assets": 428522000000.0,
      "Restricted Cash": 94147000000.0,
      "Prepaid Assets": null,
      "Inventory": 874007000000.0,
      "Finished Goods": 533612000000.0,
      "Work In Process": 163206000000.0,
      "Raw Materials": 177189000000.0,
      "Receivables": 1621629000000.0,
      "Other Receivables": null,
      "Notes Receivable": null,
      "Accounts Receivable": 1621629000000.0,
      "Cash Cash Equivalents And Short Term Investments": 2465471000000.0,
      "Other Short Term Investments": 415835000000.0,
      "Cash And Cash Equivalents": 2049636000000.0,
      "Cash Equivalents": 224724000000.0,
      "Cash Financial": 1824912000000.0
    },
    "2021-03-31T00:00:00": {
      "Treasury Shares Number": null,
      "Ordinary Shares Number": null,
      "Share Issued": null,
      "Net Debt": null,
      "Total Debt": null,
      "Tangible Book Value": null,
      "Invested Capital": null,
      "Working Capital": null,
      "Net Tangible Assets": null,
      "Capital Lease Obligations": 116537000000.0,
      "Common Stock Equity": null,
      "Total Capitalization": null,
      "Total Equity Gross Minority Interest": null,
      "Minority Interest": null,
      "Stockholders Equity": null,
      "Gains Losses Not Affecting Retained Earnings": null,
      "Other Equity Adjustments": null,
      "Foreign Currency Translation Adjustments": -404529000000.0,
      "Minimum Pension Liabilities": -223468000000.0,
      "Unrealized Gain Loss": 101305000000.0,
      "Treasury Stock": null,
      "Retained Earnings": null,
      "Additional Paid In Capital": null,
      "Capital Stock": null,
      "Common Stock": null,
      "Total Liabilities Net Minority Interest": null,
      "Total Non Current Liabilities Net Minority Interest": null,
      "Other Non Current Liabilities": null,
      "Preferred Securities Outside Stock Equity": 8179000000.0,
      "Employee Benefits": null,
      "Non Current Pension And Other Postretirement Benefit Plans": null,
      "Non Current Deferred Liabilities": null,
      "Non Current Deferred Revenue": null,
      "Non Current Deferred Taxes Liabilities": null,
      "Long Term Debt And Capital Lease Obligation": null,
      "Long Term Capital Lease Obligation": 116537000000.0,
      "Long Term Debt": null,
      "Current Liabilities": null,
      "Other Current Liabilities": null,
      "Current Deferred Liabilities": null,
      "Current Deferred Revenue": null,
      "Current Debt And Capital Lease Obligation": null,
      "Current Capital Lease Obligation": 73362000000.0,
      "Current Debt": null,
      "Other Current Borrowings": null,
      "Payables And Accrued Expenses": null,
      "Payables": null,
      "Other Payable": 1756833000000.0,
      "Total Tax Payable": null,
      "Income Tax Payable": null,
      "Accounts Payable": null,
      "Total Assets": null,
      "Total Non Current Assets": null,
      "Other Non Current Assets": null,
      "Non Current Deferred Assets": null,
      "Non Current Deferred Taxes Assets": null,
      "Investments And Advances": null,
      "Other Investments": -8419000000.0,
      "Investmentin Financial Assets": null,
      "Available For Sale Securities": null,
      "Long Term Equity Investment": null,
      "Investmentsin Associatesat Cost": 226218000000.0,
      "Goodwill And Other Intangible Assets": null,
      "Other Intangible Assets": null,
      "Goodwill": null,
      "Net PPE": null,
      "Accumulated Depreciation": null,
      "Gross PPE": null,
      "Construction In Progress": null,
      "Other Properties": null,
      "Machinery Furniture Equipment": null,
      "Buildings And Improvements": null,
      "Land And Improvements": null,
      "Properties": null,
      "Current Assets": null,
      "Other Current Assets": null,
      "Restricted Cash": null,
      "Prepaid Assets": 538540000000.0,
      "Inventory": null,
      "Finished Goods": null,
      "Work In Process": null,
      "Raw Materials": null,
      "Receivables": null,
      "Other Receivables": 283499000000.0,
      "Notes Receivable": 1069894000000.0,
      "Accounts Receivable": null,
      "Cash Cash Equivalents And Short Term Investments": null,
      "Other Short Term Investments": null,
      "Cash And Cash Equivalents": null,
      "Cash Equivalents": null,
      "Cash Financial": null
    }
  },
  "cashflow": {
    "2025-03-31T00:00:00": {
      "Free Cash Flow": 1674148000000.0,
      "Repurchase Of Capital Stock": -285548000000.0,
      "Repayment Of Debt": -181085000000.0,
      "Issuance Of Debt": 139298000000.0,
      "Capital Expenditure": -647527000000.0,
      "Interest Paid Supplemental Data": 113260000000.0,
      "Income Tax Paid Supplemental Data": null,
      "End Cash Position": 2980956000000.0,
      "Other Cash Adjustment Outside Changein Cash": null,
      "Beginning Cash Position": 1907113000000.0,
      "Effect Of Exchange Rate Changes": -19469000000.0,
      "Changes In Cash": 1093312000000.0,
      "Financing Cash Flow": -298243000000.0,
      "Cash Flow From Continuing Financing Activities": -298243000000.0,
      "Net Other Financing Charges": 172930000000.0,
      "Cash Dividends Paid": -115253000000.0,
      "Common Stock Dividend Paid": -115253000000.0,
      "Net Common Stock Issuance": -285548000000.0,
      "Common Stock Payments": -285548000000.0,
      "Net Issuance Payments Of Debt": -70372000000.0,
      "Net Short Term Debt Issuance": -28585000000.0,
      "Short Term Debt Payments": null,
      "Short Term Debt Issuance": null,
      "Net Long Term Debt Issuance": -41787000000.0,
      "Long Term Debt Payments": -181085000000.0,
      "Long Term Debt Issuance": 139298000000.0,
      "Investing Cash Flow": -930120000000.0,
      "Cash Flow From Continuing Investing Activities": -930120000000.0,
      "Net Other Investing Changes": 48334000000.0,
      "Net Investment Purchase And Sale": -51996000000.0,
      "Sale Of Investment": 46540000000.0,
      "Purchase Of Investment": -98536000000.0,
      "Net Business Purchase And Sale": -294417000000.0,
      "Sale Of Business": 0.0,
      "Purchase Of Business": -294417000000.0,
      "Net PPE Purchase And Sale": -632041000000.0,
      "Sale Of PPE": 15486000000.0,
      "Purchase Of PPE": -647527000000.0,
      "Operating Cash Flow": 2321675000000.0,
      "Cash Flow From Continuing Operating Activities": 2321675000000.0,
      "Taxes Refund Paid": -300529000000.0,
      "Change In Working Capital": 35432000000.0,
      "Change In Other Working Capital": 974763000000.0,
      "Change In Other Current Liabilities": 99551000000.0,
      "Change In Other Current Assets": -1588912000000.0,
      "Change In Payables And Accrued Expense": 121491000000.0,
      "Change In Accrued Expense": null,
      "Change In Payable": 121491000000.0,
      "Change In Account Payable": 136952000000.0,
      "Change In Tax Payable": -15461000000.0,
      "Change In Income Tax Payable": -15461000000.0,
      "Change In Inventory": 199916000000.0,
      "Change In Receivables": 228623000000.0,
      "Other Non Cash Items": 17384000000.0,
      "Unrealized Gain Loss On Investment Securities": null,
      "Deferred Tax": null,
      "Deferred Income Tax": null,
      "Depreciation Amortization Depletion": 1152987000000.0,
      "Depreciation And Amortization": 1152987000000.0,
      "Amortization Cash Flow": null,
      "Amortization Of Intangibles": null,
      "Depreciation": null,
      "Operating Gains Losses": -57325000000.0,
      "Pension And Employee Benefit Expense": null,
      "Earnings Losses From Equity Investments": 20741000000.0,
      "Gain Loss On Investment Securities": -75742000000.0,
      "Gain Loss On Sale Of PPE": 16102000000.0,
      "Gain Loss On Sale Of Business": -18426000000.0,
      "Net Income From Continuing Operations": 1473726000000.0
    },
    "2024-03-31T00:00:00": {
      "Free Cash Flow": 749267000000.0,
      "Repurchase Of Capital Stock": -202974000000.0,
      "Repayment Of Debt": -128150000000.0,
      "Issuance Of Debt": 225176000000.0,
      "Capital Expenditure": -623946000000.0,
      "Interest Paid Supplemental Data": 97524000000.0,
      "Income Tax Paid Supplemental Data": null,
      "End Cash Position": 1907113000000.0,
      "Other Cash Adjustment Outside Changein Cash": null,
      "Beginning Cash Position": 1480900000000.0,
      "Effect Of Exchange Rate Changes": 82595000000.0,
      "Changes In Cash": 343618000000.0,
      "Financing Cash Flow": -210709000000.0,
      "Cash Flow From Continuing Financing Activities": -210709000000.0,
      "Net Other Financing Charges": 12229000000.0,
      "Cash Dividends Paid": -98620000000.0,
      "Common Stock Dividend Paid": -98620000000.0,
      "Net Common Stock Issuance": -202974000000.0,
      "Common Stock Payments": -202974000000.0,
      "Net Issuance Payments Of Debt": 78656000000.0,
      "Net Short Term Debt Issuance": -18370000000.0,
      "Short Term Debt Payments": null,
      "Short Term Debt Issuance": null,
      "Net Long Term Debt Issuance": 97026000000.0,
      "Long Term Debt Payments": -128150000000.0,
      "Long Term Debt Issuance": 225176000000.0,
      "Investing Cash Flow": -818886000000.0,
      "Cash Flow From Continuing Investing Activities": -818886000000.0,
      "Net Other Investing Changes": -4429000000.0,
      "Net Investment Purchase And Sale": -2827000000.0,
      "Sale Of Investment": 92679000000.0,
      "Purchase Of Investment": -95506000000.0,
      "Net Business Purchase And Sale": -199255000000.0,
      "Sale Of Business": 0.0,
      "Purchase Of Business": -199255000000.0,
      "Net PPE Purchase And Sale": -612375000000.0,
      "Sale Of PPE": 11571000000.0,
      "Purchase Of PPE": -623946000000.0,
      "Operating Cash Flow": 1373213000000.0,
      "Cash Flow From Continuing Operating Activities": 1373213000000.0,
      "Taxes Refund Paid": -293997000000.0,
      "Change In Working Capital": -562911000000.0,
      "Change In Other Working Capital": 1907268000000.0,
      "Change In Other Current Liabilities": -21954000000.0,
      "Change In Other Current Assets": -2266917000000.0,
      "Change In Payables And Accrued Expense": -13303000000.0,
      "Change In Accrued Expense": null,
      "Change In Payable": -13303000000.0,
      "Change In Account Payable": 9188000000.0,
      "Change In Tax Payable": -22491000000.0,
      "Change In Income Tax Payable": -22491000000.0,
      "Change In Inventory": 75641000000.0,
      "Change In Receivables": -243646000000.0,
      "Other Non Cash Items": -78298000000.0,
      "Unrealized Gain Loss On Investment Securities": null,
      "Deferred Tax": null,
      "Deferred Income Tax": null,
      "Depreciation Amortization Depletion": 1144981000000.0,
      "Depreciation And Amortization": 1144981000000.0,
      "Amortization Cash Flow": null,
      "Amortization Of Intangibles": null,
      "Depreciation": null,
      "Operating Gains Losses": -105224000000.0,
      "Pension And Employee Benefit Expense": null,
      "Earnings Losses From Equity Investments": -715000000.0,
      "Gain Loss On Investment Securities": -73166000000.0,
      "Gain Loss On Sale Of PPE": -4675000000.0,
      "Gain Loss On Sale Of Business": -26668000000.0,
      "Net Income From Continuing Operations": 1268662000000.0
    },
    "2023-03-31T00:00:00": {
      "Free Cash Flow": -298944000000.0,
      "Repurchase Of Capital Stock": -99248000000.0,
      "Repayment Of Debt": -132198000000.0,
      "Issuance Of Debt": 361776000000.0,
      "Capital Expenditure": -613635000000.0,
      "Interest Paid Supplemental Data": 39015000000.0,
      "Income Tax Paid Supplemental Data": null,
      "End Cash Position": 1480900000000.0,
      "Other Cash Adjustment Outside Changein Cash": null,
      "Beginning Cash Position": 2049636000000.0,
      "Effect Of Exchange Rate Changes": 84937000000.0,
      "Changes In Cash": -653673000000.0,
      "Financing Cash Flow": 84300000000.0,
      "Cash Flow From Continuing Financing Activities": 84300000000.0,
      "Net Other Financing Charges": 8147000000.0,
      "Cash Dividends Paid": -86568000000.0,
      "Common Stock Dividend Paid": -86568000000.0,
      "Net Common Stock Issuance": -99248000000.0,
      "Common Stock Payments": -99248000000.0,
      "Net Issuance Payments Of Debt": 261969000000.0,
      "Net Short Term Debt Issuance": 32391000000.0,
      "Short Term Debt Payments": 0.0,
      "Short Term Debt Issuance": 32391000000.0,
      "Net Long Term Debt Issuance": 229578000000.0,
      "Long Term Debt Payments": -132198000000.0,
      "Long Term Debt Issuance": 361776000000.0,
      "Investing Cash Flow": -1052664000000.0,
      "Cash Flow From Continuing Investing Activities": -1052664000000.0,
      "Net Other Investing Changes": 9138000000.0,
      "Net Investment Purchase And Sale": -177581000000.0,
      "Sale Of Investment": 13548000000.0,
      "Purchase Of Investment": -191129000000.0,
      "Net Business Purchase And Sale": -282181000000.0,
      "Sale Of Business": 1221000000.0,
      "Purchase Of Business": -283402000000.0,
      "Net PPE Purchase And Sale": -602040000000.0,
      "Sale Of PPE": 11595000000.0,
      "Purchase Of PPE": -613635000000.0,
      "Operating Cash Flow": 314691000000.0,
      "Cash Flow From Continuing Operating Activities": 314691000000.0,
      "Taxes Refund Paid": -297881000000.0,
      "Change In Working Capital": -1543894000000.0,
      "Change In Other Working Capital": 630855000000.0,
      "Change In Other Current Liabilities": 241456000000.0,
      "Change In Other Current Assets": -1682407000000.0,
      "Change In Payables And Accrued Expense": -103067000000.0,
      "Change In Accrued Expense": null,
      "Change In Payable": -103067000000.0,
      "Change In Account Payable": -107250000000.0,
      "Change In Tax Payable": 4183000000.0,
      "Change In Income Tax Payable": 4183000000.0,
      "Change In Inventory": -560382000000.0,
      "Change In Receivables": -70349000000.0,
      "Other Non Cash Items": -104658000000.0,
      "Unrealized Gain Loss On Investment Securities": null,
      "Deferred Tax": 4183000000.0,
      "Deferred Income Tax": 4183000000.0,
      "Depreciation Amortization Depletion": 1004590000000.0,
      "Depreciation And Amortization": 1004590000000.0,
      "Amortization Cash Flow": null,
      "Amortization Of Intangibles": null,
      "Depreciation": null,
      "Operating Gains Losses": -17962000000.0,
      "Pension And Employee Benefit Expense": null,
      "Earnings Losses From Equity Investments": -17696000000.0,
      "Gain Loss On Investment Securities": 4469000000.0,
      "Gain Loss On Sale Of PPE": -417000000.0,
      "Gain Loss On Sale Of Business": -4318000000.0,
      "Net Income From Continuing Operations": 1274496000000.0
    },
    "2022-03-31T00:00:00": {
      "Free Cash Flow": 792547000000.0,
      "Repurchase Of Capital Stock": -88624000000.0,
      "Repayment Of Debt": -194562000000.0,
      "Issuance Of Debt": 31458000000.0,
      "Capital Expenditure": -441096000000.0,
      "Interest Paid Supplemental Data": 15450000000.0,
      "Income Tax Paid Supplemental Data": null,
      "End Cash Position": 2049636000000.0,
      "Other Cash Adjustment Outside Changein Cash": null,
      "Beginning Cash Position": 1786982000000.0,
      "Effect Of Exchange Rate Changes": 94369000000.0,
      "Changes In Cash": 168285000000.0,
      "Financing Cash Flow": -336578000000.0,
      "Cash Flow From Continuing Financing Activities": -336578000000.0,
      "Net Other Financing Charges": -10916000000.0,
      "Cash Dividends Paid": -74342000000.0,
      "Common Stock Dividend Paid": -74342000000.0,
      "Net Common Stock Issuance": -88624000000.0,
      "Common Stock Payments": -88624000000.0,
      "Net Issuance Payments Of Debt": -162696000000.0,
      "Net Short Term Debt Issuance": 408000000.0,
      "Short Term Debt Payments": 0.0,
      "Short Term Debt Issuance": 408000000.0,
      "Net Long Term Debt Issuance": -163104000000.0,
      "Long Term Debt Payments": -194562000000.0,
      "Long Term Debt Issuance": 31458000000.0,
      "Investing Cash Flow": -728780000000.0,
      "Cash Flow From Continuing Investing Activities": -728780000000.0,
      "Net Other Investing Changes": -11083000000.0,
      "Net Investment Purchase And Sale": -75001000000.0,
      "Sale Of Investment": 16081000000.0,
      "Purchase Of Investment": -91082000000.0,
      "Net Business Purchase And Sale": -213009000000.0,
      "Sale Of Business": 64609000000.0,
      "Purchase Of Business": -277618000000.0,
      "Net PPE Purchase And Sale": -429687000000.0,
      "Sale Of PPE": 11409000000.0,
      "Purchase Of PPE": -441096000000.0,
      "Operating Cash Flow": 1233643000000.0,
      "Cash Flow From Continuing Operating Activities": 1233643000000.0,
      "Taxes Refund Paid": -269885000000.0,
      "Change In Working Capital": -1380542000000.0,
      "Change In Other Working Capital": 112899000000.0,
      "Change In Other Current Liabilities": 971546000000.0,
      "Change In Other Current Assets": -2244098000000.0,
      "Change In Payables And Accrued Expense": 144829000000.0,
      "Change In Accrued Expense": null,
      "Change In Payable": 144829000000.0,
      "Change In Account Payable": 126989000000.0,
      "Change In Tax Payable": 17840000000.0,
      "Change In Income Tax Payable": 17840000000.0,
      "Change In Inventory": -194624000000.0,
      "Change In Receivables": -171094000000.0,
      "Other Non Cash Items": 951163000000.0,
      "Unrealized Gain Loss On Investment Securities": null,
      "Deferred Tax": 17840000000.0,
      "Deferred Income Tax": 17840000000.0,
      "Depreciation Amortization Depletion": 835233000000.0,
      "Depreciation And Amortization": 835233000000.0,
      "Amortization Cash Flow": null,
      "Amortization Of Intangibles": null,
      "Depreciation": 835233000000.0,
      "Operating Gains Losses": -19829000000.0,
      "Pension And Employee Benefit Expense": null,
      "Earnings Losses From Equity Investments": -13934000000.0,
      "Gain Loss On Investment Securities": 60402000000.0,
      "Gain Loss On Sale Of PPE": 8316000000.0,
      "Gain Loss On Sale Of Business": -74613000000.0,
      "Net Income From Continuing Operations": 1117503000000.0
    },
    "2021-03-31T00:00:00": {
      "Free Cash Flow": null,
      "Repurchase Of Capital Stock": null,
      "Repayment Of Debt": null,
      "Issuance Of Debt": null,
      "Capital Expenditure": null,
      "Interest Paid Supplemental Data": null,
      "Income Tax Paid Supplemental Data": 119084000000.0,
      "End Cash Position": null,
      "Other Cash Adjustment Outside Changein Cash": -582000000.0,
      "Beginning Cash Position": null,
      "Effect Of Exchange Rate Changes": null,
      "Changes In Cash": null,
      "Financing Cash Flow": null,
      "Cash Flow From Continuing Financing Activities": null,
      "Net Other Financing Charges": null,
      "Cash Dividends Paid": null,
      "Common Stock Dividend Paid": null,
      "Net Common Stock Issuance": null,
      "Common Stock Payments": null,
      "Net Issuance Payments Of Debt": null,
      "Net Short Term Debt Issuance": null,
      "Short Term Debt Payments": -414834000000.0,
      "Short Term Debt Issuance": 396500000000.0,
      "Net Long Term Debt Issuance": null,
      "Long Term Debt Payments": null,
      "Long Term Debt Issuance": null,
      "Investing Cash Flow": null,
      "Cash Flow From Continuing Investing Activities": null,
      "Net Other Investing Changes": null,
      "Net Investment Purchase And Sale": null,
      "Sale Of Investment": null,
      "Purchase Of Investment": null,
      "Net Business Purchase And Sale": null,
      "Sale Of Business": null,
      "Purchase Of Business": null,
      "Net PPE Purchase And Sale": null,
      "Sale Of PPE": null,
      "Purchase Of PPE": null,
      "Operating Cash Flow": null,
      "Cash Flow From Continuing Operating Activities": null,
      "Taxes Refund Paid": null,
      "Change In Working Capital": null,
      "Change In Other Working Capital": null,
      "Change In Other Current Liabilities": null,
      "Change In Other Current Assets": null,
      "Change In Payables And Accrued Expense": null,
      "Change In Accrued Expense": 80165000000.0,
      "Change In Payable": null,
      "Change In Account Payable": null,
      "Change In Tax Payable": null,
      "Change In Income Tax Payable": null,
      "Change In Inventory": null,
      "Change In Receivables": null,
      "Other Non Cash Items": null,
      "Unrealized Gain Loss On Investment Securities": -247033000000.0,
      "Deferred Tax": -153427000000.0,
      "Deferred Income Tax": -153427000000.0,
      "Depreciation Amortization Depletion": null,
      "Depreciation And Amortization": null,
      "Amortization Cash Flow": 273044000000.0,
      "Amortization Of Intangibles": 273044000000.0,
      "Depreciation": 390693000000.0,
      "Operating Gains Losses": null,
      "Pension And Employee Benefit Expense": -42936000000.0,
      "Earnings Losses From Equity Investments": null,
      "Gain Loss On Investment Securities": null,
      "Gain Loss On Sale Of PPE": null,
      "Gain Loss On Sale Of Business": null,
      "Net Income From Continuing Operations": null
    }
  },
  "earnings_estimate": {
    "avg": {
      "0q": 32.6627,
      "+1q": 34.13,
      "0y": 189.29823,
      "+1y": 206.37662
    },
    "low": {
      "0q": 22.13,
      "+1q": 34.13,
      "0y": 167.197,
      "+1y": 179.358
    },
    "high": {
      "0q": 38.5335,
      "+1q": 34.13,
      "0y": 209.0,
      "+1y": 222.0
    },
    "yearAgoEps": {
      "0q": 32.88,
      "+1q": 39.4,
      "0y": 188.71,
      "+1y": 189.29823
    },
    "numberOfAnalysts": {
      "0q": 5,
      "+1q": 1,
      "0y": 20,
      "+1y": 23
    },
    "growth": {
      "0q": -0.0066000004,
      "+1q": -0.1338,
      "0y": 0.0031,
      "+1y": 0.09020001
    }
  },
  "revenue_estimate": {
    "avg": {
      "0q": 2871854001080,
      "+1q": 2771976426800,
      "0y": 12323272944300,
      "+1y": 12753813634960
    },
    "low": {
      "0q": 2606867000000,
      "+1q": 2671823134000,
      "0y": 12050070000000,
      "+1y": 12198300000000
    },
    "high": {
      "0q": 3045800000000,
      "+1q": 2838996000000,
      "0y": 12563000000000,
      "+1y": 13663000000000
    },
    "numberOfAnalysts": {
      "0q": 12,
      "+1q": 5,
      "0y": 23,
      "+1y": 25
    },
    "yearAgoRevenue": {
      "0q": 2630200000000,
      "+1q": 2621615000000,
      "0y": 480922000000,
      "+1y": 12323272944300
    },
    "growth": {
      "0q": 0.0919,
      "+1q": 0.0574,
      "0y": 24.6243,
      "+1y": 0.0349
    }
  },
  "growth_estimates": {
    "stockTrend": {
      "0q": null,
      "+1q": null,
      "0y": null,
      "+1y": null,
      "LTG": null
    },
    "indexTrend": {
      "0q": 0.1273,
      "+1q": 0.103599995,
      "0y": 0.14310001,
      "+1y": 0.1557,
      "LTG": 0.122
    }
  },
  "revenue_forecasts": null,
  "dividend_rate": 25.0,
  "trailing_dividend_rate": 22.5
}