{
  "ticker": "6861.T",
  "name": "Keyence",
  "country": "japan",
  "currency": "JPY",
  "last_fetched": "2026-02-26T20:50:31.462026",
  "market_cap": 15907228221440,
  "revenue": 1118560059392,
  "net_income": 418058010624,
  "pe_ratio": 38.914963,
  "forward_pe": 35.12389,
  "dividend_yield": 0.82,
  "profit_margin": 0.0,
  "roe": null,
  "debt_to_equity": null,
  "beta": null,
  "ev_to_ebitda": 24.895,
  "sector": "Technology",
  "industry": "Scientific & Technical Instruments",
  "summary": "Keyence Corporation, together with its subsidiaries, manufactures and sells electronic application equipment. It offers photoelectric, fiber optic, laser, positioning, vision, and inductive proximity sensors; network communication units; measurement sensors, such as laser displacement and profiler/3D laser snapshot sensors, optical/laser micrometers, inductive displacement sensors, 3D interference measurement sensors, spectral interference displacement sensors, inductive displacement sensors, and LVDT/contact displacement sensors. It also provides machine vision systems and sensors; pressure, flow, level, temperature sensors, and flow meters; and safety equipment consists of light curtains, interlock switches, laser scanners, and controllers. In addition, the company provides microscopes, including digital microscopes, laser-based elemental analyzers, all-in-one fluorescence microscopes, 3D surface profilers, and automated colony counters; and optical metrology systems, include image dimension and multisensor measurement systems. Further, it offers 3D measurement systems comprising 3D scanners, wide area CMMs, handheld probe coordinate measuring machines, and 3D optical profilometers and surface profilers; and control products, include programmable logic controllers, micro/small PLCs, HMIs, servo motors/systems, and other controls. The company provides marking/coding products, such as 3-axis hybrid and CO2 laser markers, continuous inkjet printers, 3-axis fiber and UV laser markers, case coders, UV laser coders, and telecentric green laser markers; barcode readers comprising AI-powered scan tunnel systems, logistics, 1D/2D readers, rugged industrial handheld readers, handheld DPM readers, and handheld code readers; and mobile and handheld computers. It offers data acquisition systems, such as multi-input data loggers; static eliminators/ionizers and electrostatic sensors; and Navigation RPA. The company was founded in 1972 and is headquartered in Osaka, Japan.",
  "website": "https://www.keyence.com",
  "employees": 12261,
  "target_high": 81000.0,
  "target_low": 60000.0,
  "target_mean": 70511.11,
  "target_median": 69450.0,
  "recommendation": "buy",
  "num_analysts": 18,
  "income_stmt": {
    "2025-03-31T00:00:00": {
      "Tax Effect Of Unusual Items": 0.0,
      "Tax Rate For Calcs": 0.289,
      "Normalized EBITDA": 564968000000.0,
      "Net Income From Continuing Operation Net Minority Interest": 398656000000.0,
      "Reconciled Depreciation": 15193000000.0,
      "Reconciled Cost Of Revenue": 171444000000.0,
      "EBITDA": 564968000000.0,
      "EBIT": 549775000000.0,
      "Net Interest Income": 8968000000.0,
      "Interest Income": 8968000000.0,
      "Normalized Income": 398656000000.0,
      "Net Income From Continuing And Discontinued Operation": 398656000000.0,
      "Total Expenses": 509369000000.0,
      "Total Operating Income As Reported": 549775000000.0,
      "Diluted Average Shares": 242525414.0,
      "Basic Average Shares": 242525414.0,
      "Diluted EPS": 1643.77,
      "Basic EPS": 1643.77,
      "Diluted NI Availto Com Stockholders": 398656000000.0,
      "Net Income Common Stockholders": 398656000000.0,
      "Otherunder Preferred Stock Dividend": 0.0,
      "Net Income": 398656000000.0,
      "Net Income Including Noncontrolling Interests": 398656000000.0,
      "Net Income Continuous Operations": 398657000000.0,
      "Tax Provision": 162353000000.0,
      "Pretax Income": 561010000000.0,
      "Other Non Operating Income Expenses": 1178000000.0,
      "Net Non Operating Interest Income Expense": 8968000000.0,
      "Interest Income Non Operating": 8968000000.0,
      "Operating Income": 549775000000.0,
      "Operating Expense": 337925000000.0,
      "Gross Profit": 887700000000.0,
      "Cost Of Revenue": 171444000000.0,
      "Total Revenue": 1059145000000.0,
      "Operating Revenue": 1059145000000.0
    },
    "2024-03-31T00:00:00": {
      "Tax Effect Of Unusual Items": 0.0,
      "Tax Rate For Calcs": 0.288,
      "Normalized EBITDA": 508781000000.0,
      "Net Income From Continuing Operation Net Minority Interest": 369642000000.0,
      "Reconciled Depreciation": 13767000000.0,
      "Reconciled Cost Of Revenue": 164782000000.0,
      "EBITDA": 508781000000.0,
      "EBIT": 495014000000.0,
      "Net Interest Income": 5358000000.0,
      "Interest Income": 5358000000.0,
      "Normalized Income": 369642000000.0,
      "Net Income From Continuing And Discontinued Operation": 369642000000.0,
      "Total Expenses": 472273000000.0,
      "Total Operating Income As Reported": 495014000000.0,
      "Diluted Average Shares": 242524965.0,
      "Basic Average Shares": 242524965.0,
      "Diluted EPS": 1524.14,
      "Basic EPS": 1524.14,
      "Diluted NI Availto Com Stockholders": 369642000000.0,
      "Net Income Common Stockholders": 369642000000.0,
      "Otherunder Preferred Stock Dividend": 0.0,
      "Net Income": 369642000000.0,
      "Net Income Including Noncontrolling Interests": 369642000000.0,
      "Net Income Continuous Operations": 369642000000.0,
      "Tax Provision": 149653000000.0,
      "Pretax Income": 519295000000.0,
      "Other Non Operating Income Expenses": 717000000.0,
      "Net Non Operating Interest Income Expense": 5358000000.0,
      "Interest Income Non Operating": 5358000000.0,
      "Operating Income": 495014000000.0,
      "Operating Expense": 307491000000.0,
      "Gross Profit": 802505000000.0,
      "Cost Of Revenue": 164782000000.0,
      "Total Revenue": 967288000000.0,
      "Operating Revenue": 967288000000.0
    },
    "2023-03-31T00:00:00": {
      "Tax Effect Of Unusual Items": 0.0,
      "Tax Rate For Calcs": 0.292233,
      "Normalized EBITDA": 510438000000.0,
      "Net Income From Continuing Operation Net Minority Interest": 362963000000.0,
      "Reconciled Depreciation": 11523000000.0,
      "Reconciled Cost Of Revenue": 167690000000.0,
      "EBITDA": 510438000000.0,
      "EBIT": 498915000000.0,
      "Net Interest Income": 2033000000.0,
      "Interest Income": 2033000000.0,
      "Normalized Income": 362963000000.0,
      "Net Income From Continuing And Discontinued Operation": 362963000000.0,
      "Total Expenses": 423507000000.0,
      "Total Operating Income As Reported": 498914000000.0,
      "Diluted Average Shares": 242526077.0,
      "Basic Average Shares": 242526077.0,
      "Diluted EPS": 1496.6,
      "Basic EPS": 1496.6,
      "Diluted NI Availto Com Stockholders": 362963000000.0,
      "Net Income Common Stockholders": 362963000000.0,
      "Otherunder Preferred Stock Dividend": 0.0,
      "Net Income": 362963000000.0,
      "Net Income Including Noncontrolling Interests": 362963000000.0,
      "Net Income Continuous Operations": 362964000000.0,
      "Tax Provision": 149866000000.0,
      "Pretax Income": 512830000000.0,
      "Other Non Operating Income Expenses": 994000000.0,
      "Net Non Operating Interest Income Expense": 2033000000.0,
      "Interest Income Non Operating": 2033000000.0,
      "Operating Income": 498915000000.0,
      "Operating Expense": 255817000000.0,
      "Gross Profit": 754732000000.0,
      "Cost Of Revenue": 167690000000.0,
      "Total Revenue": 922422000000.0,
      "Operating Revenue": 922422000000.0
    },
    "2022-03-31T00:00:00": {
      "Tax Effect Of Unusual Items": 0.0,
      "Tax Rate For Calcs": 0.29654,
      "Normalized EBITDA": 426666000000.0,
      "Net Income From Continuing Operation Net Minority Interest": 303360000000.0,
      "Reconciled Depreciation": 8621000000.0,
      "Reconciled Cost Of Revenue": 133984000000.0,
      "EBITDA": 426666000000.0,
      "EBIT": 418045000000.0,
      "Net Interest Income": 561000000.0,
      "Interest Income": 561000000.0,
      "Normalized Income": 303360000000.0,
      "Net Income From Continuing And Discontinued Operation": 303360000000.0,
      "Total Expenses": 337129000000.0,
      "Total Operating Income As Reported": 418045000000.0,
      "Diluted Average Shares": 242526325.0,
      "Basic Average Shares": 242526325.0,
      "Diluted EPS": 1250.83,
      "Basic EPS": 1250.83,
      "Diluted NI Availto Com Stockholders": 303360000000.0,
      "Net Income Common Stockholders": 303360000000.0,
      "Otherunder Preferred Stock Dividend": 0.0,
      "Net Income": 303360000000.0,
      "Net Income Including Noncontrolling Interests": 303360000000.0,
      "Net Income Continuous Operations": 303360000000.0,
      "Tax Provision": 127880000000.0,
      "Pretax Income": 431240000000.0,
      "Other Non Operating Income Expenses": 956000000.0,
      "Net Non Operating Interest Income Expense": 561000000.0,
      "Interest Income Non Operating": 561000000.0,
      "Operating Income": 418045000000.0,
      "Operating Expense": 203145000000.0,
      "Gross Profit": 621190000000.0,
      "Cost Of Revenue": 133984000000.0,
      "Total Revenue": 755174000000.0,
      "Operating Revenue": 755174000000.0
    }
  },
  "quarterly_income": {
    "2025-06-30T00:00:00": {
      "Tax Effect Of Unusual Items": null,
      "Tax Rate For Calcs": null,
      "Normalized EBITDA": null,
      "Net Income From Continuing Operation Net Minority Interest": null,
      "Reconciled Cost Of Revenue": null,
      "EBITDA": null,
      "EBIT": null,
      "Net Interest Income": null,
      "Interest Income": null,
      "Normalized Income": null,
      "Net Income From Continuing And Discontinued Operation": null,
      "Total Expenses": null,
      "Total Operating Income As Reported": null,
      "Diluted Average Shares": 242525407.0,
      "Basic Average Shares": 242525407.0,
      "Diluted EPS": 379.82,
      "Basic EPS": 379.82,
      "Diluted NI Availto Com Stockholders": null,
      "Net Income Common Stockholders": null,
      "Otherunder Preferred Stock Dividend": null,
      "Net Income": null,
      "Net Income Including Noncontrolling Interests": null,
      "Net Income Continuous Operations": null,
      "Tax Provision": null,
      "Pretax Income": null,
      "Other Non Operating Income Expenses": null,
      "Net Non Operating Interest Income Expense": null,
      "Interest Income Non Operating": null,
      "Operating Income": null,
      "Operating Expense": null,
      "Gross Profit": null,
      "Cost Of Revenue": null,
      "Total Revenue": null,
      "Operating Revenue": null
    },
    "2024-09-30T00:00:00": {
      "Tax Effect Of Unusual Items": 0.0,
      "Tax Rate For Calcs": 0.283661,
      "Normalized EBITDA": 140560000000.0,
      "Net Income From Continuing Operation Net Minority Interest": 96186000000.0,
      "Reconciled Cost Of Revenue": 42467000000.0,
      "EBITDA": 140560000000.0,
      "EBIT": 140560000000.0,
      "Net Interest Income": 2228000000.0,
      "Interest Income": 2228000000.0,
      "Normalized Income": 96186000000.0,
      "Net Income From Continuing And Discontinued Operation": 96186000000.0,
      "Total Expenses": 127768000000.0,
      "Total Operating Income As Reported": 140560000000.0,
      "Diluted Average Shares": null,
      "Basic Average Shares": null,
      "Diluted EPS": null,
      "Basic EPS": null,
      "Diluted NI Availto Com Stockholders": 96186000000.0,
      "Net Income Common Stockholders": 96186000000.0,
      "Otherunder Preferred Stock Dividend": 0.0,
      "Net Income": 96186000000.0,
      "Net Income Including Noncontrolling Interests": 96186000000.0,
      "Net Income Continuous Operations": 96185000000.0,
      "Tax Provision": 38088000000.0,
      "Pretax Income": 134273000000.0,
      "Other Non Operating Income Expenses": 18000000.0,
      "Net Non Operating Interest Income Expense": 2228000000.0,
      "Interest Income Non Operating": 2228000000.0,
      "Operating Income": 140560000000.0,
      "Operating Expense": 85301000000.0,
      "Gross Profit": 225861000000.0,
      "Cost Of Revenue": 42467000000.0,
      "Total Revenue": 268327000000.0,
      "Operating Revenue": 268327000000.0
    },
    "2024-06-30T00:00:00": {
      "Tax Effect Of Unusual Items": 0.0,
      "Tax Rate For Calcs": 0.288404,
      "Normalized EBITDA": 123405000000.0,
      "Net Income From Continuing Operation Net Minority Interest": 93534000000.0,
      "Reconciled Cost Of Revenue": 39831000000.0,
      "EBITDA": 123405000000.0,
      "EBIT": 123405000000.0,
      "Net Interest Income": 1677000000.0,
      "Interest Income": 1677000000.0,
      "Normalized Income": 93534000000.0,
      "Net Income From Continuing And Discontinued Operation": 93534000000.0,
      "Total Expenses": 123817000000.0,
      "Total Operating Income As Reported": 123405000000.0,
      "Diluted Average Shares": 266463449.0,
      "Basic Average Shares": 266463449.0,
      "Diluted EPS": 351.02,
      "Basic EPS": 351.02,
      "Diluted NI Availto Com Stockholders": 93534000000.0,
      "Net Income Common Stockholders": 93534000000.0,
      "Otherunder Preferred Stock Dividend": 0.0,
      "Net Income": 93534000000.0,
      "Net Income Including Noncontrolling Interests": 93534000000.0,
      "Net Income Continuous Operations": 93535000000.0,
      "Tax Provision": 37909000000.0,
      "Pretax Income": 131444000000.0,
      "Other Non Operating Income Expenses": 67000000.0,
      "Net Non Operating Interest Income Expense": 1677000000.0,
      "Interest Income Non Operating": 1677000000.0,
      "Operating Income": 123405000000.0,
      "Operating Expense": 83986000000.0,
      "Gross Profit": 207391000000.0,
      "Cost Of Revenue": 39831000000.0,
      "Total Revenue": 247223000000.0,
      "Operating Revenue": 247223000000.0
    }
  },
  "balance_sheet": {
    "2025-03-31T00:00:00": {
      "Treasury Shares Number": 682350.0,
      "Ordinary Shares Number": 242525334.0,
      "Share Issued": 243207684.0,
      "Tangible Book Value": 3102214000000.0,
      "Invested Capital": 3108552000000.0,
      "Working Capital": 1464549000000.0,
      "Net Tangible Assets": 3102214000000.0,
      "Common Stock Equity": 3108552000000.0,
      "Total Capitalization": 3108552000000.0,
      "Total Equity Gross Minority Interest": 3108552000000.0,
      "Stockholders Equity": 3108552000000.0,
      "Treasury Stock": 3838000000.0,
      "Retained Earnings": 3020535000000.0,
      "Additional Paid In Capital": 30541000000.0,
      "Capital Stock": 30637000000.0,
      "Common Stock": 30637000000.0,
      "Total Liabilities Net Minority Interest": 180672000000.0,
      "Total Non Current Liabilities Net Minority Interest": 12632000000.0,
      "Other Non Current Liabilities": 12632000000.0,
      "Current Liabilities": 168040000000.0,
      "Other Current Liabilities": 43534000000.0,
      "Pensionand Other Post Retirement Benefit Plans Current": 18134000000.0,
      "Payables": 106372000000.0,
      "Total Tax Payable": 91482000000.0,
      "Accounts Payable": 14890000000.0,
      "Total Assets": 3289224000000.0,
      "Total Non Current Assets": 1656633000000.0,
      "Other Non Current Assets": 10688000000.0,
      "Non Current Prepaid Assets": null,
      "Non Current Deferred Taxes Assets": 17898000000.0,
      "Investmentin Financial Assets": 1544785000000.0,
      "Available For Sale Securities": 1544785000000.0,
      "Goodwill And Other Intangible Assets": 6338000000.0,
      "Other Intangible Assets": 6338000000.0,
      "Net PPE": 76924000000.0,
      "Accumulated Depreciation": -87766000000.0,
      "Gross PPE": 164689000000.0,
      "Other Properties": 35601000000.0,
      "Machinery Furniture Equipment": 66183000000.0,
      "Buildings And Improvements": 29934000000.0,
      "Land And Improvements": 32971000000.0,
      "Properties": 0.0,
      "Current Assets": 1632589000000.0,
      "Other Current Assets": 15151000000.0,
      "Inventory": 77892000000.0,
      "Accounts Receivable": 320312000000.0,
      "Gross Accounts Receivable": 320312000000.0,
      "Cash Cash Equivalents And Short Term Investments": 1219234000000.0,
      "Other Short Term Investments": 640183000000.0,
      "Cash And Cash Equivalents": 579051000000.0
    },
    "2024-03-31T00:00:00": {
      "Treasury Shares Number": 682063.0,
      "Ordinary Shares Number": 242525621.0,
      "Share Issued": 243207684.0,
      "Tangible Book Value": 2801401000000.0,
      "Invested Capital": 2806193000000.0,
      "Working Capital": 1386465000000.0,
      "Net Tangible Assets": 2801401000000.0,
      "Common Stock Equity": 2806193000000.0,
      "Total Capitalization": 2806193000000.0,
      "Total Equity Gross Minority Interest": 2806193000000.0,
      "Stockholders Equity": 2806193000000.0,
      "Treasury Stock": 3819000000.0,
      "Retained Earnings": 2700699000000.0,
      "Additional Paid In Capital": 30541000000.0,
      "Capital Stock": 30637000000.0,
      "Common Stock": 30637000000.0,
      "Total Liabilities Net Minority Interest": 158599000000.0,
      "Total Non Current Liabilities Net Minority Interest": 13237000000.0,
      "Other Non Current Liabilities": 13237000000.0,
      "Current Liabilities": 145362000000.0,
      "Other Current Liabilities": 43567000000.0,
      "Pensionand Other Post Retirement Benefit Plans Current": 16841000000.0,
      "Payables": 84954000000.0,
      "Total Tax Payable": 71229000000.0,
      "Accounts Payable": 13725000000.0,
      "Total Assets": 2964792000000.0,
      "Total Non Current Assets": 1432963000000.0,
      "Other Non Current Assets": 10644000000.0,
      "Non Current Prepaid Assets": 17957000000.0,
      "Non Current Deferred Taxes Assets": 9480000000.0,
      "Investmentin Financial Assets": 1332177000000.0,
      "Available For Sale Securities": 1332177000000.0,
      "Goodwill And Other Intangible Assets": 4792000000.0,
      "Other Intangible Assets": 4792000000.0,
      "Net PPE": 75870000000.0,
      "Accumulated Depreciation": -84803000000.0,
      "Gross PPE": 160674000000.0,
      "Other Properties": 33256000000.0,
      "Machinery Furniture Equipment": 61765000000.0,
      "Buildings And Improvements": 29991000000.0,
      "Land And Improvements": 35662000000.0,
      "Properties": 0.0,
      "Current Assets": 1531827000000.0,
      "Other Current Assets": 13912000000.0,
      "Inventory": 77613000000.0,
      "Accounts Receivable": 307526000000.0,
      "Gross Accounts Receivable": 307526000000.0,
      "Cash Cash Equivalents And Short Term Investments": 1132776000000.0,
      "Other Short Term Investments": 612420000000.0,
      "Cash And Cash Equivalents": 520356000000.0
    },
    "2023-03-31T00:00:00": {
      "Treasury Shares Number": 681707.0,
      "Ordinary Shares Number": 242525977.0,
      "Share Issued": 243207684.0,
      "Tangible Book Value": 2487941000000.0,
      "Invested Capital": 2491633000000.0,
      "Working Capital": 1186837000000.0,
      "Net Tangible Assets": 2487941000000.0,
      "Common Stock Equity": 2491633000000.0,
      "Total Capitalization": 2491633000000.0,
      "Total Equity Gross Minority Interest": 2491633000000.0,
      "Stockholders Equity": 2491633000000.0,
      "Treasury Stock": 3796000000.0,
      "Retained Earnings": 2403814000000.0,
      "Additional Paid In Capital": 30541000000.0,
      "Capital Stock": 30637000000.0,
      "Common Stock": 30637000000.0,
      "Total Liabilities Net Minority Interest": 158796000000.0,
      "Total Non Current Liabilities Net Minority Interest": 9535000000.0,
      "Other Non Current Liabilities": 9535000000.0,
      "Current Liabilities": 149261000000.0,
      "Other Current Liabilities": 33470000000.0,
      "Pensionand Other Post Retirement Benefit Plans Current": 15697000000.0,
      "Payables": 100094000000.0,
      "Total Tax Payable": 81713000000.0,
      "Accounts Payable": 18381000000.0,
      "Total Assets": 2650429000000.0,
      "Total Non Current Assets": 1314330000000.0,
      "Other Non Current Assets": 8134000000.0,
      "Non Current Prepaid Assets": 15907000000.0,
      "Non Current Deferred Taxes Assets": 12562000000.0,
      "Investmentin Financial Assets": 1222637000000.0,
      "Available For Sale Securities": 1222637000000.0,
      "Goodwill And Other Intangible Assets": 3692000000.0,
      "Other Intangible Assets": 3692000000.0,
      "Net PPE": 67305000000.0,
      "Accumulated Depreciation": -71130000000.0,
      "Gross PPE": 138436000000.0,
      "Other Properties": 22014000000.0,
      "Machinery Furniture Equipment": 54100000000.0,
      "Buildings And Improvements": 26660000000.0,
      "Land And Improvements": 35662000000.0,
      "Properties": 0.0,
      "Current Assets": 1336098000000.0,
      "Other Current Assets": 10466000000.0,
      "Inventory": 87389000000.0,
      "Accounts Receivable": 297785000000.0,
      "Gross Accounts Receivable": 297785000000.0,
      "Cash Cash Equivalents And Short Term Investments": 940458000000.0,
      "Other Short Term Investments": 506802000000.0,
      "Cash And Cash Equivalents": 433656000000.0
    },
    "2022-03-31T00:00:00": {
      "Treasury Shares Number": 681511.0,
      "Ordinary Shares Number": 242526173.0,
      "Share Issued": 243207684.0,
      "Tangible Book Value": 2170067000000.0,
      "Invested Capital": 2173583000000.0,
      "Working Capital": 1176017000000.0,
      "Net Tangible Assets": 2170067000000.0,
      "Common Stock Equity": 2173583000000.0,
      "Total Capitalization": 2173583000000.0,
      "Total Equity Gross Minority Interest": 2173583000000.0,
      "Stockholders Equity": 2173583000000.0,
      "Treasury Stock": 3785000000.0,
      "Retained Earnings": 2101779000000.0,
      "Additional Paid In Capital": 30541000000.0,
      "Capital Stock": 30637000000.0,
      "Common Stock": 30637000000.0,
      "Total Liabilities Net Minority Interest": 150454000000.0,
      "Total Non Current Liabilities Net Minority Interest": 3902000000.0,
      "Other Non Current Liabilities": 3902000000.0,
      "Current Liabilities": 146552000000.0,
      "Other Current Liabilities": 26614000000.0,
      "Pensionand Other Post Retirement Benefit Plans Current": 14360000000.0,
      "Payables": 105578000000.0,
      "Total Tax Payable": 89667000000.0,
      "Accounts Payable": 15911000000.0,
      "Total Assets": 2324037000000.0,
      "Total Non Current Assets": 1001467000000.0,
      "Other Non Current Assets": 5589000000.0,
      "Non Current Prepaid Assets": 14227000000.0,
      "Non Current Deferred Taxes Assets": 12005000000.0,
      "Investmentin Financial Assets": 953975000000.0,
      "Available For Sale Securities": 953975000000.0,
      "Goodwill And Other Intangible Assets": 3516000000.0,
      "Other Intangible Assets": 3516000000.0,
      "Net PPE": 26382000000.0,
      "Accumulated Depreciation": -62530000000.0,
      "Gross PPE": 88911000000.0,
      "Other Properties": 11228000000.0,
      "Machinery Furniture Equipment": 46640000000.0,
      "Buildings And Improvements": 23983000000.0,
      "Land And Improvements": 7060000000.0,
      "Properties": 0.0,
      "Current Assets": 1322569000000.0,
      "Other Current Assets": 8024000000.0,
      "Inventory": 62072000000.0,
      "Accounts Receivable": 247901000000.0,
      "Gross Accounts Receivable": 247901000000.0,
      "Cash Cash Equivalents And Short Term Investments": 1004572000000.0,
      "Other Short Term Investments": 540276000000.0,
      "Cash And Cash Equivalents": 464296000000.0
    },
    "2021-03-31T00:00:00": {
      "Treasury Shares Number": null,
      "Ordinary Shares Number": null,
      "Share Issued": null,
      "Tangible Book Value": null,
      "Invested Capital": null,
      "Working Capital": null,
      "Net Tangible Assets": null,
      "Common Stock Equity": null,
      "Total Capitalization": null,
      "Total Equity Gross Minority Interest": null,
      "Stockholders Equity": null,
      "Treasury Stock": null,
      "Retained Earnings": null,
      "Additional Paid In Capital": null,
      "Capital Stock": null,
      "Common Stock": null,
      "Total Liabilities Net Minority Interest": null,
      "Total Non Current Liabilities Net Minority Interest": null,
      "Other Non Current Liabilities": null,
      "Current Liabilities": null,
      "Other Current Liabilities": null,
      "Pensionand Other Post Retirement Benefit Plans Current": null,
      "Payables": null,
      "Total Tax Payable": null,
      "Accounts Payable": null,
      "Total Assets": null,
      "Total Non Current Assets": null,
      "Other Non Current Assets": null,
      "Non Current Prepaid Assets": 0.0,
      "Non Current Deferred Taxes Assets": null,
      "Investmentin Financial Assets": null,
      "Available For Sale Securities": null,
      "Goodwill And Other Intangible Assets": null,
      "Other Intangible Assets": null,
      "Net PPE": null,
      "Accumulated Depreciation": null,
      "Gross PPE": null,
      "Other Properties": null,
      "Machinery Furniture Equipment": null,
      "Buildings And Improvements": null,
      "Land And Improvements": null,
      "Properties": null,
      "Current Assets": null,
      "Other Current Assets": null,
      "Inventory": null,
      "Accounts Receivable": null,
      "Gross Accounts Receivable": null,
      "Cash Cash Equivalents And Short Term Investments": null,
      "Other Short Term Investments": null,
      "Cash And Cash Equivalents": null
    }
  },
  "cashflow": {
    "2025-03-31T00:00:00": {
      "Free Cash Flow": 395180000000.0,
      "Capital Expenditure": -14342000000.0,
      "End Cash Position": 451715000000.0,
      "Other Cash Adjustment Outside Changein Cash": 1000000.0,
      "Beginning Cash Position": 406065000000.0,
      "Effect Of Exchange Rate Changes": 169000000.0,
      "Changes In Cash": 45480000000.0,
      "Financing Cash Flow": -83430000000.0,
      "Net Other Financing Charges": -4591000000.0,
      "Cash Dividends Paid": -78820000000.0,
      "Net Common Stock Issuance": -19000000.0,
      "Investing Cash Flow": -280612000000.0,
      "Net Other Investing Changes": -17731000000.0,
      "Net Investment Purchase And Sale": -248539000000.0,
      "Net PPE Purchase And Sale": -14342000000.0,
      "Purchase Of PPE": -14342000000.0,
      "Operating Cash Flow": 409522000000.0,
      "Taxes Refund Paid": -148699000000.0,
      "Interest Received Cfo": 8472000000.0,
      "Change In Working Capital": -16627000000.0,
      "Change In Payable": 1160000000.0,
      "Change In Inventory": -756000000.0,
      "Change In Receivables": -18571000000.0,
      "Other Non Cash Items": -4605000000.0,
      "Depreciation And Amortization": 15193000000.0,
      "Depreciation": 15193000000.0,
      "Gain Loss On Investment Securities": null,
      "Net Foreign Currency Exchange Gain Loss": 88000000.0,
      "Net Income From Continuing Operations": 561010000000.0
    },
    "2024-03-31T00:00:00": {
      "Free Cash Flow": 375424000000.0,
      "Capital Expenditure": -12492000000.0,
      "End Cash Position": 406065000000.0,
      "Other Cash Adjustment Outside Changein Cash": -1000000.0,
      "Beginning Cash Position": 344002000000.0,
      "Effect Of Exchange Rate Changes": -6754000000.0,
      "Changes In Cash": 68818000000.0,
      "Financing Cash Flow": -76306000000.0,
      "Net Other Financing Charges": -3526000000.0,
      "Cash Dividends Paid": -72757000000.0,
      "Net Common Stock Issuance": -23000000.0,
      "Investing Cash Flow": -242792000000.0,
      "Net Other Investing Changes": -19036000000.0,
      "Net Investment Purchase And Sale": -211264000000.0,
      "Net PPE Purchase And Sale": -12492000000.0,
      "Purchase Of PPE": -12492000000.0,
      "Operating Cash Flow": 387916000000.0,
      "Taxes Refund Paid": -155798000000.0,
      "Interest Received Cfo": 5606000000.0,
      "Change In Working Capital": 11831000000.0,
      "Change In Payable": -4643000000.0,
      "Change In Inventory": 11280000000.0,
      "Change In Receivables": 4709000000.0,
      "Other Non Cash Items": -951000000.0,
      "Depreciation And Amortization": 13767000000.0,
      "Depreciation": 13767000000.0,
      "Gain Loss On Investment Securities": null,
      "Net Foreign Currency Exchange Gain Loss": -462000000.0,
      "Net Income From Continuing Operations": 519295000000.0
    },
    "2023-03-31T00:00:00": {
      "Free Cash Flow": 263283000000.0,
      "Capital Expenditure": -39345000000.0,
      "End Cash Position": 344002000000.0,
      "Other Cash Adjustment Outside Changein Cash": -2000000.0,
      "Beginning Cash Position": 396165000000.0,
      "Effect Of Exchange Rate Changes": -7636000000.0,
      "Changes In Cash": -44525000000.0,
      "Financing Cash Flow": -63666000000.0,
      "Net Other Financing Charges": -3025000000.0,
      "Cash Dividends Paid": -60631000000.0,
      "Net Common Stock Issuance": -10000000.0,
      "Investing Cash Flow": -283487000000.0,
      "Net Other Investing Changes": -14168000000.0,
      "Net Investment Purchase And Sale": -229974000000.0,
      "Net PPE Purchase And Sale": -39345000000.0,
      "Purchase Of PPE": -39345000000.0,
      "Operating Cash Flow": 302628000000.0,
      "Taxes Refund Paid": -156884000000.0,
      "Interest Received Cfo": 2490000000.0,
      "Change In Working Capital": -57707000000.0,
      "Change In Payable": 2358000000.0,
      "Change In Inventory": -23961000000.0,
      "Change In Receivables": -36742000000.0,
      "Other Non Cash Items": -3859000000.0,
      "Depreciation And Amortization": 11523000000.0,
      "Depreciation": 11523000000.0,
      "Gain Loss On Investment Securities": null,
      "Net Foreign Currency Exchange Gain Loss": -140000000.0,
      "Net Income From Continuing Operations": 512830000000.0
    },
    "2022-03-31T00:00:00": {
      "Free Cash Flow": 265314000000.0,
      "Capital Expenditure": -6162000000.0,
      "End Cash Position": 396165000000.0,
      "Other Cash Adjustment Outside Changein Cash": -2000000.0,
      "Beginning Cash Position": 189875000000.0,
      "Effect Of Exchange Rate Changes": -4233000000.0,
      "Changes In Cash": 210525000000.0,
      "Financing Cash Flow": -49817000000.0,
      "Net Other Financing Charges": -1290000000.0,
      "Cash Dividends Paid": -48505000000.0,
      "Net Common Stock Issuance": -22000000.0,
      "Investing Cash Flow": -11134000000.0,
      "Net Other Investing Changes": 131518000000.0,
      "Net Investment Purchase And Sale": -136490000000.0,
      "Net PPE Purchase And Sale": -6162000000.0,
      "Purchase Of PPE": -6162000000.0,
      "Operating Cash Flow": 271476000000.0,
      "Taxes Refund Paid": -97210000000.0,
      "Interest Received Cfo": 1804000000.0,
      "Change In Working Capital": -71249000000.0,
      "Change In Payable": 5334000000.0,
      "Change In Inventory": -26257000000.0,
      "Change In Receivables": -53099000000.0,
      "Other Non Cash Items": 3335000000.0,
      "Depreciation And Amortization": 8621000000.0,
      "Depreciation": 8621000000.0,
      "Gain Loss On Investment Securities": null,
      "Net Foreign Currency Exchange Gain Loss": -82000000.0,
      "Net Income From Continuing Operations": 431240000000.0
    },
    "2021-03-31T00:00:00": {
      "Free Cash Flow": null,
      "Capital Expenditure": null,
      "End Cash Position": null,
      "Other Cash Adjustment Outside Changein Cash": null,
      "Beginning Cash Position": null,
      "Effect Of Exchange Rate Changes": null,
      "Changes In Cash": null,
      "Financing Cash Flow": null,
      "Net Other Financing Charges": null,
      "Cash Dividends Paid": null,
      "Net Common Stock Issuance": null,
      "Investing Cash Flow": null,
      "Net Other Investing Changes": null,
      "Net Investment Purchase And Sale": null,
      "Net PPE Purchase And Sale": null,
      "Purchase Of PPE": null,
      "Operating Cash Flow": null,
      "Taxes Refund Paid": null,
      "Interest Received Cfo": null,
      "Change In Working Capital": null,
      "Change In Payable": null,
      "Change In Inventory": null,
      "Change In Receivables": null,
      "Other Non Cash Items": null,
      "Depreciation And Amortization": null,
      "Depreciation": null,
      "Gain Loss On Investment Securities": -838000000.0,
      "Net Foreign Currency Exchange Gain Loss": null,
      "Net Income From Continuing Operations": null
    }
  },
  "earnings_estimate": {
    "avg": {
      "0q": 473.07404,
      "+1q": 441.44214,
      "0y": 1757.8098,
      "+1y": 1995.3
    },
    "low": {
      "0q": 419.89,
      "+1q": 425.2,
      "0y": 1702.91,
      "+1y": 1882.87
    },
    "high": {
      "0q": 535.7421,
      "+1q": 457.68427,
      "0y": 1818.7795,
      "+1y": 2341.6
    },
    "yearAgoEps": {
      "0q": 440.74,
      "+1q": 379.82,
      "0y": 1643.77,
      "+1y": 1757.8098
    },
    "numberOfAnalysts": {
      "0q": 3,
      "+1q": 2,
      "0y": 18,
      "+1y": 18
    },
    "growth": {
      "0q": 0.0734,
      "+1q": 0.16219999,
      "0y": 0.0694,
      "+1y": 0.1351
    }
  },
  "revenue_estimate": {
    "avg": {
      "0q": 314377206300,
      "+1q": 299101723610,
      "0y": 1142068269060,
      "+1y": 1279595570420
    },
    "low": {
      "0q": 310578237770,
      "+1q": 293808618050,
      "0y": 1112000000000,
      "+1y": 1207000000000
    },
    "high": {
      "0q": 316695000000,
      "+1q": 304700000000,
      "0y": 1161153000000,
      "+1y": 1407003000000
    },
    "numberOfAnalysts": {
      "0q": 6,
      "+1q": 5,
      "0y": 18,
      "+1y": 18
    },
    "yearAgoRevenue": {
      "0q": 283955000000,
      "+1q": 261076000000,
      "0y": 790462000000,
      "+1y": 1142068269060
    },
    "growth": {
      "0q": 0.1071,
      "+1q": 0.1457,
      "0y": 0.4448,
      "+1y": 0.1204
    }
  },
  "growth_estimates": {
    "stockTrend": {
      "0q": null,
      "+1q": null,
      "0y": null,
      "+1y": null,
      "LTG": null
    },
    "indexTrend": {
      "0q": 0.1273,
      "+1q": 0.103599995,
      "0y": 0.14310001,
      "+1y": 0.1557,
      "LTG": 0.122
    }
  },
  "revenue_forecasts": null,
  "dividend_rate": 550.0,
  "trailing_dividend_rate": 450.0
}