{
  "ticker": "7203.T",
  "name": "Toyota",
  "country": "japan",
  "currency": "JPY",
  "last_fetched": "2026-02-26T20:49:42.673627",
  "market_cap": 49216135102464,
  "revenue": 50450762039296,
  "net_income": 3695587885056,
  "pe_ratio": 13.285951,
  "forward_pe": 11.646413,
  "dividend_yield": 2.55,
  "profit_margin": 0.073249996,
  "roe": 0.10032,
  "debt_to_equity": 105.339,
  "beta": 0.178,
  "ev_to_ebitda": 12.211,
  "sector": "Consumer Cyclical",
  "industry": "Auto Manufacturers",
  "summary": "Toyota Motor Corporation designs, manufactures, assembles, and sells passenger vehicles, minivans and commercial vehicles, and related parts and accessories in Japan, North America, Europe, Asia, Central and South America, Oceania, Africa, the Middle East, and internationally. It operates through Automotive, Financial Services, and All Other segments. The company offers subcompact and compact cars; mini-vehicles; mid-size, luxury, sports, and specialty cars; recreational and sport-utility vehicles; pickup trucks; minivans; trucks; and buses. It also develops and sells battery electric vehicles and batteries. In addition, the company provides financial services, such as retail financing and leasing, wholesale financing, insurance, and credit cards. Further, it operates GAZOO.com, a web portal for automobile information, as well as engages in telecommunications and other businesses. It offers vehicles under the Toyota and Lexus brand names. Toyota Motor Corporation was founded in 1933 and is headquartered in Toyota, Japan.",
  "website": "https://global.toyota/en",
  "employees": 390241,
  "target_high": 4700.0,
  "target_low": 3230.0,
  "target_mean": 3979.379,
  "target_median": 4000.0,
  "recommendation": "buy",
  "num_analysts": 17,
  "income_stmt": {
    "2025-03-31T00:00:00": {
      "Tax Effect Of Unusual Items": 208908931000.0,
      "Tax Rate For Calcs": 0.253,
      "Normalized EBITDA": 7924202000000.0,
      "Total Unusual Items": 825727000000.0,
      "Total Unusual Items Excluding Goodwill": 825727000000.0,
      "Net Income From Continuing Operation Net Minority Interest": 4765086000000.0,
      "Reconciled Depreciation": 2251233000000.0,
      "Reconciled Cost Of Revenue": 38458666000000.0,
      "EBITDA": 8749929000000.0,
      "EBIT": 6498696000000.0,
      "Net Interest Income": 245554000000.0,
      "Interest Expense": 84106000000.0,
      "Interest Income": 364628000000.0,
      "Normalized Income": 4148267931000.0,
      "Net Income From Continuing And Discontinued Operation": 4765086000000.0,
      "Total Expenses": 43241118000000.0,
      "Total Operating Income As Reported": 4795586000000.0,
      "Diluted Average Shares": 13252456000.0,
      "Basic Average Shares": 13252456000.0,
      "Diluted EPS": 359.56,
      "Basic EPS": 359.56,
      "Diluted NI Availto Com Stockholders": 4765086000000.0,
      "Average Dilution Earnings": null,
      "Net Income Common Stockholders": 4765086000000.0,
      "Otherunder Preferred Stock Dividend": null,
      "Net Income": 4765086000000.0,
      "Minority Interests": -24670000000.0,
      "Net Income Including Noncontrolling Interests": 4789755000000.0,
      "Net Income Continuous Operations": 4789755000000.0,
      "Tax Provision": 1624835000000.0,
      "Pretax Income": 6414590000000.0,
      "Other Income Expense": 1373449000000.0,
      "Other Non Operating Income Expenses": -43497000000.0,
      "Earnings From Equity Interest": 591219000000.0,
      "Gain On Sale Of Security": 825727000000.0,
      "Net Non Operating Interest Income Expense": 245554000000.0,
      "Total Other Finance Cost": 34968000000.0,
      "Interest Expense Non Operating": 84106000000.0,
      "Interest Income Non Operating": 364628000000.0,
      "Operating Income": 4795586000000.0,
      "Operating Expense": 4782452000000.0,
      "Selling General And Administration": 4782452000000.0,
      "Gross Profit": 9578038000000.0,
      "Cost Of Revenue": 38458666000000.0,
      "Total Revenue": 48036704000000.0,
      "Operating Revenue": 48036704000000.0
    },
    "2024-03-31T00:00:00": {
      "Tax Effect Of Unusual Items": 85610912000.0,
      "Tax Rate For Calcs": 0.272,
      "Normalized EBITDA": 8802138000000.0,
      "Total Unusual Items": 314746000000.0,
      "Total Unusual Items Excluding Goodwill": 314746000000.0,
      "Net Income From Continuing Operation Net Minority Interest": 4944933000000.0,
      "Reconciled Depreciation": 2087066000000.0,
      "Reconciled Cost Of Revenue": 35727007000000.0,
      "EBITDA": 9116884000000.0,
      "EBIT": 7029818000000.0,
      "Net Interest Income": 516350000000.0,
      "Interest Expense": 64733000000.0,
      "Interest Income": 454688000000.0,
      "Normalized Income": 4715797912000.0,
      "Net Income From Continuing And Discontinued Operation": 4944933000000.0,
      "Total Expenses": 39742390000000.0,
      "Total Operating Income As Reported": 5352934000000.0,
      "Diluted Average Shares": 13512848000.0,
      "Basic Average Shares": 13512848000.0,
      "Diluted EPS": 365.94,
      "Basic EPS": 365.94,
      "Diluted NI Availto Com Stockholders": 4944933000000.0,
      "Average Dilution Earnings": 0.0,
      "Net Income Common Stockholders": 4944933000000.0,
      "Otherunder Preferred Stock Dividend": null,
      "Net Income": 4944933000000.0,
      "Minority Interests": -126488000000.0,
      "Net Income Including Noncontrolling Interests": 5071421000000.0,
      "Net Income Continuous Operations": 5071421000000.0,
      "Tax Provision": 1893665000000.0,
      "Pretax Income": 6965085000000.0,
      "Other Income Expense": 1095801000000.0,
      "Other Non Operating Income Expenses": 17918000000.0,
      "Earnings From Equity Interest": 763137000000.0,
      "Gain On Sale Of Security": 314746000000.0,
      "Net Non Operating Interest Income Expense": 516350000000.0,
      "Total Other Finance Cost": -126395000000.0,
      "Interest Expense Non Operating": 64733000000.0,
      "Interest Income Non Operating": 454688000000.0,
      "Operating Income": 5352935000000.0,
      "Operating Expense": 4015383000000.0,
      "Selling General And Administration": 4015383000000.0,
      "Gross Profit": 9368318000000.0,
      "Cost Of Revenue": 35727007000000.0,
      "Total Revenue": 45095325000000.0,
      "Operating Revenue": 45095325000000.0
    },
    "2023-03-31T00:00:00": {
      "Tax Effect Of Unusual Items": 74823680000.0,
      "Tax Rate For Calcs": 0.32,
      "Normalized EBITDA": 5522169000000.0,
      "Total Unusual Items": 233824000000.0,
      "Total Unusual Items Excluding Goodwill": 233824000000.0,
      "Net Income From Continuing Operation Net Minority Interest": 2451318000000.0,
      "Reconciled Depreciation": 2039904000000.0,
      "Reconciled Cost Of Revenue": 30841282000000.0,
      "EBITDA": 5755993000000.0,
      "EBIT": 3716089000000.0,
      "Net Interest Income": 144928000000.0,
      "Interest Expense": 47356000000.0,
      "Interest Income": 234102000000.0,
      "Normalized Income": 2292317680000.0,
      "Net Income From Continuing And Discontinued Operation": 2451318000000.0,
      "Total Expenses": 34429272000000.0,
      "Total Operating Income As Reported": 2725025000000.0,
      "Diluted Average Shares": 13658382000.0,
      "Basic Average Shares": 13658382000.0,
      "Diluted EPS": 179.47,
      "Basic EPS": 179.47,
      "Diluted NI Availto Com Stockholders": 2451318000000.0,
      "Average Dilution Earnings": 0.0,
      "Net Income Common Stockholders": 2451318000000.0,
      "Otherunder Preferred Stock Dividend": null,
      "Net Income": 2451318000000.0,
      "Minority Interests": -41650000000.0,
      "Net Income Including Noncontrolling Interests": 2492967000000.0,
      "Net Income Continuous Operations": 2492967000000.0,
      "Tax Provision": 1175765000000.0,
      "Pretax Income": 3668733000000.0,
      "Other Income Expense": 798778000000.0,
      "Other Non Operating Income Expenses": -78109000000.0,
      "Earnings From Equity Interest": 643063000000.0,
      "Gain On Sale Of Security": 233824000000.0,
      "Net Non Operating Interest Income Expense": 144928000000.0,
      "Total Other Finance Cost": 41818000000.0,
      "Interest Expense Non Operating": 47356000000.0,
      "Interest Income Non Operating": 234102000000.0,
      "Operating Income": 2725026000000.0,
      "Operating Expense": 3587990000000.0,
      "Selling General And Administration": 3587990000000.0,
      "Gross Profit": 6313016000000.0,
      "Cost Of Revenue": 30841282000000.0,
      "Total Revenue": 37154298000000.0,
      "Operating Revenue": 37154298000000.0
    },
    "2022-03-31T00:00:00": {
      "Tax Effect Of Unusual Items": 87085600000.0,
      "Tax Rate For Calcs": 0.28,
      "Normalized EBITDA": 5533850000000.0,
      "Total Unusual Items": 311020000000.0,
      "Total Unusual Items Excluding Goodwill": 311020000000.0,
      "Net Income From Continuing Operation Net Minority Interest": 2850110000000.0,
      "Reconciled Depreciation": 1821880000000.0,
      "Reconciled Cost Of Revenue": 25407834000000.0,
      "EBITDA": 5844870000000.0,
      "EBIT": 4022990000000.0,
      "Net Interest Income": 195931000000.0,
      "Interest Expense": 32458000000.0,
      "Interest Income": 101512000000.0,
      "Normalized Income": 2626175600000.0,
      "Net Income From Continuing And Discontinued Operation": 2850110000000.0,
      "Total Expenses": 28383811000000.0,
      "Total Operating Income As Reported": 2995697000000.0,
      "Diluted Average Shares": 13887659000.0,
      "Basic Average Shares": 13887347864.0,
      "Diluted EPS": 205.23,
      "Basic EPS": 205.23,
      "Diluted NI Availto Com Stockholders": 2850132000000.0,
      "Average Dilution Earnings": 23000000.0,
      "Net Income Common Stockholders": 2850110000000.0,
      "Otherunder Preferred Stock Dividend": null,
      "Net Income": 2850110000000.0,
      "Minority Interests": -24504000000.0,
      "Net Income Including Noncontrolling Interests": 2874614000000.0,
      "Net Income Continuous Operations": 2874614000000.0,
      "Tax Provision": 1115918000000.0,
      "Pretax Income": 3990532000000.0,
      "Other Income Expense": 798905000000.0,
      "Other Non Operating Income Expenses": -72461000000.0,
      "Earnings From Equity Interest": 560346000000.0,
      "Gain On Sale Of Security": 311020000000.0,
      "Net Non Operating Interest Income Expense": 195931000000.0,
      "Total Other Finance Cost": -126877000000.0,
      "Interest Expense Non Operating": 32458000000.0,
      "Interest Income Non Operating": 101512000000.0,
      "Operating Income": 2995696000000.0,
      "Operating Expense": 2975977000000.0,
      "Selling General And Administration": 2975977000000.0,
      "Gross Profit": 5971673000000.0,
      "Cost Of Revenue": 25407834000000.0,
      "Total Revenue": 31379507000000.0,
      "Operating Revenue": 31379507000000.0
    },
    "2021-03-31T00:00:00": {
      "Tax Effect Of Unusual Items": null,
      "Tax Rate For Calcs": null,
      "Normalized EBITDA": null,
      "Total Unusual Items": null,
      "Total Unusual Items Excluding Goodwill": null,
      "Net Income From Continuing Operation Net Minority Interest": null,
      "Reconciled Depreciation": null,
      "Reconciled Cost Of Revenue": null,
      "EBITDA": null,
      "EBIT": null,
      "Net Interest Income": null,
      "Interest Expense": null,
      "Interest Income": null,
      "Normalized Income": null,
      "Net Income From Continuing And Discontinued Operation": null,
      "Total Expenses": null,
      "Total Operating Income As Reported": null,
      "Diluted Average Shares": null,
      "Basic Average Shares": null,
      "Diluted EPS": null,
      "Basic EPS": null,
      "Diluted NI Availto Com Stockholders": null,
      "Average Dilution Earnings": 12569000000.0,
      "Net Income Common Stockholders": null,
      "Otherunder Preferred Stock Dividend": -12569000000.0,
      "Net Income": null,
      "Minority Interests": null,
      "Net Income Including Noncontrolling Interests": null,
      "Net Income Continuous Operations": null,
      "Tax Provision": null,
      "Pretax Income": null,
      "Other Income Expense": null,
      "Other Non Operating Income Expenses": null,
      "Earnings From Equity Interest": null,
      "Gain On Sale Of Security": null,
      "Net Non Operating Interest Income Expense": null,
      "Total Other Finance Cost": null,
      "Interest Expense Non Operating": null,
      "Interest Income Non Operating": null,
      "Operating Income": null,
      "Operating Expense": null,
      "Selling General And Administration": null,
      "Gross Profit": null,
      "Cost Of Revenue": null,
      "Total Revenue": null,
      "Operating Revenue": null
    }
  },
  "quarterly_income": {
    "2025-12-31T00:00:00": {
      "Tax Effect Of Unusual Items": 78235607867.8311,
      "Tax Rate For Calcs": 0.240416,
      "Normalized EBITDA": 2036858000000.0,
      "Total Unusual Items": 325417000000.0,
      "Total Unusual Items Excluding Goodwill": 325417000000.0,
      "Net Income From Continuing Operation Net Minority Interest": 1257465000000.0,
      "Reconciled Depreciation": 614075000000.0,
      "Reconciled Cost Of Revenue": 11065447000000.0,
      "EBITDA": 2362275000000.0,
      "EBIT": 1748200000000.0,
      "Net Interest Income": 101329000000.0,
      "Interest Expense": 37843000000.0,
      "Interest Income": 139172000000.0,
      "Normalized Income": 1010283607867.831,
      "Net Income From Continuing And Discontinued Operation": 1257465000000.0,
      "Total Expenses": 12265822000000.0,
      "Total Operating Income As Reported": 1191030000000.0,
      "Diluted Average Shares": null,
      "Basic Average Shares": null,
      "Diluted EPS": null,
      "Basic EPS": null,
      "Diluted NI Availto Com Stockholders": 1257465000000.0,
      "Net Income Common Stockholders": 1257465000000.0,
      "Net Income": 1257465000000.0,
      "Minority Interests": -41693000000.0,
      "Net Income Including Noncontrolling Interests": 1299158000000.0,
      "Net Income Continuous Operations": 1299158000000.0,
      "Tax Provision": 411198000000.0,
      "Pretax Income": 1710357000000.0,
      "Other Income Expense": 417997000000.0,
      "Other Non Operating Income Expenses": -72708000000.0,
      "Earnings From Equity Interest": 165288000000.0,
      "Gain On Sale Of Security": 325417000000.0,
      "Net Non Operating Interest Income Expense": 101329000000.0,
      "Interest Expense Non Operating": 37843000000.0,
      "Interest Income Non Operating": 139172000000.0,
      "Operating Income": 1191030000000.0,
      "Operating Expense": 1200375000000.0,
      "Selling General And Administration": 1200375000000.0,
      "Gross Profit": 2391405000000.0,
      "Cost Of Revenue": 11065447000000.0,
      "Total Revenue": 13456852000000.0,
      "Operating Revenue": 13456852000000.0
    },
    "2025-09-30T00:00:00": {
      "Tax Effect Of Unusual Items": 32938020752.462326,
      "Tax Rate For Calcs": 0.206394,
      "Normalized EBITDA": 1664776000000.0,
      "Total Unusual Items": 159588000000.0,
      "Total Unusual Items Excluding Goodwill": 159588000000.0,
      "Net Income From Continuing Operation Net Minority Interest": 932081000000.0,
      "Reconciled Depreciation": 579590000000.0,
      "Reconciled Cost Of Revenue": 10408589000000.0,
      "EBITDA": 1824364000000.0,
      "EBIT": 1244774000000.0,
      "Net Interest Income": 120226000000.0,
      "Interest Expense": 18799000000.0,
      "Interest Income": 139025000000.0,
      "Normalized Income": 805431020752.4623,
      "Net Income From Continuing And Discontinued Operation": 932081000000.0,
      "Total Expenses": 11537876000000.0,
      "Total Operating Income As Reported": 839551000000.0,
      "Diluted Average Shares": null,
      "Basic Average Shares": null,
      "Diluted EPS": null,
      "Basic EPS": null,
      "Diluted NI Availto Com Stockholders": 932081000000.0,
      "Net Income Common Stockholders": 932081000000.0,
      "Net Income": 932081000000.0,
      "Minority Interests": -40861000000.0,
      "Net Income Including Noncontrolling Interests": 972942000000.0,
      "Net Income Continuous Operations": 972942000000.0,
      "Tax Provision": 253034000000.0,
      "Pretax Income": 1225975000000.0,
      "Other Income Expense": 266198000000.0,
      "Other Non Operating Income Expenses": -24970000000.0,
      "Earnings From Equity Interest": 131580000000.0,
      "Gain On Sale Of Security": 159588000000.0,
      "Net Non Operating Interest Income Expense": 120226000000.0,
      "Interest Expense Non Operating": 18799000000.0,
      "Interest Income Non Operating": 139025000000.0,
      "Operating Income": 839551000000.0,
      "Operating Expense": 1129287000000.0,
      "Selling General And Administration": 1129287000000.0,
      "Gross Profit": 1968838000000.0,
      "Cost Of Revenue": 10408589000000.0,
      "Total Revenue": 12377427000000.0,
      "Operating Revenue": 12377427000000.0
    },
    "2025-06-30T00:00:00": {
      "Tax Effect Of Unusual Items": -64444087159.54613,
      "Tax Rate For Calcs": 0.303445,
      "Normalized EBITDA": 2022562000000.0,
      "Total Unusual Items": -212375000000.0,
      "Total Unusual Items Excluding Goodwill": -212375000000.0,
      "Net Income From Continuing Operation Net Minority Interest": 841345000000.0,
      "Reconciled Depreciation": 551824000000.0,
      "Reconciled Cost Of Revenue": 10057513000000.0,
      "EBITDA": 1810187000000.0,
      "EBIT": 1258363000000.0,
      "Net Interest Income": 147510000000.0,
      "Interest Expense": 6211000000.0,
      "Interest Income": 153721000000.0,
      "Normalized Income": 989275912840.4539,
      "Net Income From Continuing And Discontinued Operation": 841345000000.0,
      "Total Expenses": 11087185000000.0,
      "Total Operating Income As Reported": 1166141000000.0,
      "Diluted Average Shares": 13032932250.0,
      "Basic Average Shares": 13032932250.0,
      "Diluted EPS": 64.56,
      "Basic EPS": 64.56,
      "Diluted NI Availto Com Stockholders": 841345000000.0,
      "Net Income Common Stockholders": 841345000000.0,
      "Net Income": 841345000000.0,
      "Minority Interests": -30848000000.0,
      "Net Income Including Noncontrolling Interests": 872193000000.0,
      "Net Income Continuous Operations": 872193000000.0,
      "Tax Provision": 379959000000.0,
      "Pretax Income": 1252152000000.0,
      "Other Income Expense": -61499000000.0,
      "Other Non Operating Income Expenses": 9832000000.0,
      "Earnings From Equity Interest": 141044000000.0,
      "Gain On Sale Of Security": -212375000000.0,
      "Net Non Operating Interest Income Expense": 147510000000.0,
      "Interest Expense Non Operating": 6211000000.0,
      "Interest Income Non Operating": 153721000000.0,
      "Operating Income": 1166141000000.0,
      "Operating Expense": 1029672000000.0,
      "Selling General And Administration": 1029672000000.0,
      "Gross Profit": 2195813000000.0,
      "Cost Of Revenue": 10057513000000.0,
      "Total Revenue": 12253326000000.0,
      "Operating Revenue": 12253326000000.0
    },
    "2025-03-31T00:00:00": {
      "Tax Effect Of Unusual Items": -70042108195.35255,
      "Tax Rate For Calcs": 0.2784,
      "Normalized EBITDA": 1724409000000.0,
      "Total Unusual Items": -251588000000.0,
      "Total Unusual Items Excluding Goodwill": -251588000000.0,
      "Net Income From Continuing Operation Net Minority Interest": 664697000000.0,
      "Reconciled Depreciation": 565484000000.0,
      "Reconciled Cost Of Revenue": 10030966000000.0,
      "EBITDA": 1472821000000.0,
      "EBIT": 907337000000.0,
      "Net Interest Income": -17915000000.0,
      "Interest Expense": -77160000000.0,
      "Interest Income": -60107000000.0,
      "Normalized Income": 846242891804.6475,
      "Net Income From Continuing And Discontinued Operation": 664697000000.0,
      "Total Expenses": 11247064000000.0,
      "Total Operating Income As Reported": 1116095000000.0,
      "Diluted Average Shares": null,
      "Basic Average Shares": null,
      "Diluted EPS": null,
      "Basic EPS": null,
      "Diluted NI Availto Com Stockholders": 664697000000.0,
      "Net Income Common Stockholders": 664697000000.0,
      "Net Income": 664697000000.0,
      "Minority Interests": -45717000000.0,
      "Net Income Including Noncontrolling Interests": 710413000000.0,
      "Net Income Continuous Operations": 710413000000.0,
      "Tax Provision": 274084000000.0,
      "Pretax Income": 984497000000.0,
      "Other Income Expense": -113683000000.0,
      "Other Non Operating Income Expenses": 1440000000.0,
      "Earnings From Equity Interest": 136465000000.0,
      "Gain On Sale Of Security": -251588000000.0,
      "Net Non Operating Interest Income Expense": -17915000000.0,
      "Interest Expense Non Operating": -77160000000.0,
      "Interest Income Non Operating": -60107000000.0,
      "Operating Income": 1116095000000.0,
      "Operating Expense": 1216098000000.0,
      "Selling General And Administration": 1216098000000.0,
      "Gross Profit": 2332193000000.0,
      "Cost Of Revenue": 10030966000000.0,
      "Total Revenue": 12363159000000.0,
      "Operating Revenue": 12363159000000.0
    },
    "2024-12-31T00:00:00": {
      "Tax Effect Of Unusual Items": 234108835932.5195,
      "Tax Rate For Calcs": 0.179514,
      "Normalized EBITDA": 2059255000000.0,
      "Total Unusual Items": 1304126000000.0,
      "Total Unusual Items Excluding Goodwill": 1304126000000.0,
      "Net Income From Continuing Operation Net Minority Interest": 2193276000000.0,
      "Reconciled Depreciation": 557785000000.0,
      "Reconciled Cost Of Revenue": 10012186000000.0,
      "EBITDA": 3363381000000.0,
      "EBIT": 2805596000000.0,
      "Net Interest Income": 46218000000.0,
      "Interest Expense": 107572000000.0,
      "Interest Income": 153790000000.0,
      "Normalized Income": 1123258835932.5195,
      "Net Income From Continuing And Discontinued Operation": 2193276000000.0,
      "Total Expenses": 11175821000000.0,
      "Total Operating Income As Reported": 1215274000000.0,
      "Diluted Average Shares": null,
      "Basic Average Shares": null,
      "Diluted EPS": null,
      "Basic EPS": null,
      "Diluted NI Availto Com Stockholders": 2193276000000.0,
      "Net Income Common Stockholders": 2193276000000.0,
      "Net Income": 2193276000000.0,
      "Minority Interests": -20415000000.0,
      "Net Income Including Noncontrolling Interests": 2213691000000.0,
      "Net Income Continuous Operations": 2213691000000.0,
      "Tax Provision": 484333000000.0,
      "Pretax Income": 2698024000000.0,
      "Other Income Expense": 1436531000000.0,
      "Other Non Operating Income Expenses": -58034000000.0,
      "Earnings From Equity Interest": 190439000000.0,
      "Gain On Sale Of Security": 1304126000000.0,
      "Net Non Operating Interest Income Expense": 46218000000.0,
      "Interest Expense Non Operating": 107572000000.0,
      "Interest Income Non Operating": 153790000000.0,
      "Operating Income": 1215274000000.0,
      "Operating Expense": 1163635000000.0,
      "Selling General And Administration": 1163635000000.0,
      "Gross Profit": 2378909000000.0,
      "Cost Of Revenue": 10012186000000.0,
      "Total Revenue": 12391095000000.0,
      "Operating Revenue": 12391095000000.0
    },
    "2024-06-30T00:00:00": {
      "Tax Effect Of Unusual Items": null,
      "Tax Rate For Calcs": null,
      "Normalized EBITDA": null,
      "Total Unusual Items": null,
      "Total Unusual Items Excluding Goodwill": null,
      "Net Income From Continuing Operation Net Minority Interest": null,
      "Reconciled Depreciation": null,
      "Reconciled Cost Of Revenue": null,
      "EBITDA": null,
      "EBIT": null,
      "Net Interest Income": null,
      "Interest Expense": null,
      "Interest Income": null,
      "Normalized Income": null,
      "Net Income From Continuing And Discontinued Operation": null,
      "Total Expenses": null,
      "Total Operating Income As Reported": null,
      "Diluted Average Shares": 13469159202.0,
      "Basic Average Shares": 13469159202.0,
      "Diluted EPS": 98.99,
      "Basic EPS": 98.99,
      "Diluted NI Availto Com Stockholders": null,
      "Net Income Common Stockholders": null,
      "Net Income": null,
      "Minority Interests": null,
      "Net Income Including Noncontrolling Interests": null,
      "Net Income Continuous Operations": null,
      "Tax Provision": null,
      "Pretax Income": null,
      "Other Income Expense": null,
      "Other Non Operating Income Expenses": null,
      "Earnings From Equity Interest": null,
      "Gain On Sale Of Security": null,
      "Net Non Operating Interest Income Expense": null,
      "Interest Expense Non Operating": null,
      "Interest Income Non Operating": null,
      "Operating Income": null,
      "Operating Expense": null,
      "Selling General And Administration": null,
      "Gross Profit": null,
      "Cost Of Revenue": null,
      "Total Revenue": null,
      "Operating Revenue": null
    }
  },
  "balance_sheet": {
    "2025-03-31T00:00:00": {
      "Treasury Shares Number": 2746057686.0,
      "Ordinary Shares Number": 13048929774.0,
      "Share Issued": 15794987460.0,
      "Net Debt": 29277124000000.0,
      "Total Debt": 38792879000000.0,
      "Tangible Book Value": 34561560000000.0,
      "Invested Capital": 74184354000000.0,
      "Working Capital": 7644456000000.0,
      "Net Tangible Assets": 34561560000000.0,
      "Capital Lease Obligations": 533351000000.0,
      "Common Stock Equity": 35924826000000.0,
      "Total Capitalization": 58446985000000.0,
      "Total Equity Gross Minority Interest": 36878914000000.0,
      "Minority Interest": 954088000000.0,
      "Stockholders Equity": 35924826000000.0,
      "Other Equity Interest": 3610133000000.0,
      "Treasury Stock": 4415943000000.0,
      "Retained Earnings": 35841218000000.0,
      "Additional Paid In Capital": 492368000000.0,
      "Capital Stock": 397050000000.0,
      "Common Stock": 397050000000.0,
      "Total Liabilities Net Minority Interest": 56722436000000.0,
      "Total Non Current Liabilities Net Minority Interest": 27288216000000.0,
      "Other Non Current Liabilities": 1645852000000.0,
      "Employee Benefits": 1019568000000.0,
      "Non Current Pension And Other Postretirement Benefit Plans": 1019568000000.0,
      "Non Current Deferred Liabilities": 1659433000000.0,
      "Non Current Deferred Taxes Liabilities": 1659433000000.0,
      "Long Term Debt And Capital Lease Obligation": 22963363000000.0,
      "Long Term Capital Lease Obligation": 441204000000.0,
      "Long Term Debt": 22522159000000.0,
      "Current Liabilities": 29434220000000.0,
      "Other Current Liabilities": 5743924000000.0,
      "Current Debt And Capital Lease Obligation": 15829516000000.0,
      "Current Capital Lease Obligation": 92147000000.0,
      "Current Debt": 15737369000000.0,
      "Other Current Borrowings": 11825066000000.0,
      "Commercial Paper": 3912303000000.0,
      "Payables And Accrued Expenses": 7860780000000.0,
      "Current Accrued Expenses": 1827933000000.0,
      "Payables": 6032847000000.0,
      "Other Payable": 1492427000000.0,
      "Total Tax Payable": 505500000000.0,
      "Income Tax Payable": 505500000000.0,
      "Accounts Payable": 4034920000000.0,
      "Total Assets": 93601350000000.0,
      "Total Non Current Assets": 56522674000000.0,
      "Other Non Current Assets": 872101000000.0,
      "Non Current Deferred Assets": 517869000000.0,
      "Non Current Deferred Taxes Assets": 517869000000.0,
      "Non Current Accounts Receivable": 22171786000000.0,
      "Investments And Advances": 15680892000000.0,
      "Investmentin Financial Assets": 9882841000000.0,
      "Available For Sale Securities": 9882841000000.0,
      "Long Term Equity Investment": 5798051000000.0,
      "Investmentsin Joint Venturesat Cost": 910377000000.0,
      "Investmentsin Associatesat Cost": 4887674000000.0,
      "Goodwill And Other Intangible Assets": 1363266000000.0,
      "Other Intangible Assets": 1363266000000.0,
      "Net PPE": 15916760000000.0,
      "Accumulated Depreciation": -18533826000000.0,
      "Gross PPE": 34450586000000.0,
      "Construction In Progress": 1596145000000.0,
      "Other Properties": 8205830000000.0,
      "Machinery Furniture Equipment": 16621243000000.0,
      "Buildings And Improvements": 6525552000000.0,
      "Land And Improvements": 1501816000000.0,
      "Properties": 0.0,
      "Current Assets": 37078676000000.0,
      "Other Current Assets": 1212782000000.0,
      "Inventory": 4598232000000.0,
      "Finished Goods": 2875405000000.0,
      "Work In Process": 486552000000.0,
      "Raw Materials": 1236275000000.0,
      "Receivables": 15349499000000.0,
      "Receivables Adjustments Allowances": -37442000000.0,
      "Other Receivables": 1236794000000.0,
      "Taxes Receivable": 216528000000.0,
      "Accounts Receivable": 13933619000000.0,
      "Cash Cash Equivalents And Short Term Investments": 15918163000000.0,
      "Other Short Term Investments": 6935759000000.0,
      "Cash And Cash Equivalents": 8982404000000.0,
      "Cash Equivalents": 2637713000000.0,
      "Cash Financial": 6344691000000.0
    },
    "2024-03-31T00:00:00": {
      "Treasury Shares Number": 2840815433.0,
      "Ordinary Shares Number": 13474172027.0,
      "Share Issued": 16314987460.0,
      "Net Debt": 26687153000000.0,
      "Total Debt": 36561781000000.0,
      "Tangible Book Value": 32865665000000.0,
      "Invested Capital": 70320204000000.0,
      "Working Capital": 5536370000000.0,
      "Net Tangible Assets": 32865665000000.0,
      "Capital Lease Obligations": 462568000000.0,
      "Common Stock Equity": 34220991000000.0,
      "Total Capitalization": 54987375000000.0,
      "Total Equity Gross Minority Interest": 35239338000000.0,
      "Minority Interest": 1018347000000.0,
      "Stockholders Equity": 34220991000000.0,
      "Other Equity Interest": 4503756000000.0,
      "Treasury Stock": 3966982000000.0,
      "Retained Earnings": 32795365000000.0,
      "Additional Paid In Capital": 491802000000.0,
      "Capital Stock": 397050000000.0,
      "Common Stock": 397050000000.0,
      "Total Liabilities Net Minority Interest": 54874958000000.0,
      "Total Non Current Liabilities Net Minority Interest": 25697049000000.0,
      "Other Non Current Liabilities": 1243953000000.0,
      "Employee Benefits": 1077962000000.0,
      "Non Current Pension And Other Postretirement Benefit Plans": 1077962000000.0,
      "Non Current Deferred Liabilities": 2219638000000.0,
      "Non Current Deferred Taxes Liabilities": 2219638000000.0,
      "Long Term Debt And Capital Lease Obligation": 21155496000000.0,
      "Long Term Capital Lease Obligation": 389112000000.0,
      "Long Term Debt": 20766384000000.0,
      "Current Liabilities": 29177909000000.0,
      "Other Current Liabilities": 5431965000000.0,
      "Current Debt And Capital Lease Obligation": 15406285000000.0,
      "Current Capital Lease Obligation": 73456000000.0,
      "Current Debt": 15332829000000.0,
      "Other Current Borrowings": 11232702000000.0,
      "Commercial Paper": 4100127000000.0,
      "Payables And Accrued Expenses": 8339659000000.0,
      "Current Accrued Expenses": 1863760000000.0,
      "Payables": 6475899000000.0,
      "Other Payable": 1423289000000.0,
      "Total Tax Payable": 1224542000000.0,
      "Income Tax Payable": 1224542000000.0,
      "Accounts Payable": 3828068000000.0,
      "Total Assets": 90114296000000.0,
      "Total Non Current Assets": 55400016000000.0,
      "Other Non Current Assets": 1014083000000.0,
      "Non Current Deferred Assets": 502230000000.0,
      "Non Current Deferred Taxes Assets": 502230000000.0,
      "Non Current Accounts Receivable": 20637090000000.0,
      "Investments And Advances": 17100665000000.0,
      "Investmentin Financial Assets": 11390559000000.0,
      "Available For Sale Securities": 11390559000000.0,
      "Long Term Equity Investment": 5710106000000.0,
      "Investmentsin Joint Venturesat Cost": 1093508000000.0,
      "Investmentsin Associatesat Cost": 4616598000000.0,
      "Goodwill And Other Intangible Assets": 1355326000000.0,
      "Other Intangible Assets": 1355326000000.0,
      "Net PPE": 14790622000000.0,
      "Accumulated Depreciation": -18101905000000.0,
      "Gross PPE": 32892527000000.0,
      "Construction In Progress": 1040188000000.0,
      "Other Properties": 7654951000000.0,
      "Machinery Furniture Equipment": 16469032000000.0,
      "Buildings And Improvements": 6226157000000.0,
      "Land And Improvements": 1502199000000.0,
      "Properties": 0.0,
      "Current Assets": 34714279000000.0,
      "Other Current Assets": 1031099000000.0,
      "Inventory": 4605368000000.0,
      "Finished Goods": 2796831000000.0,
      "Work In Process": 496471000000.0,
      "Raw Materials": 1312066000000.0,
      "Receivables": 14963584000000.0,
      "Receivables Adjustments Allowances": -32684000000.0,
      "Other Receivables": 1149679000000.0,
      "Taxes Receivable": 116886000000.0,
      "Accounts Receivable": 13729703000000.0,
      "Cash Cash Equivalents And Short Term Investments": 14114228000000.0,
      "Other Short Term Investments": 4702168000000.0,
      "Cash And Cash Equivalents": 9412060000000.0,
      "Cash Equivalents": 3166803000000.0,
      "Cash Financial": 6245257000000.0
    },
    "2023-03-31T00:00:00": {
      "Treasury Shares Number": 2749807731.0,
      "Ordinary Shares Number": 13565179729.0,
      "Share Issued": 16314987460.0,
      "Net Debt": 21407186000000.0,
      "Total Debt": 29380272000000.0,
      "Tangible Book Value": 27089584000000.0,
      "Invested Capital": 57262858000000.0,
      "Working Capital": 2500066000000.0,
      "Net Tangible Assets": 27089584000000.0,
      "Capital Lease Obligations": 456120000000.0,
      "Common Stock Equity": 28338706000000.0,
      "Total Capitalization": 45024090000000.0,
      "Total Equity Gross Minority Interest": 29264213000000.0,
      "Minority Interest": 925507000000.0,
      "Stockholders Equity": 28338706000000.0,
      "Other Equity Interest": 2836194000000.0,
      "Treasury Stock": 3736562000000.0,
      "Retained Earnings": 28343296000000.0,
      "Additional Paid In Capital": 498728000000.0,
      "Capital Stock": 397050000000.0,
      "Common Stock": 397050000000.0,
      "Total Liabilities Net Minority Interest": 45038967000000.0,
      "Total Non Current Liabilities Net Minority Interest": 21079252000000.0,
      "Other Non Current Liabilities": 1136764000000.0,
      "Employee Benefits": 1065508000000.0,
      "Non Current Pension And Other Postretirement Benefit Plans": 1065508000000.0,
      "Non Current Deferred Liabilities": 1802346000000.0,
      "Non Current Deferred Taxes Liabilities": 1802346000000.0,
      "Long Term Debt And Capital Lease Obligation": 17074634000000.0,
      "Long Term Capital Lease Obligation": 389250000000.0,
      "Long Term Debt": 16685384000000.0,
      "Current Liabilities": 23959715000000.0,
      "Other Current Liabilities": 4710818000000.0,
      "Current Debt And Capital Lease Obligation": 12305638000000.0,
      "Current Capital Lease Obligation": 66870000000.0,
      "Current Debt": 12238768000000.0,
      "Other Current Borrowings": 8565321000000.0,
      "Commercial Paper": 3673447000000.0,
      "Payables And Accrued Expenses": 6943259000000.0,
      "Current Accrued Expenses": 1552345000000.0,
      "Payables": 5390914000000.0,
      "Other Payable": 1166974000000.0,
      "Total Tax Payable": 404606000000.0,
      "Income Tax Payable": 404606000000.0,
      "Accounts Payable": 3819334000000.0,
      "Total Assets": 74303180000000.0,
      "Total Non Current Assets": 47843399000000.0,
      "Other Non Current Assets": 806687000000.0,
      "Non Current Deferred Assets": 387427000000.0,
      "Non Current Deferred Taxes Assets": 387427000000.0,
      "Non Current Accounts Receivable": 16491045000000.0,
      "Investments And Advances": 15783776000000.0,
      "Investmentin Financial Assets": 10556431000000.0,
      "Available For Sale Securities": 10556431000000.0,
      "Long Term Equity Investment": 5227345000000.0,
      "Investmentsin Joint Venturesat Cost": 1057773000000.0,
      "Investmentsin Associatesat Cost": 4169573000000.0,
      "Goodwill And Other Intangible Assets": 1249122000000.0,
      "Other Intangible Assets": 1249122000000.0,
      "Net PPE": 13125342000000.0,
      "Accumulated Depreciation": -16675119000000.0,
      "Gross PPE": 29800461000000.0,
      "Construction In Progress": 846866000000.0,
      "Other Properties": 6867380000000.0,
      "Machinery Furniture Equipment": 14796619000000.0,
      "Buildings And Improvements": 5798509000000.0,
      "Land And Improvements": 1491087000000.0,
      "Properties": 0.0,
      "Current Assets": 26459781000000.0,
      "Other Current Assets": 886885000000.0,
      "Inventory": 4255614000000.0,
      "Finished Goods": 2317143000000.0,
      "Work In Process": 530915000000.0,
      "Raw Materials": 1407556000000.0,
      "Receivables": 12084641000000.0,
      "Receivables Adjustments Allowances": -41679000000.0,
      "Other Receivables": 870398000000.0,
      "Taxes Receivable": 218704000000.0,
      "Accounts Receivable": 11037218000000.0,
      "Cash Cash Equivalents And Short Term Investments": 9232641000000.0,
      "Other Short Term Investments": 1715675000000.0,
      "Cash And Cash Equivalents": 7516966000000.0,
      "Cash Equivalents": 1568669000000.0,
      "Cash Financial": 5948297000000.0
    },
    "2022-03-31T00:00:00": {
      "Treasury Shares Number": 2536685916.0,
      "Ordinary Shares Number": 13778301544.0,
      "Share Issued": 16314987460.0,
      "Net Debt": 19961774000000.0,
      "Total Debt": 26496357000000.0,
      "Tangible Book Value": 25054003000000.0,
      "Invested Capital": 52321398000000.0,
      "Working Capital": 1880129000000.0,
      "Net Tangible Assets": 25054003000000.0,
      "Capital Lease Obligations": 420928000000.0,
      "Common Stock Equity": 26245969000000.0,
      "Total Capitalization": 41189696000000.0,
      "Total Equity Gross Minority Interest": 27154820000000.0,
      "Minority Interest": 908851000000.0,
      "Stockholders Equity": 26245969000000.0,
      "Other Equity Interest": 2203255000000.0,
      "Treasury Stock": 3306037000000.0,
      "Retained Earnings": 26453126000000.0,
      "Additional Paid In Capital": 498575000000.0,
      "Capital Stock": 397050000000.0,
      "Common Stock": 397050000000.0,
      "Total Liabilities Net Minority Interest": 40533951000000.0,
      "Total Non Current Liabilities Net Minority Interest": 18691790000000.0,
      "Other Non Current Liabilities": 1005728000000.0,
      "Employee Benefits": 1022749000000.0,
      "Non Current Pension And Other Postretirement Benefit Plans": 1022749000000.0,
      "Non Current Deferred Liabilities": 1354794000000.0,
      "Non Current Deferred Taxes Liabilities": 1354794000000.0,
      "Long Term Debt And Capital Lease Obligation": 15308519000000.0,
      "Long Term Capital Lease Obligation": 364792000000.0,
      "Long Term Debt": 14943727000000.0,
      "Current Liabilities": 21842161000000.0,
      "Other Current Liabilities": 4014970000000.0,
      "Current Debt And Capital Lease Obligation": 11187838000000.0,
      "Current Capital Lease Obligation": 56136000000.0,
      "Current Debt": 11131702000000.0,
      "Other Current Borrowings": 7879146000000.0,
      "Commercial Paper": 3252556000000.0,
      "Payables And Accrued Expenses": 6639353000000.0,
      "Current Accrued Expenses": 1520446000000.0,
      "Payables": 5118907000000.0,
      "Other Payable": 1124008000000.0,
      "Total Tax Payable": 826815000000.0,
      "Income Tax Payable": 826815000000.0,
      "Accounts Payable": 3168084000000.0,
      "Total Assets": 67688771000000.0,
      "Total Non Current Assets": 43966480000000.0,
      "Other Non Current Assets": 718968000000.0,
      "Non Current Deferred Assets": 342202000000.0,
      "Non Current Deferred Taxes Assets": 342202000000.0,
      "Non Current Accounts Receivable": 14583130000000.0,
      "Investments And Advances": 14355162000000.0,
      "Investmentin Financial Assets": 9517267000000.0,
      "Available For Sale Securities": 9517267000000.0,
      "Long Term Equity Investment": 4837895000000.0,
      "Investmentsin Joint Venturesat Cost": 911628000000.0,
      "Investmentsin Associatesat Cost": 3926267000000.0,
      "Goodwill And Other Intangible Assets": 1191966000000.0,
      "Other Intangible Assets": 1191966000000.0,
      "Net PPE": 12775052000000.0,
      "Accumulated Depreciation": -15648890000000.0,
      "Gross PPE": 28423942000000.0,
      "Construction In Progress": 565528000000.0,
      "Other Properties": 6856181000000.0,
      "Machinery Furniture Equipment": 13982362000000.0,
      "Buildings And Improvements": 5590153000000.0,
      "Land And Improvements": 1429718000000.0,
      "Properties": 0.0,
      "Current Assets": 23722290000000.0,
      "Other Current Assets": 791947000000.0,
      "Inventory": 3821356000000.0,
      "Finished Goods": 2012243000000.0,
      "Work In Process": 547810000000.0,
      "Raw Materials": 1261303000000.0,
      "Receivables": 10488084000000.0,
      "Receivables Adjustments Allowances": -40124000000.0,
      "Other Receivables": 716558000000.0,
      "Taxes Receivable": 163925000000.0,
      "Accounts Receivable": 9647725000000.0,
      "Cash Cash Equivalents And Short Term Investments": 8620903000000.0,
      "Other Short Term Investments": 2507248000000.0,
      "Cash And Cash Equivalents": 6113655000000.0,
      "Cash Equivalents": 1482773000000.0,
      "Cash Financial": 4630882000000.0
    }
  },
  "cashflow": {
    "2025-03-31T00:00:00": {
      "Free Cash Flow": -1560993000000.0,
      "Repayment Of Debt": -10872262000000.0,
      "Issuance Of Debt": 13381581000000.0,
      "Capital Expenditure": -5257927000000.0,
      "End Cash Position": 8982404000000.0,
      "Beginning Cash Position": 9412060000000.0,
      "Effect Of Exchange Rate Changes": -134089000000.0,
      "Changes In Cash": -295567000000.0,
      "Financing Cash Flow": 197236000000.0,
      "Cash Flow From Continuing Financing Activities": 197235000000.0,
      "Net Other Financing Charges": -76386000000.0,
      "Cash Dividends Paid": -1132329000000.0,
      "Common Stock Dividend Paid": -1132329000000.0,
      "Net Common Stock Issuance": -1179043000000.0,
      "Net Issuance Payments Of Debt": 2584994000000.0,
      "Net Short Term Debt Issuance": 75675000000.0,
      "Net Long Term Debt Issuance": 2509319000000.0,
      "Long Term Debt Payments": -10872262000000.0,
      "Long Term Debt Issuance": 13381581000000.0,
      "Investing Cash Flow": -4189736000000.0,
      "Cash Flow From Continuing Investing Activities": -4189737000000.0,
      "Net Other Investing Changes": -494550000000.0,
      "Net Investment Purchase And Sale": -215979000000.0,
      "Sale Of Investment": 3749571000000.0,
      "Purchase Of Investment": -3965550000000.0,
      "Net Intangibles Purchase And Sale": -354196000000.0,
      "Purchase Of Intangibles": -354196000000.0,
      "Net PPE Purchase And Sale": -3125011000000.0,
      "Sale Of PPE": 1778720000000.0,
      "Purchase Of PPE": -4903731000000.0,
      "Operating Cash Flow": 3696934000000.0,
      "Cash Flow From Continuing Operating Activities": 3696933000000.0,
      "Taxes Refund Paid": -2501315000000.0,
      "Interest Received Cfo": 2672724000000.0,
      "Interest Paid Cfo": -1609083000000.0,
      "Dividend Received Cfo": 623295000000.0,
      "Change In Working Capital": -2815550000000.0,
      "Change In Other Working Capital": -987645000000.0,
      "Change In Other Current Liabilities": 676465000000.0,
      "Change In Other Current Assets": -462114000000.0,
      "Change In Payables And Accrued Expense": 362924000000.0,
      "Change In Payable": 362924000000.0,
      "Change In Inventory": -70654000000.0,
      "Change In Receivables": -2334526000000.0,
      "Changes In Account Receivables": 55139000000.0,
      "Other Non Cash Items": -747741000000.0,
      "Deferred Tax": 1624835000000.0,
      "Deferred Income Tax": 1624835000000.0,
      "Depreciation Amortization Depletion": 2251233000000.0,
      "Depreciation And Amortization": 2251233000000.0,
      "Operating Gains Losses": -591219000000.0,
      "Earnings Losses From Equity Investments": -591219000000.0,
      "Net Income From Continuing Operations": 4789755000000.0
    },
    "2024-03-31T00:00:00": {
      "Free Cash Flow": -842021000000.0,
      "Repayment Of Debt": -8752329000000.0,
      "Issuance Of Debt": 12057349000000.0,
      "Capital Expenditure": -5048394000000.0,
      "End Cash Position": 9412060000000.0,
      "Beginning Cash Position": 7516966000000.0,
      "Effect Of Exchange Rate Changes": 189914000000.0,
      "Changes In Cash": 1705180000000.0,
      "Financing Cash Flow": 2497558000000.0,
      "Cash Flow From Continuing Financing Activities": 2497558000000.0,
      "Net Other Financing Charges": -97936000000.0,
      "Cash Dividends Paid": -880197000000.0,
      "Common Stock Dividend Paid": -880197000000.0,
      "Net Common Stock Issuance": -231069000000.0,
      "Net Issuance Payments Of Debt": 3706760000000.0,
      "Net Short Term Debt Issuance": 401740000000.0,
      "Net Long Term Debt Issuance": 3305020000000.0,
      "Long Term Debt Payments": -8752329000000.0,
      "Long Term Debt Issuance": 12057349000000.0,
      "Investing Cash Flow": -4998751000000.0,
      "Cash Flow From Continuing Investing Activities": -4998751000000.0,
      "Net Other Investing Changes": -1392565000000.0,
      "Net Investment Purchase And Sale": -721411000000.0,
      "Sale Of Investment": 2251368000000.0,
      "Purchase Of Investment": -2972779000000.0,
      "Net Intangibles Purchase And Sale": -334287000000.0,
      "Purchase Of Intangibles": -334287000000.0,
      "Net PPE Purchase And Sale": -2550488000000.0,
      "Sale Of PPE": 2163619000000.0,
      "Purchase Of PPE": -4714107000000.0,
      "Operating Cash Flow": 4206373000000.0,
      "Cash Flow From Continuing Operating Activities": 4206374000000.0,
      "Taxes Refund Paid": -1124322000000.0,
      "Interest Received Cfo": 2292156000000.0,
      "Interest Paid Cfo": -1148392000000.0,
      "Dividend Received Cfo": 587259000000.0,
      "Change In Working Capital": -3975836000000.0,
      "Change In Other Working Capital": -411358000000.0,
      "Change In Other Current Liabilities": 666352000000.0,
      "Change In Other Current Assets": -326365000000.0,
      "Change In Payables And Accrued Expense": 560737000000.0,
      "Change In Payable": 560737000000.0,
      "Change In Inventory": -207529000000.0,
      "Change In Receivables": -4257673000000.0,
      "Changes In Account Receivables": -859239000000.0,
      "Other Non Cash Items": -713507000000.0,
      "Deferred Tax": 1893665000000.0,
      "Deferred Income Tax": 1893665000000.0,
      "Depreciation Amortization Depletion": 2087066000000.0,
      "Depreciation And Amortization": 2087066000000.0,
      "Operating Gains Losses": -763137000000.0,
      "Earnings Losses From Equity Investments": -763137000000.0,
      "Net Income From Continuing Operations": 5071421000000.0
    },
    "2023-03-31T00:00:00": {
      "Free Cash Flow": -750756000000.0,
      "Repayment Of Debt": -8353033000000.0,
      "Issuance Of Debt": 9276918000000.0,
      "Capital Expenditure": -3705832000000.0,
      "End Cash Position": 7516966000000.0,
      "Beginning Cash Position": 6113655000000.0,
      "Effect Of Exchange Rate Changes": 103305000000.0,
      "Changes In Cash": 1300006000000.0,
      "Financing Cash Flow": -56180000000.0,
      "Cash Flow From Continuing Financing Activities": -56181000000.0,
      "Net Other Financing Charges": -60675000000.0,
      "Cash Dividends Paid": -727980000000.0,
      "Common Stock Dividend Paid": -727980000000.0,
      "Net Common Stock Issuance": -431099000000.0,
      "Net Issuance Payments Of Debt": 1163574000000.0,
      "Net Short Term Debt Issuance": 239689000000.0,
      "Net Long Term Debt Issuance": 923885000000.0,
      "Long Term Debt Payments": -8353033000000.0,
      "Long Term Debt Issuance": 9276918000000.0,
      "Investing Cash Flow": -1598890000000.0,
      "Cash Flow From Continuing Investing Activities": -1598891000000.0,
      "Net Other Investing Changes": 207830000000.0,
      "Net Investment Purchase And Sale": 183515000000.0,
      "Sale Of Investment": 1333729000000.0,
      "Purchase Of Investment": -1150214000000.0,
      "Net Intangibles Purchase And Sale": -348280000000.0,
      "Purchase Of Intangibles": -348280000000.0,
      "Net PPE Purchase And Sale": -1641955000000.0,
      "Sale Of PPE": 1715597000000.0,
      "Purchase Of PPE": -3357552000000.0,
      "Operating Cash Flow": 2955076000000.0,
      "Cash Flow From Continuing Operating Activities": 2955075000000.0,
      "Taxes Refund Paid": -1297224000000.0,
      "Interest Received Cfo": 1516404000000.0,
      "Interest Paid Cfo": -593216000000.0,
      "Dividend Received Cfo": 460351000000.0,
      "Change In Working Capital": -1502482000000.0,
      "Change In Other Working Capital": -76953000000.0,
      "Change In Other Current Liabilities": 566879000000.0,
      "Change In Other Current Assets": -61538000000.0,
      "Change In Payables And Accrued Expense": 712400000000.0,
      "Change In Payable": 712400000000.0,
      "Change In Inventory": -350550000000.0,
      "Change In Receivables": -2292720000000.0,
      "Changes In Account Receivables": -532432000000.0,
      "Other Non Cash Items": -694330000000.0,
      "Deferred Tax": 1175765000000.0,
      "Deferred Income Tax": 1175765000000.0,
      "Depreciation Amortization Depletion": 2039904000000.0,
      "Depreciation And Amortization": 2039904000000.0,
      "Operating Gains Losses": -643063000000.0,
      "Earnings Losses From Equity Investments": -643063000000.0,
      "Net Income From Continuing Operations": 2492967000000.0
    },
    "2022-03-31T00:00:00": {
      "Free Cash Flow": -107629000000.0,
      "Repayment Of Debt": -8843665000000.0,
      "Issuance Of Debt": 8122678000000.0,
      "Capital Expenditure": -3830244000000.0,
      "End Cash Position": 6113655000000.0,
      "Beginning Cash Position": 5100857000000.0,
      "Effect Of Exchange Rate Changes": 334195000000.0,
      "Changes In Cash": 678603000000.0,
      "Financing Cash Flow": -2466516000000.0,
      "Cash Flow From Continuing Financing Activities": -2466516000000.0,
      "Net Other Financing Charges": -51723000000.0,
      "Cash Dividends Paid": -709872000000.0,
      "Common Stock Dividend Paid": -709872000000.0,
      "Net Common Stock Issuance": -404718000000.0,
      "Net Issuance Payments Of Debt": -1300203000000.0,
      "Net Short Term Debt Issuance": -579216000000.0,
      "Net Long Term Debt Issuance": -720987000000.0,
      "Long Term Debt Payments": -8843665000000.0,
      "Long Term Debt Issuance": 8122678000000.0,
      "Investing Cash Flow": -577496000000.0,
      "Cash Flow From Continuing Investing Activities": -577494000000.0,
      "Net Other Investing Changes": 1898141000000.0,
      "Net Investment Purchase And Sale": -225274000000.0,
      "Sale Of Investment": 2202637000000.0,
      "Purchase Of Investment": -2427911000000.0,
      "Net Intangibles Purchase And Sale": -346085000000.0,
      "Purchase Of Intangibles": -346085000000.0,
      "Net PPE Purchase And Sale": -1904278000000.0,
      "Sale Of PPE": 1579881000000.0,
      "Purchase Of PPE": -3484159000000.0,
      "Operating Cash Flow": 3722615000000.0,
      "Cash Flow From Continuing Operating Activities": 3722617000000.0,
      "Taxes Refund Paid": -809763000000.0,
      "Interest Received Cfo": 835739000000.0,
      "Interest Paid Cfo": -418043000000.0,
      "Dividend Received Cfo": 347387000000.0,
      "Change In Working Capital": -1130667000000.0,
      "Change In Other Working Capital": -5478000000.0,
      "Change In Other Current Liabilities": 470965000000.0,
      "Change In Other Current Assets": 71314000000.0,
      "Change In Payables And Accrued Expense": 152399000000.0,
      "Change In Payable": 152399000000.0,
      "Change In Inventory": -725285000000.0,
      "Change In Receivables": -1094582000000.0,
      "Changes In Account Receivables": 118652000000.0,
      "Other Non Cash Items": -354104000000.0,
      "Deferred Tax": 1115918000000.0,
      "Deferred Income Tax": 1115918000000.0,
      "Depreciation Amortization Depletion": 1821880000000.0,
      "Depreciation And Amortization": 1821880000000.0,
      "Operating Gains Losses": -560346000000.0,
      "Earnings Losses From Equity Investments": -560346000000.0,
      "Net Income From Continuing Operations": 2874614000000.0
    }
  },
  "earnings_estimate": {
    "avg": {
      "0q": -8.14776,
      "+1q": 81.43056,
      "0y": 288.37238,
      "+1y": 331.528
    },
    "low": {
      "0q": -130.37329,
      "+1q": 76.84356,
      "0y": 262.8,
      "+1y": 255.55
    },
    "high": {
      "0q": 68.0,
      "+1q": 86.01756,
      "0y": 317.013,
      "+1y": 380.1951
    },
    "yearAgoEps": {
      "0q": 51.61,
      "+1q": 64.56,
      "0y": 359.56,
      "+1y": 288.37238
    },
    "numberOfAnalysts": {
      "0q": 3,
      "+1q": 2,
      "0y": 15,
      "+1y": 17
    },
    "growth": {
      "0q": -1.1579,
      "+1q": 0.2613,
      "0y": -0.198,
      "+1y": 0.1497
    }
  },
  "revenue_estimate": {
    "avg": {
      "0q": 12724824422860,
      "+1q": 13022297681020,
      "0y": 50802249917950,
      "+1y": 53017289490350
    },
    "low": {
      "0q": 12033000000000,
      "+1q": 12506100000000,
      "0y": 49477805120000,
      "+1y": 51000000000000
    },
    "high": {
      "0q": 13373000000000,
      "+1q": 13692753884080,
      "0y": 51749760000000,
      "+1y": 57359723000000
    },
    "numberOfAnalysts": {
      "0q": 7,
      "+1q": 4,
      "0y": 18,
      "+1y": 19
    },
    "yearAgoRevenue": {
      "0q": 12363159000000,
      "+1q": 12253326000000,
      "0y": 18277671000000,
      "+1y": 50802249917950
    },
    "growth": {
      "0q": 0.0293,
      "+1q": 0.062800005,
      "0y": 1.7795,
      "+1y": 0.0436
    }
  },
  "growth_estimates": {
    "stockTrend": {
      "0q": null,
      "+1q": null,
      "0y": null,
      "+1y": null,
      "LTG": null
    },
    "indexTrend": {
      "0q": 0.1273,
      "+1q": 0.103599995,
      "0y": 0.14310001,
      "+1y": 0.1557,
      "LTG": 0.122
    }
  },
  "revenue_forecasts": null,
  "dividend_rate": 95.0,
  "trailing_dividend_rate": 95.0
}