{
  "ticker": "8306.T",
  "name": "MUFJ",
  "country": "japan",
  "currency": "JPY",
  "last_fetched": "2026-02-26T20:49:46.441953",
  "market_cap": 33087633227776,
  "revenue": 5848140087296,
  "net_income": 1331501989888,
  "pe_ratio": 17.365234,
  "forward_pe": 19.28402,
  "dividend_yield": 2.76,
  "profit_margin": 0.22768,
  "roe": 0.06113,
  "debt_to_equity": null,
  "beta": 0.159,
  "ev_to_ebitda": null,
  "sector": "Financial Services",
  "industry": "Banks - Diversified",
  "summary": "Mitsubishi UFJ Financial Group, Inc. operates as a bank holding company that engages in a range of financial businesses in Japan, the United States, Europe, Asia/Oceania, and internationally. It operates through seven segments: Digital Services, Retail & Commercial Banking, Japanese Corporate & Investment Banking, Global Commercial Banking, Asset Management & Investor Services, Global Corporate & Investment Banking, and Global Markets. The company offers commercial banking, trust banking, and securities products and services to retail and small-and medium-sized enterprise customers. It also provides mergers and acquisitions, debt and equity issuance, financial advice, and real estate-related services; credit cards; and trust banking and securities products and services, as well as engages in the lending, fund settlement, inheritance, asset management, business and asset succession solutions, and foreign exchange businesses. In addition, the company offers corporate banking services, such as project finance, export credit agency finance, and financing through asset-backed commercial paper; investment and transaction banking services for corporations, financial institutions, sovereign and multinational organizations, and institutional investors; and asset management and investor services, including pension fund management and administration, pension structure advisory, payments to beneficiaries, and investment trust services for retail customers. Further, it provides loans, deposits, fund transfers, hedging, and investment services, as well as corporate customers; finances for automotive and consumer goods; sells and trades in fixed-income instruments, currencies, equities, and equities; offers investment products comprising mutual funds, structured bonds, and notes; originates and distributes of financial products; and provides insurance and treasury services. Mitsubishi UFJ Financial Group, Inc. was founded in 1880 and is headquartered in Tokyo, Japan.",
  "website": "https://www.mufg.jp",
  "employees": 150800,
  "target_high": 3760.0,
  "target_low": 2120.0,
  "target_mean": 2952.5,
  "target_median": 3000.0,
  "recommendation": "buy",
  "num_analysts": 12,
  "income_stmt": {
    "2025-03-31T00:00:00": {
      "Tax Effect Of Unusual Items": -28324784400.0,
      "Tax Rate For Calcs": 0.2388,
      "Total Unusual Items": -118613000000.0,
      "Total Unusual Items Excluding Goodwill": -118613000000.0,
      "Net Income From Continuing Operation Net Minority Interest": 1862946000000.0,
      "Reconciled Depreciation": 415029000000.0,
      "Net Interest Income": 2876456000000.0,
      "Interest Expense": 5591261000000.0,
      "Interest Income": 8467717000000.0,
      "Normalized Income": 1953234215600.0,
      "Net Income From Continuing And Discontinued Operation": 1862946000000.0,
      "Diluted Average Shares": 11642149000.0,
      "Basic Average Shares": 11642149000.0,
      "Diluted EPS": 159.47,
      "Basic EPS": 160.01,
      "Diluted NI Availto Com Stockholders": 1856658000000.0,
      "Average Dilution Earnings": -6288000000.0,
      "Net Income Common Stockholders": 1862946000000.0,
      "Net Income": 1862946000000.0,
      "Minority Interests": -78530000000.0,
      "Net Income Including Noncontrolling Interests": 1941477000000.0,
      "Net Income Continuous Operations": 1941477000000.0,
      "Tax Provision": 609156000000.0,
      "Pretax Income": 2550634000000.0,
      "Special Income Charges": -118613000000.0,
      "Gain On Sale Of Business": 44736000000.0,
      "Other Special Charges": 15953000000.0,
      "Write Off": null,
      "Impairment Of Capital Assets": 141542000000.0,
      "Restructuring And Mergern Acquisition": 5854000000.0,
      "Gain On Sale Of Security": 0.0,
      "Depreciation Amortization Depletion Income Statement": null,
      "Depreciation And Amortization In Income Statement": null,
      "Amortization": null,
      "Amortization Of Intangibles Income Statement": null,
      "Depreciation Income Statement": null,
      "Selling General And Administration": 3166035000000.0,
      "General And Administrative Expense": 3166035000000.0,
      "Other Gand A": 3166035000000.0,
      "Insurance And Claims": null,
      "Salaries And Wages": null,
      "Total Revenue": 6838439000000.0,
      "Operating Revenue": 6838439000000.0,
      "Occupancy And Equipment": null,
      "Other Non Interest Expense": 1491383000000.0
    },
    "2024-03-31T00:00:00": {
      "Tax Effect Of Unusual Items": -18070018200.0,
      "Tax Rate For Calcs": 0.2333,
      "Total Unusual Items": -77454000000.0,
      "Total Unusual Items Excluding Goodwill": -77454000000.0,
      "Net Income From Continuing Operation Net Minority Interest": 1490781000000.0,
      "Reconciled Depreciation": 362367000000.0,
      "Net Interest Income": 2457576000000.0,
      "Interest Expense": 5011100000000.0,
      "Interest Income": 7468676000000.0,
      "Normalized Income": 1550164981800.0,
      "Net Income From Continuing And Discontinued Operation": 1490781000000.0,
      "Diluted Average Shares": 11959977000.0,
      "Basic Average Shares": 11959977000.0,
      "Diluted EPS": 124.32,
      "Basic EPS": 124.64,
      "Diluted NI Availto Com Stockholders": 1486974000000.0,
      "Average Dilution Earnings": -3807000000.0,
      "Net Income Common Stockholders": 1490781000000.0,
      "Net Income": 1490781000000.0,
      "Minority Interests": -80979000000.0,
      "Net Income Including Noncontrolling Interests": 1571761000000.0,
      "Net Income Continuous Operations": 1571761000000.0,
      "Tax Provision": 478342000000.0,
      "Pretax Income": 2050104000000.0,
      "Special Income Charges": -77454000000.0,
      "Gain On Sale Of Business": -93000000.0,
      "Other Special Charges": 46253000000.0,
      "Write Off": null,
      "Impairment Of Capital Assets": 31108000000.0,
      "Restructuring And Mergern Acquisition": 0.0,
      "Gain On Sale Of Security": 0.0,
      "Depreciation Amortization Depletion Income Statement": null,
      "Depreciation And Amortization In Income Statement": null,
      "Amortization": null,
      "Amortization Of Intangibles Income Statement": null,
      "Depreciation Income Statement": null,
      "Selling General And Administration": 2920875000000.0,
      "General And Administrative Expense": 2920875000000.0,
      "Other Gand A": 2920875000000.0,
      "Insurance And Claims": null,
      "Salaries And Wages": null,
      "Total Revenue": 5879775000000.0,
      "Operating Revenue": 5879775000000.0,
      "Occupancy And Equipment": null,
      "Other Non Interest Expense": 865234000000.0
    },
    "2023-03-31T00:00:00": {
      "Tax Effect Of Unusual Items": 1922200000.0,
      "Tax Rate For Calcs": 0.0035,
      "Total Unusual Items": 549200000000.0,
      "Total Unusual Items Excluding Goodwill": 549200000000.0,
      "Net Income From Continuing Operation Net Minority Interest": 1116496000000.0,
      "Reconciled Depreciation": 334636000000.0,
      "Net Interest Income": 2926209000000.0,
      "Interest Expense": 2372731000000.0,
      "Interest Income": 5298940000000.0,
      "Normalized Income": 569218200000.0,
      "Net Income From Continuing And Discontinued Operation": 1116496000000.0,
      "Diluted Average Shares": 12305983851.0,
      "Basic Average Shares": 12305714000.0,
      "Diluted EPS": 90.41,
      "Basic EPS": 90.72,
      "Diluted NI Availto Com Stockholders": 1112584000000.0,
      "Average Dilution Earnings": -3912000000.0,
      "Net Income Common Stockholders": 1116496000000.0,
      "Net Income": 1116496000000.0,
      "Minority Interests": -83820000000.0,
      "Net Income Including Noncontrolling Interests": 1200316000000.0,
      "Net Income Continuous Operations": 1200316000000.0,
      "Tax Provision": 369607000000.0,
      "Pretax Income": 1569923000000.0,
      "Special Income Charges": 549200000000.0,
      "Gain On Sale Of Business": 670108000000.0,
      "Other Special Charges": 102741000000.0,
      "Write Off": null,
      "Impairment Of Capital Assets": 18167000000.0,
      "Restructuring And Mergern Acquisition": null,
      "Gain On Sale Of Security": 0.0,
      "Depreciation Amortization Depletion Income Statement": null,
      "Depreciation And Amortization In Income Statement": null,
      "Amortization": null,
      "Amortization Of Intangibles Income Statement": null,
      "Depreciation Income Statement": null,
      "Selling General And Administration": 2969325000000.0,
      "General And Administrative Expense": 2969325000000.0,
      "Other Gand A": 2969325000000.0,
      "Insurance And Claims": null,
      "Salaries And Wages": 78111000000.0,
      "Total Revenue": 6057232000000.0,
      "Operating Revenue": 6057232000000.0,
      "Occupancy And Equipment": null,
      "Other Non Interest Expense": 1818166000000.0
    },
    "2022-03-31T00:00:00": {
      "Tax Effect Of Unusual Items": -11801413000.0,
      "Tax Rate For Calcs": 0.247,
      "Total Unusual Items": -47779000000.0,
      "Total Unusual Items Excluding Goodwill": -47779000000.0,
      "Net Income From Continuing Operation Net Minority Interest": 1130840000000.0,
      "Reconciled Depreciation": 363250000000.0,
      "Net Interest Income": 2043488000000.0,
      "Interest Expense": 543952000000.0,
      "Interest Income": 2587440000000.0,
      "Normalized Income": 1166817587000.0,
      "Net Income From Continuing And Discontinued Operation": 1130840000000.0,
      "Diluted Average Shares": 12843157297.0,
      "Basic Average Shares": 12785341295.0,
      "Diluted EPS": 88.05,
      "Basic EPS": 88.44,
      "Diluted NI Availto Com Stockholders": 1130840000000.0,
      "Average Dilution Earnings": null,
      "Net Income Common Stockholders": 1130840000000.0,
      "Net Income": 1130840000000.0,
      "Minority Interests": -75606000000.0,
      "Net Income Including Noncontrolling Interests": 1206447000000.0,
      "Net Income Continuous Operations": 1206447000000.0,
      "Tax Provision": 283410000000.0,
      "Pretax Income": 1489857000000.0,
      "Special Income Charges": -47779000000.0,
      "Gain On Sale Of Business": 64229000000.0,
      "Other Special Charges": -62125000000.0,
      "Write Off": null,
      "Impairment Of Capital Assets": 174133000000.0,
      "Restructuring And Mergern Acquisition": null,
      "Gain On Sale Of Security": 0.0,
      "Depreciation Amortization Depletion Income Statement": null,
      "Depreciation And Amortization In Income Statement": null,
      "Amortization": null,
      "Amortization Of Intangibles Income Statement": null,
      "Depreciation Income Statement": null,
      "Selling General And Administration": 2746840000000.0,
      "General And Administrative Expense": 2746840000000.0,
      "Other Gand A": 2746840000000.0,
      "Insurance And Claims": null,
      "Salaries And Wages": 0.0,
      "Total Revenue": 4703324000000.0,
      "Operating Revenue": 4703324000000.0,
      "Occupancy And Equipment": null,
      "Other Non Interest Expense": 529009000000.0
    },
    "2021-03-31T00:00:00": {
      "Tax Effect Of Unusual Items": null,
      "Tax Rate For Calcs": null,
      "Total Unusual Items": null,
      "Total Unusual Items Excluding Goodwill": null,
      "Net Income From Continuing Operation Net Minority Interest": null,
      "Reconciled Depreciation": null,
      "Net Interest Income": null,
      "Interest Expense": null,
      "Interest Income": null,
      "Normalized Income": null,
      "Net Income From Continuing And Discontinued Operation": null,
      "Diluted Average Shares": null,
      "Basic Average Shares": null,
      "Diluted EPS": null,
      "Basic EPS": null,
      "Diluted NI Availto Com Stockholders": null,
      "Average Dilution Earnings": -4159000000.0,
      "Net Income Common Stockholders": null,
      "Net Income": null,
      "Minority Interests": null,
      "Net Income Including Noncontrolling Interests": null,
      "Net Income Continuous Operations": null,
      "Tax Provision": null,
      "Pretax Income": null,
      "Special Income Charges": null,
      "Gain On Sale Of Business": null,
      "Other Special Charges": null,
      "Write Off": 41240000000.0,
      "Impairment Of Capital Assets": null,
      "Restructuring And Mergern Acquisition": 0.0,
      "Gain On Sale Of Security": null,
      "Depreciation Amortization Depletion Income Statement": 0.0,
      "Depreciation And Amortization In Income Statement": 0.0,
      "Amortization": 0.0,
      "Amortization Of Intangibles Income Statement": 0.0,
      "Depreciation Income Statement": 87305000000.0,
      "Selling General And Administration": null,
      "General And Administrative Expense": null,
      "Other Gand A": null,
      "Insurance And Claims": 90529000000.0,
      "Salaries And Wages": 1253461000000.0,
      "Total Revenue": null,
      "Operating Revenue": null,
      "Occupancy And Equipment": 178107000000.0,
      "Other Non Interest Expense": null
    }
  },
  "quarterly_income": {
    "2025-12-31T00:00:00": {
      "Tax Effect Of Unusual Items": -8798322663.887648,
      "Tax Rate For Calcs": 0.238599,
      "Total Unusual Items": -36875000000.0,
      "Total Unusual Items Excluding Goodwill": -36875000000.0,
      "Net Income From Continuing Operation Net Minority Interest": 520553000000.0,
      "Net Interest Income": 753266000000.0,
      "Interest Expense": 1502659000000.0,
      "Interest Income": 2255925000000.0,
      "Normalized Income": 548629677336.11237,
      "Net Income From Continuing And Discontinued Operation": 520553000000.0,
      "Diluted Average Shares": null,
      "Basic Average Shares": null,
      "Diluted EPS": null,
      "Basic EPS": null,
      "Diluted NI Availto Com Stockholders": 520553000000.0,
      "Net Income Common Stockholders": 520553000000.0,
      "Net Income": 520553000000.0,
      "Minority Interests": -31795000000.0,
      "Net Income Including Noncontrolling Interests": 552349000000.0,
      "Net Income Continuous Operations": 552349000000.0,
      "Tax Provision": 173088000000.0,
      "Pretax Income": 725436000000.0,
      "Special Income Charges": -36875000000.0,
      "Gain On Sale Of Business": 0.0,
      "Other Special Charges": 33836000000.0,
      "Impairment Of Capital Assets": 4312000000.0,
      "Restructuring And Mergern Acquisition": -1273000000.0,
      "Gain On Sale Of Security": 0.0,
      "Selling General And Administration": 894745000000.0,
      "General And Administrative Expense": 894745000000.0,
      "Other Gand A": 894745000000.0,
      "Total Revenue": 1899238000000.0,
      "Operating Revenue": 1899238000000.0,
      "Other Non Interest Expense": 299761000000.0
    },
    "2025-09-30T00:00:00": {
      "Tax Effect Of Unusual Items": 1004624910.380333,
      "Tax Rate For Calcs": 0.249225,
      "Total Unusual Items": 4031000000.0,
      "Total Unusual Items Excluding Goodwill": 4031000000.0,
      "Net Income From Continuing Operation Net Minority Interest": 746887000000.0,
      "Net Interest Income": 749192000000.0,
      "Interest Expense": 1411942000000.0,
      "Interest Income": 2161134000000.0,
      "Normalized Income": 743860624910.3804,
      "Net Income From Continuing And Discontinued Operation": 746887000000.0,
      "Diluted Average Shares": null,
      "Basic Average Shares": null,
      "Diluted EPS": null,
      "Basic EPS": null,
      "Diluted NI Availto Com Stockholders": 746887000000.0,
      "Net Income Common Stockholders": 746887000000.0,
      "Net Income": 746887000000.0,
      "Minority Interests": -35347000000.0,
      "Net Income Including Noncontrolling Interests": 782234000000.0,
      "Net Income Continuous Operations": 782234000000.0,
      "Tax Provision": 259668000000.0,
      "Pretax Income": 1041903000000.0,
      "Special Income Charges": 4031000000.0,
      "Gain On Sale Of Business": 0.0,
      "Other Special Charges": 4535000000.0,
      "Impairment Of Capital Assets": 12189000000.0,
      "Restructuring And Mergern Acquisition": null,
      "Gain On Sale Of Security": 0.0,
      "Selling General And Administration": 813150000000.0,
      "General And Administrative Expense": 813150000000.0,
      "Other Gand A": 813150000000.0,
      "Total Revenue": 1849453000000.0,
      "Operating Revenue": 1849453000000.0,
      "Other Non Interest Expense": 192955000000.0
    },
    "2025-06-30T00:00:00": {
      "Tax Effect Of Unusual Items": 4068256585.439498,
      "Tax Rate For Calcs": 0.202019,
      "Total Unusual Items": 20138000000.0,
      "Total Unusual Items Excluding Goodwill": 20138000000.0,
      "Net Income From Continuing Operation Net Minority Interest": 546068000000.0,
      "Net Interest Income": 690753000000.0,
      "Interest Expense": 1331819000000.0,
      "Interest Income": 2022572000000.0,
      "Normalized Income": 529998256585.4395,
      "Net Income From Continuing And Discontinued Operation": 546068000000.0,
      "Diluted Average Shares": 11508282403.0,
      "Basic Average Shares": 11484298385.0,
      "Diluted EPS": 47.45,
      "Basic EPS": 47.55,
      "Diluted NI Availto Com Stockholders": 546068000000.0,
      "Net Income Common Stockholders": 546068000000.0,
      "Net Income": 546068000000.0,
      "Minority Interests": -35352000000.0,
      "Net Income Including Noncontrolling Interests": 581420000000.0,
      "Net Income Continuous Operations": 581420000000.0,
      "Tax Provision": 147194000000.0,
      "Pretax Income": 728615000000.0,
      "Special Income Charges": 20138000000.0,
      "Gain On Sale Of Business": 17555000000.0,
      "Other Special Charges": -2592000000.0,
      "Impairment Of Capital Assets": 9000000.0,
      "Restructuring And Mergern Acquisition": null,
      "Gain On Sale Of Security": 0.0,
      "Selling General And Administration": 796719000000.0,
      "General And Administrative Expense": 796719000000.0,
      "Other Gand A": 796719000000.0,
      "Total Revenue": 1621260000000.0,
      "Operating Revenue": 1621260000000.0,
      "Other Non Interest Expense": 227081000000.0
    },
    "2025-03-31T00:00:00": {
      "Tax Effect Of Unusual Items": -20471243455.098934,
      "Tax Rate For Calcs": 0.198679,
      "Total Unusual Items": -103037000000.0,
      "Total Unusual Items Excluding Goodwill": -103037000000.0,
      "Net Income From Continuing Operation Net Minority Interest": 114007000000.0,
      "Net Interest Income": 702458000000.0,
      "Interest Expense": 1281702000000.0,
      "Interest Income": 1984160000000.0,
      "Normalized Income": 196572756544.90106,
      "Net Income From Continuing And Discontinued Operation": 114007000000.0,
      "Diluted Average Shares": null,
      "Basic Average Shares": null,
      "Diluted EPS": null,
      "Basic EPS": null,
      "Diluted NI Availto Com Stockholders": 107719000000.0,
      "Net Income Common Stockholders": 114007000000.0,
      "Net Income": 114007000000.0,
      "Minority Interests": -1816000000.0,
      "Net Income Including Noncontrolling Interests": 115823000000.0,
      "Net Income Continuous Operations": 115823000000.0,
      "Tax Provision": 28717000000.0,
      "Pretax Income": 144540000000.0,
      "Special Income Charges": -103037000000.0,
      "Gain On Sale Of Business": 47759000000.0,
      "Other Special Charges": 20349000000.0,
      "Impairment Of Capital Assets": 124593000000.0,
      "Restructuring And Mergern Acquisition": null,
      "Gain On Sale Of Security": 0.0,
      "Selling General And Administration": 804219000000.0,
      "General And Administrative Expense": 804219000000.0,
      "Other Gand A": 804219000000.0,
      "Total Revenue": 1610993000000.0,
      "Operating Revenue": 1610993000000.0,
      "Other Non Interest Expense": 870279000000.0
    },
    "2024-12-31T00:00:00": {
      "Tax Effect Of Unusual Items": -179177878.644175,
      "Tax Rate For Calcs": 0.227672,
      "Total Unusual Items": -787000000.0,
      "Total Unusual Items Excluding Goodwill": -787000000.0,
      "Net Income From Continuing Operation Net Minority Interest": 490744000000.0,
      "Net Interest Income": 665463000000.0,
      "Interest Expense": 1460673000000.0,
      "Interest Income": 2126136000000.0,
      "Normalized Income": 491351822121.35583,
      "Net Income From Continuing And Discontinued Operation": 490744000000.0,
      "Diluted Average Shares": null,
      "Basic Average Shares": null,
      "Diluted EPS": null,
      "Basic EPS": null,
      "Diluted NI Availto Com Stockholders": 490744000000.0,
      "Net Income Common Stockholders": 490744000000.0,
      "Net Income": 490744000000.0,
      "Minority Interests": -22270000000.0,
      "Net Income Including Noncontrolling Interests": 513015000000.0,
      "Net Income Continuous Operations": 513015000000.0,
      "Tax Provision": 151230000000.0,
      "Pretax Income": 664245000000.0,
      "Special Income Charges": -787000000.0,
      "Gain On Sale Of Business": 0.0,
      "Other Special Charges": 706000000.0,
      "Impairment Of Capital Assets": 81000000.0,
      "Restructuring And Mergern Acquisition": null,
      "Gain On Sale Of Security": 0.0,
      "Selling General And Administration": 785240000000.0,
      "General And Administrative Expense": 785240000000.0,
      "Other Gand A": 785240000000.0,
      "Total Revenue": 1682834000000.0,
      "Operating Revenue": 1682834000000.0,
      "Other Non Interest Expense": 338339000000.0
    },
    "2024-06-30T00:00:00": {
      "Tax Effect Of Unusual Items": null,
      "Tax Rate For Calcs": null,
      "Total Unusual Items": null,
      "Total Unusual Items Excluding Goodwill": null,
      "Net Income From Continuing Operation Net Minority Interest": null,
      "Net Interest Income": null,
      "Interest Expense": null,
      "Interest Income": null,
      "Normalized Income": null,
      "Net Income From Continuing And Discontinued Operation": null,
      "Diluted Average Shares": 11727721519.0,
      "Basic Average Shares": 11703738307.0,
      "Diluted EPS": 47.4,
      "Basic EPS": 47.5,
      "Diluted NI Availto Com Stockholders": null,
      "Net Income Common Stockholders": null,
      "Net Income": null,
      "Minority Interests": null,
      "Net Income Including Noncontrolling Interests": null,
      "Net Income Continuous Operations": null,
      "Tax Provision": null,
      "Pretax Income": null,
      "Special Income Charges": null,
      "Gain On Sale Of Business": null,
      "Other Special Charges": null,
      "Impairment Of Capital Assets": null,
      "Restructuring And Mergern Acquisition": null,
      "Gain On Sale Of Security": null,
      "Selling General And Administration": null,
      "General And Administrative Expense": null,
      "Other Gand A": null,
      "Total Revenue": null,
      "Operating Revenue": null,
      "Other Non Interest Expense": null
    }
  },
  "balance_sheet": {
    "2025-03-31T00:00:00": {
      "Treasury Shares Number": 561193945.0,
      "Ordinary Shares Number": 11506516975.0,
      "Share Issued": 12067710920.0,
      "Total Debt": 23940159000000.0,
      "Tangible Book Value": 18644836000000.0,
      "Invested Capital": 44460544000000.0,
      "Net Tangible Assets": 18644836000000.0,
      "Capital Lease Obligations": null,
      "Common Stock Equity": 20520385000000.0,
      "Total Capitalization": 35912576000000.0,
      "Total Equity Gross Minority Interest": 21728131000000.0,
      "Minority Interest": 1207746000000.0,
      "Stockholders Equity": 20520385000000.0,
      "Other Equity Interest": 11000000.0,
      "Gains Losses Not Affecting Retained Earnings": 4259875000000.0,
      "Other Equity Adjustments": -942433000000.0,
      "Fixed Assets Revaluation Reserve": 122400000000.0,
      "Foreign Currency Translation Adjustments": 3198279000000.0,
      "Minimum Pension Liabilities": 554502000000.0,
      "Unrealized Gain Loss": 1327127000000.0,
      "Treasury Stock": 726631000000.0,
      "Retained Earnings": 14845617000000.0,
      "Additional Paid In Capital": 0.0,
      "Capital Stock": 2141513000000.0,
      "Common Stock": 2141513000000.0,
      "Total Liabilities Net Minority Interest": 391385370000000.0,
      "Derivative Product Liabilities": 14160012000000.0,
      "Employee Benefits": 371046000000.0,
      "Non Current Pension And Other Postretirement Benefit Plans": 105425000000.0,
      "Non Current Deferred Liabilities": 625673000000.0,
      "Non Current Deferred Taxes Liabilities": 625673000000.0,
      "Long Term Debt And Capital Lease Obligation": 15392191000000.0,
      "Long Term Capital Lease Obligation": null,
      "Long Term Debt": 15392191000000.0,
      "Long Term Provisions": 163682000000.0,
      "Current Debt And Capital Lease Obligation": 8547968000000.0,
      "Current Debt": 8547968000000.0,
      "Other Current Borrowings": 5072926000000.0,
      "Commercial Paper": 3475042000000.0,
      "Payables And Accrued Expenses": 4937999000000.0,
      "Current Accrued Expenses": null,
      "Payables": 4937999000000.0,
      "Other Payable": 4937999000000.0,
      "Accounts Payable": null,
      "Total Assets": 413113501000000.0,
      "Defined Pension Benefit": 2217529000000.0,
      "Investments And Advances": 104562736000000.0,
      "Held To Maturity Securities": null,
      "Available For Sale Securities": 92745772000000.0,
      "Trading Securities": 11816964000000.0,
      "Long Term Equity Investment": null,
      "Goodwill And Other Intangible Assets": 1875549000000.0,
      "Other Intangible Assets": 1345163000000.0,
      "Goodwill": 530386000000.0,
      "Net PPE": 1240103000000.0,
      "Accumulated Depreciation": null,
      "Gross PPE": 1240103000000.0,
      "Leases": null,
      "Construction In Progress": 33974000000.0,
      "Other Properties": 319653000000.0,
      "Machinery Furniture Equipment": null,
      "Buildings And Improvements": 285624000000.0,
      "Land And Improvements": 600852000000.0,
      "Prepaid Assets": null,
      "Receivables": null,
      "Other Receivables": null,
      "Accounts Receivable": null,
      "Other Short Term Investments": null,
      "Cash And Cash Equivalents": 109095437000000.0,
      "Cash Equivalents": null,
      "Cash Financial": null,
      "Cash Cash Equivalents And Federal Funds Sold": 129036819000000.0
    },
    "2024-03-31T00:00:00": {
      "Treasury Shares Number": 611522914.0,
      "Ordinary Shares Number": 11726188006.0,
      "Share Issued": 12337710920.0,
      "Total Debt": 25746429000000.0,
      "Tangible Book Value": 17916602000000.0,
      "Invested Capital": 45334402000000.0,
      "Net Tangible Assets": 17916602000000.0,
      "Capital Lease Obligations": null,
      "Common Stock Equity": 19587973000000.0,
      "Total Capitalization": 37103040000000.0,
      "Total Equity Gross Minority Interest": 20746976000000.0,
      "Minority Interest": 1159003000000.0,
      "Stockholders Equity": 19587973000000.0,
      "Other Equity Interest": null,
      "Gains Losses Not Affecting Retained Earnings": 4185052000000.0,
      "Other Equity Adjustments": -752912000000.0,
      "Fixed Assets Revaluation Reserve": 133967000000.0,
      "Foreign Currency Translation Adjustments": 2762818000000.0,
      "Minimum Pension Liabilities": 507085000000.0,
      "Unrealized Gain Loss": 1534094000000.0,
      "Treasury Stock": 613823000000.0,
      "Retained Earnings": 13791608000000.0,
      "Additional Paid In Capital": 83623000000.0,
      "Capital Stock": 2141513000000.0,
      "Common Stock": 2141513000000.0,
      "Total Liabilities Net Minority Interest": 382956171000000.0,
      "Derivative Product Liabilities": 10895907000000.0,
      "Employee Benefits": 362309000000.0,
      "Non Current Pension And Other Postretirement Benefit Plans": 102977000000.0,
      "Non Current Deferred Liabilities": 551926000000.0,
      "Non Current Deferred Taxes Liabilities": 551926000000.0,
      "Long Term Debt And Capital Lease Obligation": 17515067000000.0,
      "Long Term Capital Lease Obligation": null,
      "Long Term Debt": 17515067000000.0,
      "Long Term Provisions": 156727000000.0,
      "Current Debt And Capital Lease Obligation": 8231362000000.0,
      "Current Debt": 8231362000000.0,
      "Other Current Borrowings": 5125583000000.0,
      "Commercial Paper": 3105779000000.0,
      "Payables And Accrued Expenses": 7387495000000.0,
      "Current Accrued Expenses": null,
      "Payables": 7387495000000.0,
      "Other Payable": 7387495000000.0,
      "Accounts Payable": null,
      "Total Assets": 403703147000000.0,
      "Defined Pension Benefit": 1982502000000.0,
      "Investments And Advances": 105056534000000.0,
      "Held To Maturity Securities": null,
      "Available For Sale Securities": 94665565000000.0,
      "Trading Securities": 10390969000000.0,
      "Long Term Equity Investment": null,
      "Goodwill And Other Intangible Assets": 1671371000000.0,
      "Other Intangible Assets": 1265742000000.0,
      "Goodwill": 405629000000.0,
      "Net PPE": 1229005000000.0,
      "Accumulated Depreciation": null,
      "Gross PPE": 1229005000000.0,
      "Leases": null,
      "Construction In Progress": 29264000000.0,
      "Other Properties": 292377000000.0,
      "Machinery Furniture Equipment": null,
      "Buildings And Improvements": 281807000000.0,
      "Land And Improvements": 625557000000.0,
      "Prepaid Assets": null,
      "Receivables": null,
      "Other Receivables": null,
      "Accounts Receivable": null,
      "Other Short Term Investments": null,
      "Cash And Cash Equivalents": 109875097000000.0,
      "Cash Equivalents": null,
      "Cash Financial": null,
      "Cash Cash Equivalents And Federal Funds Sold": 129513820000000.0
    },
    "2023-03-31T00:00:00": {
      "Treasury Shares Number": 665392775.0,
      "Ordinary Shares Number": 12022318145.0,
      "Share Issued": 12687710920.0,
      "Total Debt": 22426176000000.0,
      "Tangible Book Value": 15873168000000.0,
      "Invested Capital": 39657467000000.0,
      "Net Tangible Assets": 15873168000000.0,
      "Capital Lease Obligations": null,
      "Common Stock Equity": 17231291000000.0,
      "Total Capitalization": 33987510000000.0,
      "Total Equity Gross Minority Interest": 18272856000000.0,
      "Minority Interest": 1041565000000.0,
      "Stockholders Equity": 17231291000000.0,
      "Other Equity Interest": null,
      "Gains Losses Not Affecting Retained Earnings": 2481980000000.0,
      "Other Equity Adjustments": -387826000000.0,
      "Fixed Assets Revaluation Reserve": 135526000000.0,
      "Foreign Currency Translation Adjustments": 1792840000000.0,
      "Minimum Pension Liabilities": 140485000000.0,
      "Unrealized Gain Loss": 800955000000.0,
      "Treasury Stock": 481091000000.0,
      "Retained Earnings": 12739228000000.0,
      "Additional Paid In Capital": 349661000000.0,
      "Capital Stock": 2141513000000.0,
      "Common Stock": 2141513000000.0,
      "Total Liabilities Net Minority Interest": 368526621000000.0,
      "Derivative Product Liabilities": 9368299000000.0,
      "Employee Benefits": 297068000000.0,
      "Non Current Pension And Other Postretirement Benefit Plans": 87275000000.0,
      "Non Current Deferred Liabilities": 247176000000.0,
      "Non Current Deferred Taxes Liabilities": 247176000000.0,
      "Long Term Debt And Capital Lease Obligation": 16756219000000.0,
      "Long Term Capital Lease Obligation": null,
      "Long Term Debt": 16756219000000.0,
      "Long Term Provisions": 187512000000.0,
      "Current Debt And Capital Lease Obligation": 5669957000000.0,
      "Current Debt": 5669957000000.0,
      "Other Current Borrowings": 3449234000000.0,
      "Commercial Paper": 2220723000000.0,
      "Payables And Accrued Expenses": 11689414000000.0,
      "Current Accrued Expenses": null,
      "Payables": 11689414000000.0,
      "Other Payable": 11689414000000.0,
      "Accounts Payable": null,
      "Total Assets": 386799477000000.0,
      "Defined Pension Benefit": 1325434000000.0,
      "Investments And Advances": 103189145000000.0,
      "Held To Maturity Securities": null,
      "Available For Sale Securities": 94072084000000.0,
      "Trading Securities": 9117061000000.0,
      "Long Term Equity Investment": null,
      "Goodwill And Other Intangible Assets": 1358123000000.0,
      "Other Intangible Assets": 1106114000000.0,
      "Goodwill": 252009000000.0,
      "Net PPE": 1220169000000.0,
      "Accumulated Depreciation": null,
      "Gross PPE": 1220169000000.0,
      "Leases": null,
      "Construction In Progress": 34649000000.0,
      "Other Properties": 268859000000.0,
      "Machinery Furniture Equipment": null,
      "Buildings And Improvements": 286879000000.0,
      "Land And Improvements": 629782000000.0,
      "Prepaid Assets": null,
      "Receivables": null,
      "Other Receivables": null,
      "Accounts Receivable": null,
      "Other Short Term Investments": null,
      "Cash And Cash Equivalents": 113630172000000.0,
      "Cash Equivalents": null,
      "Cash Financial": null,
      "Cash Cash Equivalents And Federal Funds Sold": 128918038000000.0
    },
    "2022-03-31T00:00:00": {
      "Treasury Shares Number": 668286238.0,
      "Ordinary Shares Number": 12613708882.0,
      "Share Issued": 13281995120.0,
      "Total Debt": 19112472000000.0,
      "Tangible Book Value": 15679549000000.0,
      "Invested Capital": 36136245000000.0,
      "Net Tangible Assets": 15679549000000.0,
      "Capital Lease Obligations": null,
      "Common Stock Equity": 17023773000000.0,
      "Total Capitalization": 31597923000000.0,
      "Total Equity Gross Minority Interest": 17988244000000.0,
      "Minority Interest": 964471000000.0,
      "Stockholders Equity": 17023773000000.0,
      "Other Equity Interest": null,
      "Gains Losses Not Affecting Retained Earnings": 2565114000000.0,
      "Other Equity Adjustments": -119027000000.0,
      "Fixed Assets Revaluation Reserve": 140628000000.0,
      "Foreign Currency Translation Adjustments": 734588000000.0,
      "Minimum Pension Liabilities": 193865000000.0,
      "Unrealized Gain Loss": 1615060000000.0,
      "Treasury Stock": 451288000000.0,
      "Retained Earnings": 11998157000000.0,
      "Additional Paid In Capital": 770277000000.0,
      "Capital Stock": 2141513000000.0,
      "Common Stock": 2141513000000.0,
      "Total Liabilities Net Minority Interest": 355743666000000.0,
      "Derivative Product Liabilities": 6872572000000.0,
      "Employee Benefits": 234194000000.0,
      "Non Current Pension And Other Postretirement Benefit Plans": 87167000000.0,
      "Non Current Deferred Liabilities": 586865000000.0,
      "Non Current Deferred Taxes Liabilities": 586865000000.0,
      "Long Term Debt And Capital Lease Obligation": 14574150000000.0,
      "Long Term Capital Lease Obligation": null,
      "Long Term Debt": 14574150000000.0,
      "Long Term Provisions": 254060000000.0,
      "Current Debt And Capital Lease Obligation": 4538322000000.0,
      "Current Debt": 4538322000000.0,
      "Other Current Borrowings": 2429791000000.0,
      "Commercial Paper": 2108531000000.0,
      "Payables And Accrued Expenses": 12811123000000.0,
      "Current Accrued Expenses": null,
      "Payables": 12811123000000.0,
      "Other Payable": 12811123000000.0,
      "Accounts Payable": null,
      "Total Assets": 373731910000000.0,
      "Defined Pension Benefit": 1374607000000.0,
      "Investments And Advances": 96848091000000.0,
      "Held To Maturity Securities": null,
      "Available For Sale Securities": 86027399000000.0,
      "Trading Securities": 10820692000000.0,
      "Long Term Equity Investment": null,
      "Goodwill And Other Intangible Assets": 1344224000000.0,
      "Other Intangible Assets": 1072871000000.0,
      "Goodwill": 271353000000.0,
      "Net PPE": 1236010000000.0,
      "Accumulated Depreciation": null,
      "Gross PPE": 1236010000000.0,
      "Leases": null,
      "Construction In Progress": 33273000000.0,
      "Other Properties": 251605000000.0,
      "Machinery Furniture Equipment": null,
      "Buildings And Improvements": 304935000000.0,
      "Land And Improvements": 646197000000.0,
      "Prepaid Assets": null,
      "Receivables": null,
      "Other Receivables": null,
      "Accounts Receivable": null,
      "Other Short Term Investments": null,
      "Cash And Cash Equivalents": 110763205000000.0,
      "Cash Equivalents": null,
      "Cash Financial": null,
      "Cash Cash Equivalents And Federal Funds Sold": 124404007000000.0
    },
    "2021-03-31T00:00:00": {
      "Treasury Shares Number": null,
      "Ordinary Shares Number": null,
      "Share Issued": null,
      "Total Debt": null,
      "Tangible Book Value": null,
      "Invested Capital": null,
      "Net Tangible Assets": null,
      "Capital Lease Obligations": 496252000000.0,
      "Common Stock Equity": null,
      "Total Capitalization": null,
      "Total Equity Gross Minority Interest": null,
      "Minority Interest": null,
      "Stockholders Equity": null,
      "Other Equity Interest": null,
      "Gains Losses Not Affecting Retained Earnings": null,
      "Other Equity Adjustments": null,
      "Fixed Assets Revaluation Reserve": null,
      "Foreign Currency Translation Adjustments": null,
      "Minimum Pension Liabilities": null,
      "Unrealized Gain Loss": null,
      "Treasury Stock": null,
      "Retained Earnings": null,
      "Additional Paid In Capital": null,
      "Capital Stock": null,
      "Common Stock": null,
      "Total Liabilities Net Minority Interest": null,
      "Derivative Product Liabilities": null,
      "Employee Benefits": null,
      "Non Current Pension And Other Postretirement Benefit Plans": null,
      "Non Current Deferred Liabilities": null,
      "Non Current Deferred Taxes Liabilities": null,
      "Long Term Debt And Capital Lease Obligation": null,
      "Long Term Capital Lease Obligation": 496252000000.0,
      "Long Term Debt": null,
      "Long Term Provisions": null,
      "Current Debt And Capital Lease Obligation": null,
      "Current Debt": null,
      "Other Current Borrowings": null,
      "Commercial Paper": null,
      "Payables And Accrued Expenses": null,
      "Current Accrued Expenses": 3559344000000.0,
      "Payables": null,
      "Other Payable": null,
      "Accounts Payable": 2594663000000.0,
      "Total Assets": null,
      "Defined Pension Benefit": null,
      "Investments And Advances": null,
      "Held To Maturity Securities": 3903763000000.0,
      "Available For Sale Securities": null,
      "Trading Securities": null,
      "Long Term Equity Investment": 2560339000000.0,
      "Goodwill And Other Intangible Assets": null,
      "Other Intangible Assets": null,
      "Goodwill": null,
      "Net PPE": null,
      "Accumulated Depreciation": -1183859000000.0,
      "Gross PPE": null,
      "Leases": 303164000000.0,
      "Construction In Progress": null,
      "Other Properties": null,
      "Machinery Furniture Equipment": 564273000000.0,
      "Buildings And Improvements": null,
      "Land And Improvements": null,
      "Prepaid Assets": 1223706000000.0,
      "Receivables": 1822536000000.0,
      "Other Receivables": 400776000000.0,
      "Accounts Receivable": 1822536000000.0,
      "Other Short Term Investments": 47117813000000.0,
      "Cash And Cash Equivalents": null,
      "Cash Equivalents": 102980711000000.0,
      "Cash Financial": 49977480000000.0,
      "Cash Cash Equivalents And Federal Funds Sold": null
    }
  },
  "cashflow": {
    "2025-03-31T00:00:00": {
      "Free Cash Flow": -450286000000.0,
      "Repurchase Of Capital Stock": -418546000000.0,
      "Repayment Of Debt": -538910000000.0,
      "Issuance Of Debt": 759976000000.0,
      "Issuance Of Capital Stock": 15661000000.0,
      "Capital Expenditure": -456701000000.0,
      "Interest Paid Supplemental Data": null,
      "Income Tax Paid Supplemental Data": null,
      "End Cash Position": 109095437000000.0,
      "Other Cash Adjustment Outside Changein Cash": 0.0,
      "Beginning Cash Position": 109875097000000.0,
      "Effect Of Exchange Rate Changes": 261988000000.0,
      "Changes In Cash": -1041649000000.0,
      "Financing Cash Flow": -861116000000.0,
      "Cash Flow From Continuing Financing Activities": -861115000000.0,
      "Net Other Financing Charges": -146321000000.0,
      "Cash Dividends Paid": -532976000000.0,
      "Common Stock Dividend Paid": -532976000000.0,
      "Net Common Stock Issuance": -402885000000.0,
      "Common Stock Payments": -418546000000.0,
      "Common Stock Issuance": 15661000000.0,
      "Net Issuance Payments Of Debt": 221066000000.0,
      "Net Short Term Debt Issuance": null,
      "Net Long Term Debt Issuance": 221066000000.0,
      "Long Term Debt Payments": -538910000000.0,
      "Long Term Debt Issuance": 759976000000.0,
      "Investing Cash Flow": -186948000000.0,
      "Cash Flow From Continuing Investing Activities": -186948000000.0,
      "Net Other Investing Changes": 203696000000.0,
      "Net Investment Purchase And Sale": 151751000000.0,
      "Sale Of Investment": 108277531000000.0,
      "Purchase Of Investment": -108125780000000.0,
      "Net Business Purchase And Sale": -163412000000.0,
      "Sale Of Business": 0.0,
      "Purchase Of Business": -163412000000.0,
      "Net Intangibles Purchase And Sale": -322501000000.0,
      "Sale Of Intangibles": 4000000.0,
      "Purchase Of Intangibles": -322505000000.0,
      "Net PPE Purchase And Sale": -56482000000.0,
      "Sale Of PPE": 77714000000.0,
      "Purchase Of PPE": -134196000000.0,
      "Capital Expenditure Reported": null,
      "Operating Cash Flow": 6415000000.0,
      "Cash Flow From Continuing Operating Activities": 6414000000.0,
      "Taxes Refund Paid": -329687000000.0,
      "Interest Received Cfo": 8389421000000.0,
      "Interest Paid Cfo": -5573505000000.0,
      "Change In Working Capital": -4388602000000.0,
      "Change In Other Working Capital": 646034000000.0,
      "Change In Other Current Liabilities": -959121000000.0,
      "Change In Other Current Assets": 517507000000.0,
      "Change In Payables And Accrued Expense": -2449496000000.0,
      "Change In Payable": -2449496000000.0,
      "Change In Receivables": -474540000000.0,
      "Other Non Cash Items": -1157786000000.0,
      "Unrealized Gain Loss On Investment Securities": null,
      "Asset Impairment Charge": 141542000000.0,
      "Deferred Tax": null,
      "Deferred Income Tax": null,
      "Depreciation Amortization Depletion": 415029000000.0,
      "Depreciation And Amortization": 415029000000.0,
      "Amortization Cash Flow": 36553000000.0,
      "Amortization Of Intangibles": 36553000000.0,
      "Depreciation": 378476000000.0,
      "Operating Gains Losses": -40631000000.0,
      "Pension And Employee Benefit Expense": null,
      "Earnings Losses From Equity Investments": -596956000000.0,
      "Gain Loss On Investment Securities": 401929000000.0,
      "Net Foreign Currency Exchange Gain Loss": 162239000000.0,
      "Gain Loss On Sale Of PPE": -7612000000.0,
      "Net Income From Continuing Operations": 2550634000000.0
    },
    "2024-03-31T00:00:00": {
      "Free Cash Flow": -10307667000000.0,
      "Repurchase Of Capital Stock": -400156000000.0,
      "Repayment Of Debt": -223290000000.0,
      "Issuance Of Debt": 1115021000000.0,
      "Issuance Of Capital Stock": 2297000000.0,
      "Capital Expenditure": -462807000000.0,
      "Interest Paid Supplemental Data": null,
      "Income Tax Paid Supplemental Data": null,
      "End Cash Position": 109875097000000.0,
      "Other Cash Adjustment Outside Changein Cash": 4595000000.0,
      "Beginning Cash Position": 113630172000000.0,
      "Effect Of Exchange Rate Changes": 2090467000000.0,
      "Changes In Cash": -5850138000000.0,
      "Financing Cash Flow": 8307000000.0,
      "Cash Flow From Continuing Financing Activities": 8308000000.0,
      "Net Other Financing Charges": -45810000000.0,
      "Cash Dividends Paid": -439755000000.0,
      "Common Stock Dividend Paid": -439755000000.0,
      "Net Common Stock Issuance": -397859000000.0,
      "Common Stock Payments": -400156000000.0,
      "Common Stock Issuance": 2297000000.0,
      "Net Issuance Payments Of Debt": 891731000000.0,
      "Net Short Term Debt Issuance": null,
      "Net Long Term Debt Issuance": 891731000000.0,
      "Long Term Debt Payments": -223290000000.0,
      "Long Term Debt Issuance": 1115021000000.0,
      "Investing Cash Flow": 3986415000000.0,
      "Cash Flow From Continuing Investing Activities": 3986418000000.0,
      "Net Other Investing Changes": -48190000000.0,
      "Net Investment Purchase And Sale": 4614883000000.0,
      "Sale Of Investment": 97434153000000.0,
      "Purchase Of Investment": -92819270000000.0,
      "Net Business Purchase And Sale": -196321000000.0,
      "Sale Of Business": 9476000000.0,
      "Purchase Of Business": -205797000000.0,
      "Net Intangibles Purchase And Sale": -332589000000.0,
      "Sale Of Intangibles": 568000000.0,
      "Purchase Of Intangibles": -333157000000.0,
      "Net PPE Purchase And Sale": -51368000000.0,
      "Sale Of PPE": 78282000000.0,
      "Purchase Of PPE": -129650000000.0,
      "Capital Expenditure Reported": null,
      "Operating Cash Flow": -9844860000000.0,
      "Cash Flow From Continuing Operating Activities": -9844858000000.0,
      "Taxes Refund Paid": -526910000000.0,
      "Interest Received Cfo": 7250761000000.0,
      "Interest Paid Cfo": -4851903000000.0,
      "Change In Working Capital": -5686485000000.0,
      "Change In Other Working Capital": 11234207000000.0,
      "Change In Other Current Liabilities": 902573000000.0,
      "Change In Other Current Assets": -651884000000.0,
      "Change In Payables And Accrued Expense": -4301919000000.0,
      "Change In Payable": -4301919000000.0,
      "Change In Receivables": -281434000000.0,
      "Other Non Cash Items": -3099107000000.0,
      "Unrealized Gain Loss On Investment Securities": null,
      "Asset Impairment Charge": 31108000000.0,
      "Deferred Tax": null,
      "Deferred Income Tax": null,
      "Depreciation Amortization Depletion": 362367000000.0,
      "Depreciation And Amortization": 362367000000.0,
      "Amortization Cash Flow": 22230000000.0,
      "Amortization Of Intangibles": 22230000000.0,
      "Depreciation": 340137000000.0,
      "Operating Gains Losses": -5374795000000.0,
      "Pension And Employee Benefit Expense": 0.0,
      "Earnings Losses From Equity Investments": -531803000000.0,
      "Gain Loss On Investment Securities": 79574000000.0,
      "Net Foreign Currency Exchange Gain Loss": -4994338000000.0,
      "Gain Loss On Sale Of PPE": -4594000000.0,
      "Net Income From Continuing Operations": 2050104000000.0
    },
    "2023-03-31T00:00:00": {
      "Free Cash Flow": 13030148000000.0,
      "Repurchase Of Capital Stock": -450153000000.0,
      "Repayment Of Debt": -815754000000.0,
      "Issuance Of Debt": 699246000000.0,
      "Issuance Of Capital Stock": 2237000000.0,
      "Capital Expenditure": -401625000000.0,
      "Interest Paid Supplemental Data": null,
      "Income Tax Paid Supplemental Data": null,
      "End Cash Position": 113630172000000.0,
      "Other Cash Adjustment Outside Changein Cash": -1900000000.0,
      "Beginning Cash Position": 110763205000000.0,
      "Effect Of Exchange Rate Changes": 1089328000000.0,
      "Changes In Cash": 1779539000000.0,
      "Financing Cash Flow": -977138000000.0,
      "Cash Flow From Continuing Financing Activities": -977138000000.0,
      "Net Other Financing Charges": -32267000000.0,
      "Cash Dividends Paid": -380447000000.0,
      "Common Stock Dividend Paid": -380447000000.0,
      "Net Common Stock Issuance": -447916000000.0,
      "Common Stock Payments": -450153000000.0,
      "Common Stock Issuance": 2237000000.0,
      "Net Issuance Payments Of Debt": -116508000000.0,
      "Net Short Term Debt Issuance": null,
      "Net Long Term Debt Issuance": -116508000000.0,
      "Long Term Debt Payments": -815754000000.0,
      "Long Term Debt Issuance": 699246000000.0,
      "Investing Cash Flow": -10675096000000.0,
      "Cash Flow From Continuing Investing Activities": -10675096000000.0,
      "Net Other Investing Changes": 30418000000.0,
      "Net Investment Purchase And Sale": -8565674000000.0,
      "Sale Of Investment": 95427667000000.0,
      "Purchase Of Investment": -103993341000000.0,
      "Net Business Purchase And Sale": -1784755000000.0,
      "Sale Of Business": 0.0,
      "Purchase Of Business": -1784755000000.0,
      "Net Intangibles Purchase And Sale": -283298000000.0,
      "Sale Of Intangibles": 180000000.0,
      "Purchase Of Intangibles": -283478000000.0,
      "Net PPE Purchase And Sale": -71787000000.0,
      "Sale Of PPE": 46360000000.0,
      "Purchase Of PPE": -118147000000.0,
      "Capital Expenditure Reported": null,
      "Operating Cash Flow": 13431773000000.0,
      "Cash Flow From Continuing Operating Activities": 13431766000000.0,
      "Taxes Refund Paid": -477532000000.0,
      "Interest Received Cfo": 4923477000000.0,
      "Interest Paid Cfo": -2098922000000.0,
      "Change In Working Capital": 14413010000000.0,
      "Change In Other Working Capital": 12378514000000.0,
      "Change In Other Current Liabilities": 389528000000.0,
      "Change In Other Current Assets": -57307000000.0,
      "Change In Payables And Accrued Expense": -1121708000000.0,
      "Change In Payable": -1121708000000.0,
      "Change In Receivables": 153662000000.0,
      "Other Non Cash Items": -3137147000000.0,
      "Unrealized Gain Loss On Investment Securities": null,
      "Asset Impairment Charge": 18167000000.0,
      "Deferred Tax": null,
      "Deferred Income Tax": null,
      "Depreciation Amortization Depletion": 334636000000.0,
      "Depreciation And Amortization": 334636000000.0,
      "Amortization Cash Flow": 19928000000.0,
      "Amortization Of Intangibles": 19928000000.0,
      "Depreciation": 314708000000.0,
      "Operating Gains Losses": -2113839000000.0,
      "Pension And Employee Benefit Expense": 78111000000.0,
      "Earnings Losses From Equity Investments": -425829000000.0,
      "Gain Loss On Investment Securities": 481930000000.0,
      "Net Foreign Currency Exchange Gain Loss": -2255057000000.0,
      "Gain Loss On Sale Of PPE": 918000000.0,
      "Net Income From Continuing Operations": 1569923000000.0
    },
    "2022-03-31T00:00:00": {
      "Free Cash Flow": 9455896000000.0,
      "Repurchase Of Capital Stock": -158515000000.0,
      "Repayment Of Debt": -789480000000.0,
      "Issuance Of Debt": 226091000000.0,
      "Issuance Of Capital Stock": 5399000000.0,
      "Capital Expenditure": -384003000000.0,
      "Interest Paid Supplemental Data": null,
      "Income Tax Paid Supplemental Data": null,
      "End Cash Position": 110763205000000.0,
      "Other Cash Adjustment Outside Changein Cash": -3139000000.0,
      "Beginning Cash Position": 102980711000000.0,
      "Effect Of Exchange Rate Changes": 1228889000000.0,
      "Changes In Cash": 6556745000000.0,
      "Financing Cash Flow": -1080428000000.0,
      "Cash Flow From Continuing Financing Activities": -1080427000000.0,
      "Net Other Financing Charges": -29304000000.0,
      "Cash Dividends Paid": -334619000000.0,
      "Common Stock Dividend Paid": -334619000000.0,
      "Net Common Stock Issuance": -153116000000.0,
      "Common Stock Payments": -158515000000.0,
      "Common Stock Issuance": 5399000000.0,
      "Net Issuance Payments Of Debt": -563389000000.0,
      "Net Short Term Debt Issuance": null,
      "Net Long Term Debt Issuance": -563389000000.0,
      "Long Term Debt Payments": -789480000000.0,
      "Long Term Debt Issuance": 226091000000.0,
      "Investing Cash Flow": -2202726000000.0,
      "Cash Flow From Continuing Investing Activities": -2202728000000.0,
      "Net Other Investing Changes": -57542000000.0,
      "Net Investment Purchase And Sale": -1154972000000.0,
      "Sale Of Investment": 96739005000000.0,
      "Purchase Of Investment": -97893977000000.0,
      "Net Business Purchase And Sale": -689742000000.0,
      "Sale Of Business": 35851000000.0,
      "Purchase Of Business": -725593000000.0,
      "Net Intangibles Purchase And Sale": -281451000000.0,
      "Sale Of Intangibles": 1277000000.0,
      "Purchase Of Intangibles": -282728000000.0,
      "Net PPE Purchase And Sale": -19019000000.0,
      "Sale Of PPE": 82256000000.0,
      "Purchase Of PPE": -101275000000.0,
      "Capital Expenditure Reported": null,
      "Operating Cash Flow": 9839899000000.0,
      "Cash Flow From Continuing Operating Activities": 9839895000000.0,
      "Taxes Refund Paid": -249370000000.0,
      "Interest Received Cfo": 2657591000000.0,
      "Interest Paid Cfo": -546500000000.0,
      "Change In Working Capital": 11207231000000.0,
      "Change In Other Working Capital": 6774306000000.0,
      "Change In Other Current Liabilities": 76095000000.0,
      "Change In Other Current Assets": -472876000000.0,
      "Change In Payables And Accrued Expense": 1602553000000.0,
      "Change In Payable": 1602553000000.0,
      "Change In Receivables": -977957000000.0,
      "Other Non Cash Items": -1805207000000.0,
      "Unrealized Gain Loss On Investment Securities": null,
      "Asset Impairment Charge": 174133000000.0,
      "Deferred Tax": null,
      "Deferred Income Tax": null,
      "Depreciation Amortization Depletion": 363250000000.0,
      "Depreciation And Amortization": 363250000000.0,
      "Amortization Cash Flow": 18051000000.0,
      "Amortization Of Intangibles": 18051000000.0,
      "Depreciation": 345199000000.0,
      "Operating Gains Losses": -3451086000000.0,
      "Pension And Employee Benefit Expense": 0.0,
      "Earnings Losses From Equity Investments": -441595000000.0,
      "Gain Loss On Investment Securities": -225395000000.0,
      "Net Foreign Currency Exchange Gain Loss": -2788581000000.0,
      "Gain Loss On Sale Of PPE": -16862000000.0,
      "Net Income From Continuing Operations": 1489857000000.0
    },
    "2021-03-31T00:00:00": {
      "Free Cash Flow": null,
      "Repurchase Of Capital Stock": null,
      "Repayment Of Debt": null,
      "Issuance Of Debt": null,
      "Issuance Of Capital Stock": null,
      "Capital Expenditure": null,
      "Interest Paid Supplemental Data": 879917000000.0,
      "Income Tax Paid Supplemental Data": 124705000000.0,
      "End Cash Position": null,
      "Other Cash Adjustment Outside Changein Cash": null,
      "Beginning Cash Position": null,
      "Effect Of Exchange Rate Changes": null,
      "Changes In Cash": null,
      "Financing Cash Flow": null,
      "Cash Flow From Continuing Financing Activities": null,
      "Net Other Financing Charges": null,
      "Cash Dividends Paid": null,
      "Common Stock Dividend Paid": null,
      "Net Common Stock Issuance": null,
      "Common Stock Payments": null,
      "Common Stock Issuance": null,
      "Net Issuance Payments Of Debt": null,
      "Net Short Term Debt Issuance": -939069000000.0,
      "Net Long Term Debt Issuance": null,
      "Long Term Debt Payments": null,
      "Long Term Debt Issuance": null,
      "Investing Cash Flow": null,
      "Cash Flow From Continuing Investing Activities": null,
      "Net Other Investing Changes": null,
      "Net Investment Purchase And Sale": null,
      "Sale Of Investment": null,
      "Purchase Of Investment": null,
      "Net Business Purchase And Sale": null,
      "Sale Of Business": null,
      "Purchase Of Business": null,
      "Net Intangibles Purchase And Sale": null,
      "Sale Of Intangibles": null,
      "Purchase Of Intangibles": null,
      "Net PPE Purchase And Sale": null,
      "Sale Of PPE": null,
      "Purchase Of PPE": null,
      "Capital Expenditure Reported": -116707000000.0,
      "Operating Cash Flow": null,
      "Cash Flow From Continuing Operating Activities": null,
      "Taxes Refund Paid": null,
      "Interest Received Cfo": null,
      "Interest Paid Cfo": null,
      "Change In Working Capital": null,
      "Change In Other Working Capital": null,
      "Change In Other Current Liabilities": null,
      "Change In Other Current Assets": null,
      "Change In Payables And Accrued Expense": null,
      "Change In Payable": null,
      "Change In Receivables": null,
      "Other Non Cash Items": null,
      "Unrealized Gain Loss On Investment Securities": 5002000000.0,
      "Asset Impairment Charge": null,
      "Deferred Tax": 266273000000.0,
      "Deferred Income Tax": 266273000000.0,
      "Depreciation Amortization Depletion": null,
      "Depreciation And Amortization": null,
      "Amortization Cash Flow": null,
      "Amortization Of Intangibles": null,
      "Depreciation": null,
      "Operating Gains Losses": null,
      "Pension And Employee Benefit Expense": 2804000000.0,
      "Earnings Losses From Equity Investments": null,
      "Gain Loss On Investment Securities": null,
      "Net Foreign Currency Exchange Gain Loss": null,
      "Gain Loss On Sale Of PPE": null,
      "Net Income From Continuing Operations": null
    }
  },
  "earnings_estimate": {
    "avg": {
      "0q": 39.40776,
      "+1q": 49.54389,
      "0y": 194.24126,
      "+1y": 215.04324
    },
    "low": {
      "0q": 25.75,
      "+1q": 47.82167,
      "0y": 182.9,
      "+1y": 192.0
    },
    "high": {
      "0q": 58.7,
      "+1q": 51.1,
      "0y": 217.6,
      "+1y": 234.4811
    },
    "yearAgoEps": {
      "0q": 10.17,
      "+1q": 47.55,
      "0y": 160.02,
      "+1y": 194.24126
    },
    "numberOfAnalysts": {
      "0q": 4,
      "+1q": 3,
      "0y": 12,
      "+1y": 12
    },
    "growth": {
      "0q": 2.8748999,
      "+1q": 0.0419,
      "0y": 0.2139,
      "+1y": 0.1071
    }
  },
  "revenue_estimate": {
    "avg": {
      "0q": 1424851874500,
      "+1q": 1545479497000,
      "0y": 5795339334000,
      "+1y": 6249462600750
    },
    "low": {
      "0q": 1227604118000,
      "+1q": 1538289380000,
      "0y": 5672029220000,
      "+1y": 5821700000000
    },
    "high": {
      "0q": 1599000000000,
      "+1q": 1552669614000,
      "0y": 6068200000000,
      "+1y": 6679400000000
    },
    "numberOfAnalysts": {
      "0q": 4,
      "+1q": 2,
      "0y": 7,
      "+1y": 8
    },
    "yearAgoRevenue": {
      "0q": 697923000000,
      "+1q": 1358416000000,
      "0y": 2152855000000,
      "+1y": 3165000000000
    },
    "growth": {
      "0q": 1.0416,
      "+1q": 0.1377,
      "0y": 1.6919,
      "+1y": 0.9746
    }
  },
  "growth_estimates": {
    "stockTrend": {
      "0q": null,
      "+1q": null,
      "0y": null,
      "+1y": null,
      "LTG": null
    },
    "indexTrend": {
      "0q": 0.1273,
      "+1q": 0.103599995,
      "0y": 0.14310001,
      "+1y": 0.1557,
      "LTG": 0.122
    }
  },
  "revenue_forecasts": null,
  "dividend_rate": 78.0,
  "trailing_dividend_rate": 74.0
}