{
  "ticker": "8316.T",
  "name": "SMFG",
  "country": "japan",
  "currency": "JPY",
  "last_fetched": "2026-02-26T20:49:56.765012",
  "market_cap": 22488039817216,
  "revenue": 3707428929536,
  "net_income": 736928989184,
  "pe_ratio": 15.754982,
  "forward_pe": 18.533087,
  "dividend_yield": 2.75,
  "profit_margin": 0.20729999,
  "roe": 0.04933,
  "debt_to_equity": null,
  "beta": 0.164,
  "ev_to_ebitda": null,
  "sector": "Financial Services",
  "industry": "Banks - Diversified",
  "summary": "Sumitomo Mitsui Financial Group, Inc., together with its subsidiaries, provides banking, leasing, securities, consumer finance, and other services in Japan, the Americas, Europe, the Middle East, Asia, and Oceania. It operates through four segments: Wholesale Business Unit, Retail Business Unit, Global Business Unit, and Global Markets Business Unit. The Wholesale Business Unit segment offers bilateral loans, syndicated loans, commitment lines, structured finance, project finance, and nonrecourse loans; deposits and investment trusts; risk hedging services, including forward exchange contracts and derivatives; stand-by credit, and performance bond and credit guarantee services; remittance, cash management, trade finance, and supply chain finance services; merger and acquisition, and other advisory services; digital services; and equipment, operating and leveraged leasing services. The Retail Business Unit segment provides wealth management services, such as time deposits and foreign currency deposits, investment trusts, equities, bonds, insurance products, and trust services; credit card, installment, and transaction services; and consumer finance and housing loans. The Global Business Unit segment offers loans, deposits, clearing, trade finance, project finance, loan syndication, derivatives, and global cash management services; equity and fixed income sales and trading, and underwriting services; and construction machinery, transportation equipment, industrial machinery, medical equipment, and other leasing services. The Global Markets Business Unit segment provides asset liability management and portfolio management, foreign currency funding, and sales and trading services. The company offers system development, data processing, management consulting, economic research, and asset management services. Sumitomo Mitsui Financial Group, Inc. was incorporated in 2002 and is headquartered in Tokyo, Japan.",
  "website": "https://www.smfg.co.jp",
  "employees": 123000,
  "target_high": 7550.0,
  "target_low": 1766.6666,
  "target_mean": 5716.6665,
  "target_median": 6100.0,
  "recommendation": "buy",
  "num_analysts": 13,
  "income_stmt": {
    "2025-03-31T00:00:00": {
      "Tax Effect Of Unusual Items": -5675349000.0,
      "Tax Rate For Calcs": 0.3018,
      "Total Unusual Items": -18805000000.0,
      "Total Unusual Items Excluding Goodwill": -18805000000.0,
      "Net Income From Continuing Operation Net Minority Interest": 1177996000000.0,
      "Reconciled Depreciation": 280780000000.0,
      "Net Interest Income": 2338219000000.0,
      "Interest Expense": 4590358000000.0,
      "Interest Income": 6928577000000.0,
      "Normalized Income": 1191125651000.0,
      "Net Income From Continuing And Discontinued Operation": 1177996000000.0,
      "Rent Expense Supplemental": 0.0,
      "Diluted Average Shares": 3907394000.0,
      "Basic Average Shares": 3906456000.0,
      "Diluted EPS": 301.48,
      "Basic EPS": 301.55,
      "Diluted NI Availto Com Stockholders": 1177989000000.0,
      "Average Dilution Earnings": -7000000.0,
      "Net Income Common Stockholders": 1177996000000.0,
      "Otherunder Preferred Stock Dividend": null,
      "Net Income": 1177996000000.0,
      "Minority Interests": -8881000000.0,
      "Net Income Including Noncontrolling Interests": 1186877000000.0,
      "Net Income Continuous Operations": 1186877000000.0,
      "Tax Provision": 513065000000.0,
      "Pretax Income": 1699943000000.0,
      "Other Non Operating Income Expenses": null,
      "Special Income Charges": -18805000000.0,
      "Gain On Sale Of Business": 0.0,
      "Other Special Charges": 11753000000.0,
      "Write Off": null,
      "Impairment Of Capital Assets": 7052000000.0,
      "Restructuring And Mergern Acquisition": 0.0,
      "Gain On Sale Of Security": 1123269000000.0,
      "Depreciation Amortization Depletion Income Statement": null,
      "Depreciation And Amortization In Income Statement": null,
      "Depreciation Income Statement": null,
      "Selling General And Administration": 2401955000000.0,
      "Selling And Marketing Expense": null,
      "General And Administrative Expense": 2401955000000.0,
      "Other Gand A": 1477525000000.0,
      "Rent And Landing Fees": 0.0,
      "Salaries And Wages": 924430000000.0,
      "Total Revenue": 5066265000000.0,
      "Operating Revenue": 5066265000000.0,
      "Occupancy And Equipment": null,
      "Other Non Interest Expense": 595565000000.0
    },
    "2024-03-31T00:00:00": {
      "Tax Effect Of Unusual Items": -34256284800.0,
      "Tax Rate For Calcs": 0.2784,
      "Total Unusual Items": -123047000000.0,
      "Total Unusual Items Excluding Goodwill": -123047000000.0,
      "Net Income From Continuing Operation Net Minority Interest": 962946000000.0,
      "Reconciled Depreciation": 293069000000.0,
      "Net Interest Income": 1880654000000.0,
      "Interest Expense": 4332866000000.0,
      "Interest Income": 6213520000000.0,
      "Normalized Income": 1051736715200.0,
      "Net Income From Continuing And Discontinued Operation": 962946000000.0,
      "Rent Expense Supplemental": 30915000000.0,
      "Diluted Average Shares": 3988236000.0,
      "Basic Average Shares": 3987077000.0,
      "Diluted EPS": 241.45,
      "Basic EPS": 241.52,
      "Diluted NI Availto Com Stockholders": 962946000000.0,
      "Average Dilution Earnings": 0.0,
      "Net Income Common Stockholders": 962946000000.0,
      "Otherunder Preferred Stock Dividend": null,
      "Net Income": 962946000000.0,
      "Minority Interests": -5740000000.0,
      "Net Income Including Noncontrolling Interests": 968687000000.0,
      "Net Income Continuous Operations": 968687000000.0,
      "Tax Provision": 373662000000.0,
      "Pretax Income": 1342349000000.0,
      "Other Non Operating Income Expenses": null,
      "Special Income Charges": -123047000000.0,
      "Gain On Sale Of Business": -108191000000.0,
      "Other Special Charges": 8240000000.0,
      "Write Off": null,
      "Impairment Of Capital Assets": 13696000000.0,
      "Restructuring And Mergern Acquisition": -7080000000.0,
      "Gain On Sale Of Security": 54426000000.0,
      "Depreciation Amortization Depletion Income Statement": null,
      "Depreciation And Amortization In Income Statement": null,
      "Depreciation Income Statement": null,
      "Selling General And Administration": 2281508000000.0,
      "Selling And Marketing Expense": null,
      "General And Administrative Expense": 2281508000000.0,
      "Other Gand A": 1414661000000.0,
      "Rent And Landing Fees": 30915000000.0,
      "Salaries And Wages": 835932000000.0,
      "Total Revenue": 4433371000000.0,
      "Operating Revenue": 4433371000000.0,
      "Occupancy And Equipment": null,
      "Other Non Interest Expense": 484466000000.0
    },
    "2023-03-31T00:00:00": {
      "Tax Effect Of Unusual Items": -16045460200.0,
      "Tax Rate For Calcs": 0.2569,
      "Total Unusual Items": -62458000000.0,
      "Total Unusual Items Excluding Goodwill": -62458000000.0,
      "Net Income From Continuing Operation Net Minority Interest": 805842000000.0,
      "Reconciled Depreciation": 267928000000.0,
      "Net Interest Income": 1717793000000.0,
      "Interest Expense": 2061922000000.0,
      "Interest Income": 3779715000000.0,
      "Normalized Income": 852254539800.0,
      "Net Income From Continuing And Discontinued Operation": 805842000000.0,
      "Rent Expense Supplemental": 31314000000.0,
      "Diluted Average Shares": 4095699000.0,
      "Basic Average Shares": 4094310000.0,
      "Diluted EPS": 196.753333,
      "Basic EPS": 196.82,
      "Diluted NI Availto Com Stockholders": 805842000000.0,
      "Average Dilution Earnings": 0.0,
      "Net Income Common Stockholders": 805842000000.0,
      "Otherunder Preferred Stock Dividend": null,
      "Net Income": 805842000000.0,
      "Minority Interests": -10481000000.0,
      "Net Income Including Noncontrolling Interests": 816324000000.0,
      "Net Income Continuous Operations": 816324000000.0,
      "Tax Provision": 282148000000.0,
      "Pretax Income": 1098472000000.0,
      "Other Non Operating Income Expenses": null,
      "Special Income Charges": -62458000000.0,
      "Gain On Sale Of Business": 0.0,
      "Other Special Charges": 3413000000.0,
      "Write Off": null,
      "Impairment Of Capital Assets": 59045000000.0,
      "Restructuring And Mergern Acquisition": 0.0,
      "Gain On Sale Of Security": 297275000000.0,
      "Depreciation Amortization Depletion Income Statement": 195530000000.0,
      "Depreciation And Amortization In Income Statement": 195530000000.0,
      "Depreciation Income Statement": 195530000000.0,
      "Selling General And Administration": 1785029000000.0,
      "Selling And Marketing Expense": null,
      "General And Administrative Expense": 1785029000000.0,
      "Other Gand A": 1003866000000.0,
      "Rent And Landing Fees": 31314000000.0,
      "Salaries And Wages": 749849000000.0,
      "Total Revenue": 3719458000000.0,
      "Operating Revenue": 3719458000000.0,
      "Occupancy And Equipment": null,
      "Other Non Interest Expense": 423274000000.0
    },
    "2022-03-31T00:00:00": {
      "Tax Effect Of Unusual Items": -25626416400.0,
      "Tax Rate For Calcs": 0.2308,
      "Total Unusual Items": -111033000000.0,
      "Total Unusual Items Excluding Goodwill": -111033000000.0,
      "Net Income From Continuing Operation Net Minority Interest": 706631000000.0,
      "Reconciled Depreciation": 241916000000.0,
      "Net Interest Income": 1527984000000.0,
      "Interest Expense": 380007000000.0,
      "Interest Income": 1907991000000.0,
      "Normalized Income": 792037583600.0,
      "Net Income From Continuing And Discontinued Operation": 706631000000.0,
      "Rent Expense Supplemental": 24989000000.0,
      "Diluted Average Shares": 4113894000.0,
      "Basic Average Shares": 4112211000.0,
      "Diluted EPS": 171.766667,
      "Basic EPS": 171.836667,
      "Diluted NI Availto Com Stockholders": 706631000000.0,
      "Average Dilution Earnings": null,
      "Net Income Common Stockholders": 706631000000.0,
      "Otherunder Preferred Stock Dividend": null,
      "Net Income": 706631000000.0,
      "Minority Interests": -8421000000.0,
      "Net Income Including Noncontrolling Interests": 715052000000.0,
      "Net Income Continuous Operations": 715052000000.0,
      "Tax Provision": 214535000000.0,
      "Pretax Income": 929588000000.0,
      "Other Non Operating Income Expenses": null,
      "Special Income Charges": -111033000000.0,
      "Gain On Sale Of Business": null,
      "Other Special Charges": 2113000000.0,
      "Write Off": null,
      "Impairment Of Capital Assets": 108920000000.0,
      "Restructuring And Mergern Acquisition": null,
      "Gain On Sale Of Security": 251756000000.0,
      "Depreciation Amortization Depletion Income Statement": 194484000000.0,
      "Depreciation And Amortization In Income Statement": 194484000000.0,
      "Depreciation Income Statement": 194484000000.0,
      "Selling General And Administration": 1651595000000.0,
      "Selling And Marketing Expense": null,
      "General And Administrative Expense": 1651595000000.0,
      "Other Gand A": 946429000000.0,
      "Rent And Landing Fees": 24989000000.0,
      "Salaries And Wages": 680177000000.0,
      "Total Revenue": 3423103000000.0,
      "Operating Revenue": 3423103000000.0,
      "Occupancy And Equipment": null,
      "Other Non Interest Expense": 290507000000.0
    },
    "2021-03-31T00:00:00": {
      "Tax Effect Of Unusual Items": null,
      "Tax Rate For Calcs": null,
      "Total Unusual Items": null,
      "Total Unusual Items Excluding Goodwill": null,
      "Net Income From Continuing Operation Net Minority Interest": null,
      "Reconciled Depreciation": null,
      "Net Interest Income": null,
      "Interest Expense": null,
      "Interest Income": null,
      "Normalized Income": null,
      "Net Income From Continuing And Discontinued Operation": null,
      "Rent Expense Supplemental": null,
      "Diluted Average Shares": null,
      "Basic Average Shares": null,
      "Diluted EPS": null,
      "Basic EPS": null,
      "Diluted NI Availto Com Stockholders": null,
      "Average Dilution Earnings": 0.0,
      "Net Income Common Stockholders": null,
      "Otherunder Preferred Stock Dividend": 1000000.0,
      "Net Income": null,
      "Minority Interests": null,
      "Net Income Including Noncontrolling Interests": null,
      "Net Income Continuous Operations": null,
      "Tax Provision": null,
      "Pretax Income": null,
      "Other Non Operating Income Expenses": 167739000000.0,
      "Special Income Charges": null,
      "Gain On Sale Of Business": -680000000.0,
      "Other Special Charges": null,
      "Write Off": 2607000000.0,
      "Impairment Of Capital Assets": null,
      "Restructuring And Mergern Acquisition": -405000000.0,
      "Gain On Sale Of Security": null,
      "Depreciation Amortization Depletion Income Statement": 182240000000.0,
      "Depreciation And Amortization In Income Statement": 182240000000.0,
      "Depreciation Income Statement": 182240000000.0,
      "Selling General And Administration": null,
      "Selling And Marketing Expense": 89924000000.0,
      "General And Administrative Expense": null,
      "Other Gand A": null,
      "Rent And Landing Fees": null,
      "Salaries And Wages": null,
      "Total Revenue": null,
      "Operating Revenue": null,
      "Occupancy And Equipment": 56389000000.0,
      "Other Non Interest Expense": null
    }
  },
  "quarterly_income": {
    "2025-12-31T00:00:00": {
      "Tax Effect Of Unusual Items": -581016114.877696,
      "Tax Rate For Calcs": 0.26579,
      "Total Unusual Items": -2186000000.0,
      "Total Unusual Items Excluding Goodwill": -2186000000.0,
      "Net Income From Continuing Operation Net Minority Interest": 461263000000.0,
      "Net Interest Income": 663237000000.0,
      "Interest Expense": 1148693000000.0,
      "Interest Income": 1811930000000.0,
      "Normalized Income": 462867983885.1223,
      "Net Income From Continuing And Discontinued Operation": 461263000000.0,
      "Diluted Average Shares": null,
      "Basic Average Shares": null,
      "Diluted EPS": null,
      "Basic EPS": null,
      "Diluted NI Availto Com Stockholders": 461263000000.0,
      "Net Income Common Stockholders": 461263000000.0,
      "Net Income": 461263000000.0,
      "Minority Interests": 6973000000.0,
      "Net Income Including Noncontrolling Interests": 454289000000.0,
      "Net Income Continuous Operations": 454289000000.0,
      "Tax Provision": 164456000000.0,
      "Pretax Income": 618745000000.0,
      "Special Income Charges": -2186000000.0,
      "Other Special Charges": 2186000000.0,
      "Gain On Sale Of Security": 0.0,
      "Selling General And Administration": 670447000000.0,
      "General And Administrative Expense": 670447000000.0,
      "Other Gand A": 670447000000.0,
      "Total Revenue": 1485221000000.0,
      "Operating Revenue": 1485221000000.0,
      "Other Non Interest Expense": 97189000000.0
    },
    "2025-09-30T00:00:00": {
      "Tax Effect Of Unusual Items": -262747075.198388,
      "Tax Rate For Calcs": 0.29622,
      "Total Unusual Items": -887000000.0,
      "Total Unusual Items Excluding Goodwill": -887000000.0,
      "Net Income From Continuing Operation Net Minority Interest": 556607000000.0,
      "Net Interest Income": 656653000000.0,
      "Interest Expense": 1149602000000.0,
      "Interest Income": 1806255000000.0,
      "Normalized Income": 557231252924.8016,
      "Net Income From Continuing And Discontinued Operation": 556607000000.0,
      "Diluted Average Shares": null,
      "Basic Average Shares": null,
      "Diluted EPS": null,
      "Basic EPS": null,
      "Diluted NI Availto Com Stockholders": 556607000000.0,
      "Net Income Common Stockholders": 556607000000.0,
      "Net Income": 556607000000.0,
      "Minority Interests": -2124000000.0,
      "Net Income Including Noncontrolling Interests": 558731000000.0,
      "Net Income Continuous Operations": 558731000000.0,
      "Tax Provision": 235169000000.0,
      "Pretax Income": 793900000000.0,
      "Special Income Charges": -887000000.0,
      "Other Special Charges": 887000000.0,
      "Gain On Sale Of Security": 0.0,
      "Selling General And Administration": 629113000000.0,
      "General And Administrative Expense": 629113000000.0,
      "Other Gand A": 629113000000.0,
      "Total Revenue": 1509972000000.0,
      "Operating Revenue": 1509972000000.0,
      "Other Non Interest Expense": 93416000000.0
    },
    "2025-06-30T00:00:00": {
      "Tax Effect Of Unusual Items": -374298957.169615,
      "Tax Rate For Calcs": 0.212308,
      "Total Unusual Items": -1763000000.0,
      "Total Unusual Items Excluding Goodwill": -1763000000.0,
      "Net Income From Continuing Operation Net Minority Interest": 376898000000.0,
      "Net Interest Income": 626284000000.0,
      "Interest Expense": 1086162000000.0,
      "Interest Income": 1712446000000.0,
      "Normalized Income": 378286701042.8304,
      "Net Income From Continuing And Discontinued Operation": 376898000000.0,
      "Diluted Average Shares": 3868000821.0,
      "Basic Average Shares": 3867113836.0,
      "Diluted EPS": 97.44,
      "Basic EPS": 97.46,
      "Diluted NI Availto Com Stockholders": 376898000000.0,
      "Net Income Common Stockholders": 376898000000.0,
      "Net Income": 376898000000.0,
      "Minority Interests": -2433000000.0,
      "Net Income Including Noncontrolling Interests": 379331000000.0,
      "Net Income Continuous Operations": 379331000000.0,
      "Tax Provision": 102242000000.0,
      "Pretax Income": 481574000000.0,
      "Special Income Charges": -1763000000.0,
      "Other Special Charges": 1763000000.0,
      "Gain On Sale Of Security": 0.0,
      "Selling General And Administration": 599674000000.0,
      "General And Administrative Expense": 599674000000.0,
      "Other Gand A": 599674000000.0,
      "Total Revenue": 1227814000000.0,
      "Operating Revenue": 1227814000000.0,
      "Other Non Interest Expense": 125353000000.0
    },
    "2025-03-31T00:00:00": {
      "Tax Effect Of Unusual Items": -2822744000.0,
      "Tax Rate For Calcs": 0.232,
      "Total Unusual Items": -12167000000.0,
      "Total Unusual Items Excluding Goodwill": -12167000000.0,
      "Net Income From Continuing Operation Net Minority Interest": 42025000000.0,
      "Net Interest Income": 658644000000.0,
      "Interest Expense": 1055267000000.0,
      "Interest Income": 1713911000000.0,
      "Normalized Income": 51369256000.0,
      "Net Income From Continuing And Discontinued Operation": 42025000000.0,
      "Diluted Average Shares": null,
      "Basic Average Shares": null,
      "Diluted EPS": null,
      "Basic EPS": null,
      "Diluted NI Availto Com Stockholders": 42018000000.0,
      "Net Income Common Stockholders": 42025000000.0,
      "Net Income": 42025000000.0,
      "Minority Interests": -2429000000.0,
      "Net Income Including Noncontrolling Interests": 44453000000.0,
      "Net Income Continuous Operations": 44453000000.0,
      "Tax Provision": 43042000000.0,
      "Pretax Income": 87495000000.0,
      "Special Income Charges": -12167000000.0,
      "Other Special Charges": 5115000000.0,
      "Gain On Sale Of Security": 1123269000000.0,
      "Selling General And Administration": 628977000000.0,
      "General And Administrative Expense": 628977000000.0,
      "Other Gand A": -295453000000.0,
      "Total Revenue": 1250721000000.0,
      "Operating Revenue": 1250721000000.0,
      "Other Non Interest Expense": 259593000000.0
    },
    "2024-12-31T00:00:00": {
      "Tax Effect Of Unusual Items": -1051127883.524087,
      "Tax Rate For Calcs": 0.294764,
      "Total Unusual Items": -3566000000.0,
      "Total Unusual Items Excluding Goodwill": -3566000000.0,
      "Net Income From Continuing Operation Net Minority Interest": 410799000000.0,
      "Net Interest Income": 553177000000.0,
      "Interest Expense": 1210751000000.0,
      "Interest Income": 1763928000000.0,
      "Normalized Income": 413313872116.4759,
      "Net Income From Continuing And Discontinued Operation": 410799000000.0,
      "Diluted Average Shares": null,
      "Basic Average Shares": null,
      "Diluted EPS": null,
      "Basic EPS": null,
      "Diluted NI Availto Com Stockholders": 410799000000.0,
      "Net Income Common Stockholders": 410799000000.0,
      "Net Income": 410799000000.0,
      "Minority Interests": -1797000000.0,
      "Net Income Including Noncontrolling Interests": 412597000000.0,
      "Net Income Continuous Operations": 412597000000.0,
      "Tax Provision": 172451000000.0,
      "Pretax Income": 585048000000.0,
      "Special Income Charges": -3566000000.0,
      "Other Special Charges": 3566000000.0,
      "Gain On Sale Of Security": 0.0,
      "Selling General And Administration": 600231000000.0,
      "General And Administrative Expense": 600231000000.0,
      "Other Gand A": 600231000000.0,
      "Total Revenue": 1192099000000.0,
      "Operating Revenue": 1192099000000.0,
      "Other Non Interest Expense": -46073000000.0
    },
    "2024-06-30T00:00:00": {
      "Tax Effect Of Unusual Items": null,
      "Tax Rate For Calcs": null,
      "Total Unusual Items": null,
      "Total Unusual Items Excluding Goodwill": null,
      "Net Income From Continuing Operation Net Minority Interest": null,
      "Net Interest Income": null,
      "Interest Expense": null,
      "Interest Income": null,
      "Normalized Income": null,
      "Net Income From Continuing And Discontinued Operation": null,
      "Diluted Average Shares": 3936347255.0,
      "Basic Average Shares": 3935334950.0,
      "Diluted EPS": 94.34,
      "Basic EPS": 94.36,
      "Diluted NI Availto Com Stockholders": null,
      "Net Income Common Stockholders": null,
      "Net Income": null,
      "Minority Interests": null,
      "Net Income Including Noncontrolling Interests": null,
      "Net Income Continuous Operations": null,
      "Tax Provision": null,
      "Pretax Income": null,
      "Special Income Charges": null,
      "Other Special Charges": null,
      "Gain On Sale Of Security": null,
      "Selling General And Administration": null,
      "General And Administrative Expense": null,
      "Other Gand A": null,
      "Total Revenue": null,
      "Operating Revenue": null,
      "Other Non Interest Expense": null
    }
  },
  "balance_sheet": {
    "2025-03-31T00:00:00": {
      "Treasury Shares Number": 10651848.0,
      "Ordinary Shares Number": 3873793610.0,
      "Share Issued": 3884445458.0,
      "Total Debt": 32500560000000.0,
      "Tangible Book Value": 13686879000000.0,
      "Invested Capital": 47204761000000.0,
      "Net Tangible Assets": 13686879000000.0,
      "Capital Lease Obligations": null,
      "Common Stock Equity": 14704201000000.0,
      "Total Capitalization": 40140002000000.0,
      "Total Equity Gross Minority Interest": 14841507000000.0,
      "Minority Interest": 137306000000.0,
      "Stockholders Equity": 14704201000000.0,
      "Other Equity Interest": 767000000.0,
      "Gains Losses Not Affecting Retained Earnings": 3494393000000.0,
      "Other Equity Adjustments": 1762230000000.0,
      "Fixed Assets Revaluation Reserve": 32849000000.0,
      "Foreign Currency Translation Adjustments": 1411827000000.0,
      "Minimum Pension Liabilities": 287487000000.0,
      "Treasury Stock": 38512000000.0,
      "Retained Earnings": 8290170000000.0,
      "Additional Paid In Capital": 611423000000.0,
      "Capital Stock": 2345960000000.0,
      "Common Stock": 2345960000000.0,
      "Total Liabilities Net Minority Interest": 291440508000000.0,
      "Derivative Product Liabilities": 4891146000000.0,
      "Employee Benefits": 170794000000.0,
      "Non Current Pension And Other Postretirement Benefit Plans": 34897000000.0,
      "Non Current Deferred Liabilities": 448474000000.0,
      "Non Current Deferred Revenue": null,
      "Non Current Deferred Taxes Liabilities": 448474000000.0,
      "Long Term Debt And Capital Lease Obligation": 25435801000000.0,
      "Long Term Capital Lease Obligation": null,
      "Long Term Debt": 25435801000000.0,
      "Long Term Provisions": 285721000000.0,
      "Current Debt And Capital Lease Obligation": 7064759000000.0,
      "Current Debt": 7064759000000.0,
      "Other Current Borrowings": 4378276000000.0,
      "Commercial Paper": 2686483000000.0,
      "Payables And Accrued Expenses": 1041660000000.0,
      "Current Accrued Expenses": null,
      "Payables": 1041660000000.0,
      "Other Payable": 1041660000000.0,
      "Total Tax Payable": null,
      "Income Tax Payable": null,
      "Accounts Payable": null,
      "Total Assets": 306282015000000.0,
      "Defined Pension Benefit": 987288000000.0,
      "Investments And Advances": 52520619000000.0,
      "Available For Sale Securities": 46379949000000.0,
      "Trading Securities": 6140670000000.0,
      "Long Term Equity Investment": null,
      "Goodwill And Other Intangible Assets": 1017322000000.0,
      "Other Intangible Assets": 787252000000.0,
      "Goodwill": 230070000000.0,
      "Net PPE": 1006556000000.0,
      "Accumulated Depreciation": null,
      "Gross PPE": 1006554000000.0,
      "Construction In Progress": 48832000000.0,
      "Other Properties": 218020000000.0,
      "Buildings And Improvements": 329897000000.0,
      "Land And Improvements": 409805000000.0,
      "Prepaid Assets": null,
      "Receivables": 231199000000.0,
      "Other Receivables": 231199000000.0,
      "Other Short Term Investments": null,
      "Cash And Cash Equivalents": 75590583000000.0,
      "Cash Financial": null,
      "Cash Cash Equivalents And Federal Funds Sold": 92066194000000.0
    },
    "2024-03-31T00:00:00": {
      "Treasury Shares Number": 70763598.0,
      "Ordinary Shares Number": 3941823654.0,
      "Share Issued": 4012587252.0,
      "Total Debt": 34255768000000.0,
      "Tangible Book Value": 13684333000000.0,
      "Invested Capital": 48916807000000.0,
      "Net Tangible Assets": 13684333000000.0,
      "Capital Lease Obligations": null,
      "Common Stock Equity": 14661039000000.0,
      "Total Capitalization": 43349579000000.0,
      "Total Equity Gross Minority Interest": 14799964000000.0,
      "Minority Interest": 138925000000.0,
      "Stockholders Equity": 14661039000000.0,
      "Other Equity Interest": 931000000.0,
      "Gains Losses Not Affecting Retained Earnings": 4030128000000.0,
      "Other Equity Adjustments": 2341810000000.0,
      "Fixed Assets Revaluation Reserve": 34936000000.0,
      "Foreign Currency Translation Adjustments": 1362647000000.0,
      "Minimum Pension Liabilities": 290735000000.0,
      "Treasury Stock": 167671000000.0,
      "Retained Earnings": 7843470000000.0,
      "Additional Paid In Capital": 610143000000.0,
      "Capital Stock": 2344038000000.0,
      "Common Stock": 2344038000000.0,
      "Total Liabilities Net Minority Interest": 280436737000000.0,
      "Derivative Product Liabilities": 4768118000000.0,
      "Employee Benefits": 158341000000.0,
      "Non Current Pension And Other Postretirement Benefit Plans": 38442000000.0,
      "Non Current Deferred Liabilities": 725948000000.0,
      "Non Current Deferred Revenue": null,
      "Non Current Deferred Taxes Liabilities": 725948000000.0,
      "Long Term Debt And Capital Lease Obligation": 28688540000000.0,
      "Long Term Capital Lease Obligation": null,
      "Long Term Debt": 28688540000000.0,
      "Long Term Provisions": 171428000000.0,
      "Current Debt And Capital Lease Obligation": 5567228000000.0,
      "Current Debt": 5567228000000.0,
      "Other Current Borrowings": 3138049000000.0,
      "Commercial Paper": 2429179000000.0,
      "Payables And Accrued Expenses": 1246198000000.0,
      "Current Accrued Expenses": null,
      "Payables": 1246198000000.0,
      "Other Payable": 1246198000000.0,
      "Total Tax Payable": null,
      "Income Tax Payable": null,
      "Accounts Payable": null,
      "Total Assets": 295236701000000.0,
      "Defined Pension Benefit": 913791000000.0,
      "Investments And Advances": 49732193000000.0,
      "Available For Sale Securities": 43245895000000.0,
      "Trading Securities": 6486298000000.0,
      "Long Term Equity Investment": null,
      "Goodwill And Other Intangible Assets": 976706000000.0,
      "Other Intangible Assets": 707873000000.0,
      "Goodwill": 268833000000.0,
      "Net PPE": 1006883000000.0,
      "Accumulated Depreciation": null,
      "Gross PPE": 1006882000000.0,
      "Construction In Progress": 40894000000.0,
      "Other Properties": 236260000000.0,
      "Buildings And Improvements": 323967000000.0,
      "Land And Improvements": 405761000000.0,
      "Prepaid Assets": null,
      "Receivables": 207645000000.0,
      "Other Receivables": 207645000000.0,
      "Other Short Term Investments": null,
      "Cash And Cash Equivalents": 78143100000000.0,
      "Cash Financial": null,
      "Cash Cash Equivalents And Federal Funds Sold": 86931606000000.0
    },
    "2023-03-31T00:00:00": {
      "Treasury Shares Number": 90211950.0,
      "Ordinary Shares Number": 4033861632.0,
      "Share Issued": 4124073582.0,
      "Total Debt": 29382844000000.0,
      "Tangible Book Value": 11783761000000.0,
      "Invested Capital": 42064453000000.0,
      "Net Tangible Assets": 11783761000000.0,
      "Capital Lease Obligations": null,
      "Common Stock Equity": 12681609000000.0,
      "Total Capitalization": 37145442000000.0,
      "Total Equity Gross Minority Interest": 12791104000000.0,
      "Minority Interest": 109495000000.0,
      "Stockholders Equity": 12681609000000.0,
      "Other Equity Interest": 1145000000.0,
      "Gains Losses Not Affecting Retained Earnings": 2372073000000.0,
      "Other Equity Adjustments": 1360228000000.0,
      "Fixed Assets Revaluation Reserve": 35005000000.0,
      "Foreign Currency Translation Adjustments": 843614000000.0,
      "Minimum Pension Liabilities": 133226000000.0,
      "Treasury Stock": 151798000000.0,
      "Retained Earnings": 7423600000000.0,
      "Additional Paid In Capital": 694052000000.0,
      "Capital Stock": 2342537000000.0,
      "Common Stock": 2342537000000.0,
      "Total Liabilities Net Minority Interest": 257637460000000.0,
      "Derivative Product Liabilities": 4779598000000.0,
      "Employee Benefits": 136143000000.0,
      "Non Current Pension And Other Postretirement Benefit Plans": 36582000000.0,
      "Non Current Deferred Liabilities": 293306000000.0,
      "Non Current Deferred Revenue": null,
      "Non Current Deferred Taxes Liabilities": 293306000000.0,
      "Long Term Debt And Capital Lease Obligation": 24463833000000.0,
      "Long Term Capital Lease Obligation": null,
      "Long Term Debt": 24463833000000.0,
      "Long Term Provisions": 171784000000.0,
      "Current Debt And Capital Lease Obligation": 4919011000000.0,
      "Current Debt": 4919011000000.0,
      "Other Current Borrowings": 2569055000000.0,
      "Commercial Paper": 2349956000000.0,
      "Payables And Accrued Expenses": 2413464000000.0,
      "Current Accrued Expenses": null,
      "Payables": 2413464000000.0,
      "Other Payable": 2413464000000.0,
      "Total Tax Payable": null,
      "Income Tax Payable": null,
      "Accounts Payable": null,
      "Total Assets": 270428564000000.0,
      "Defined Pension Benefit": 704654000000.0,
      "Investments And Advances": 43267625000000.0,
      "Available For Sale Securities": 38771448000000.0,
      "Trading Securities": 4496177000000.0,
      "Long Term Equity Investment": null,
      "Goodwill And Other Intangible Assets": 897848000000.0,
      "Other Intangible Assets": 620537000000.0,
      "Goodwill": 277311000000.0,
      "Net PPE": 1494527000000.0,
      "Accumulated Depreciation": null,
      "Gross PPE": 1494524000000.0,
      "Construction In Progress": 30983000000.0,
      "Other Properties": 728085000000.0,
      "Buildings And Improvements": 323411000000.0,
      "Land And Improvements": 412045000000.0,
      "Prepaid Assets": null,
      "Receivables": 226302000000.0,
      "Other Receivables": 226302000000.0,
      "Other Short Term Investments": null,
      "Cash And Cash Equivalents": 75913960000000.0,
      "Cash Financial": null,
      "Cash Cash Equivalents And Federal Funds Sold": 81958318000000.0
    },
    "2022-03-31T00:00:00": {
      "Treasury Shares Number": 10626963.0,
      "Ordinary Shares Number": 4112459343.0,
      "Share Issued": 4123086306.0,
      "Total Debt": 32124462000000.0,
      "Tangible Book Value": 11200871000000.0,
      "Invested Capital": 44224150000000.0,
      "Net Tangible Assets": 11200871000000.0,
      "Capital Lease Obligations": null,
      "Common Stock Equity": 12099688000000.0,
      "Total Capitalization": 41227785000000.0,
      "Total Equity Gross Minority Interest": 12197329000000.0,
      "Minority Interest": 97641000000.0,
      "Stockholders Equity": 12099688000000.0,
      "Other Equity Interest": 1475000000.0,
      "Gains Losses Not Affecting Retained Earnings": 2159605000000.0,
      "Other Equity Adjustments": 1552019000000.0,
      "Fixed Assets Revaluation Reserve": 36320000000.0,
      "Foreign Currency Translation Adjustments": 450143000000.0,
      "Minimum Pension Liabilities": 121123000000.0,
      "Treasury Stock": 13402000000.0,
      "Retained Earnings": 6916468000000.0,
      "Additional Paid In Capital": 693664000000.0,
      "Capital Stock": 2341878000000.0,
      "Common Stock": 2341878000000.0,
      "Total Liabilities Net Minority Interest": 245507296000000.0,
      "Derivative Product Liabilities": 3200261000000.0,
      "Employee Benefits": 135909000000.0,
      "Non Current Pension And Other Postretirement Benefit Plans": 41951000000.0,
      "Non Current Deferred Liabilities": 304763000000.0,
      "Non Current Deferred Revenue": null,
      "Non Current Deferred Taxes Liabilities": 304763000000.0,
      "Long Term Debt And Capital Lease Obligation": 29128097000000.0,
      "Long Term Capital Lease Obligation": null,
      "Long Term Debt": 29128097000000.0,
      "Long Term Provisions": 169753000000.0,
      "Current Debt And Capital Lease Obligation": 2996365000000.0,
      "Current Debt": 2996365000000.0,
      "Other Current Borrowings": 1129999000000.0,
      "Commercial Paper": 1866366000000.0,
      "Payables And Accrued Expenses": 2443873000000.0,
      "Current Accrued Expenses": null,
      "Payables": 2443873000000.0,
      "Other Payable": 2443873000000.0,
      "Total Tax Payable": null,
      "Income Tax Payable": null,
      "Accounts Payable": null,
      "Total Assets": 257704625000000.0,
      "Defined Pension Benefit": 623045000000.0,
      "Investments And Advances": 47631032000000.0,
      "Available For Sale Securities": 43909098000000.0,
      "Trading Securities": 3721934000000.0,
      "Long Term Equity Investment": null,
      "Goodwill And Other Intangible Assets": 898817000000.0,
      "Other Intangible Assets": 578177000000.0,
      "Goodwill": 320640000000.0,
      "Net PPE": 1457254000000.0,
      "Accumulated Depreciation": null,
      "Gross PPE": 1457251000000.0,
      "Construction In Progress": 26991000000.0,
      "Other Properties": 622950000000.0,
      "Buildings And Improvements": 357930000000.0,
      "Land And Improvements": 449380000000.0,
      "Prepaid Assets": null,
      "Receivables": 228608000000.0,
      "Other Receivables": 228608000000.0,
      "Other Short Term Investments": null,
      "Cash And Cash Equivalents": 74792123000000.0,
      "Cash Financial": null,
      "Cash Cash Equivalents And Federal Funds Sold": 81166395000000.0
    },
    "2021-03-31T00:00:00": {
      "Treasury Shares Number": null,
      "Ordinary Shares Number": null,
      "Share Issued": null,
      "Total Debt": null,
      "Tangible Book Value": null,
      "Invested Capital": null,
      "Net Tangible Assets": null,
      "Capital Lease Obligations": 380641000000.0,
      "Common Stock Equity": null,
      "Total Capitalization": null,
      "Total Equity Gross Minority Interest": null,
      "Minority Interest": null,
      "Stockholders Equity": null,
      "Other Equity Interest": null,
      "Gains Losses Not Affecting Retained Earnings": null,
      "Other Equity Adjustments": null,
      "Fixed Assets Revaluation Reserve": null,
      "Foreign Currency Translation Adjustments": null,
      "Minimum Pension Liabilities": null,
      "Treasury Stock": null,
      "Retained Earnings": null,
      "Additional Paid In Capital": null,
      "Capital Stock": null,
      "Common Stock": null,
      "Total Liabilities Net Minority Interest": null,
      "Derivative Product Liabilities": null,
      "Employee Benefits": null,
      "Non Current Pension And Other Postretirement Benefit Plans": null,
      "Non Current Deferred Liabilities": null,
      "Non Current Deferred Revenue": 105510000000.0,
      "Non Current Deferred Taxes Liabilities": null,
      "Long Term Debt And Capital Lease Obligation": null,
      "Long Term Capital Lease Obligation": 380641000000.0,
      "Long Term Debt": null,
      "Long Term Provisions": null,
      "Current Debt And Capital Lease Obligation": null,
      "Current Debt": null,
      "Other Current Borrowings": null,
      "Commercial Paper": null,
      "Payables And Accrued Expenses": null,
      "Current Accrued Expenses": 320850000000.0,
      "Payables": null,
      "Other Payable": null,
      "Total Tax Payable": 53718000000.0,
      "Income Tax Payable": 53718000000.0,
      "Accounts Payable": 3247936000000.0,
      "Total Assets": null,
      "Defined Pension Benefit": null,
      "Investments And Advances": null,
      "Available For Sale Securities": null,
      "Trading Securities": null,
      "Long Term Equity Investment": 886685000000.0,
      "Goodwill And Other Intangible Assets": null,
      "Other Intangible Assets": null,
      "Goodwill": null,
      "Net PPE": null,
      "Accumulated Depreciation": -1032662000000.0,
      "Gross PPE": null,
      "Construction In Progress": null,
      "Other Properties": null,
      "Buildings And Improvements": null,
      "Land And Improvements": null,
      "Prepaid Assets": 73737000000.0,
      "Receivables": null,
      "Other Receivables": null,
      "Other Short Term Investments": 30979446000000.0,
      "Cash And Cash Equivalents": null,
      "Cash Financial": 779343000000.0,
      "Cash Cash Equivalents And Federal Funds Sold": null
    }
  },
  "cashflow": {
    "2025-03-31T00:00:00": {
      "Free Cash Flow": 4481499000000.0,
      "Repurchase Of Capital Stock": -251629000000.0,
      "Repayment Of Debt": -470067000000.0,
      "Issuance Of Debt": 659442000000.0,
      "Issuance Of Capital Stock": 181000000.0,
      "Capital Expenditure": -366965000000.0,
      "Interest Paid Supplemental Data": null,
      "End Cash Position": 66187674000000.0,
      "Other Cash Adjustment Outside Changein Cash": null,
      "Beginning Cash Position": 66380330000000.0,
      "Effect Of Exchange Rate Changes": -48027000000.0,
      "Changes In Cash": -144628000000.0,
      "Financing Cash Flow": -480149000000.0,
      "Cash Flow From Continuing Financing Activities": -480149000000.0,
      "Net Other Financing Charges": -5956000000.0,
      "Cash Dividends Paid": -412120000000.0,
      "Common Stock Dividend Paid": -412120000000.0,
      "Net Preferred Stock Issuance": null,
      "Preferred Stock Payments": null,
      "Net Common Stock Issuance": -251448000000.0,
      "Common Stock Payments": -251629000000.0,
      "Common Stock Issuance": 181000000.0,
      "Net Issuance Payments Of Debt": 189375000000.0,
      "Net Long Term Debt Issuance": 189375000000.0,
      "Long Term Debt Payments": -470067000000.0,
      "Long Term Debt Issuance": 659442000000.0,
      "Investing Cash Flow": -4512943000000.0,
      "Cash Flow From Continuing Investing Activities": -4512942000000.0,
      "Net Other Investing Changes": -8611000000.0,
      "Net Investment Purchase And Sale": -4145329000000.0,
      "Sale Of Investment": 44479678000000.0,
      "Purchase Of Investment": -48625007000000.0,
      "Net Business Purchase And Sale": 957000000.0,
      "Sale Of Business": 1272000000.0,
      "Purchase Of Business": -315000000.0,
      "Net Intangibles Purchase And Sale": -256035000000.0,
      "Purchase Of Intangibles": -256035000000.0,
      "Net PPE Purchase And Sale": -103925000000.0,
      "Sale Of PPE": 7005000000.0,
      "Purchase Of PPE": -110930000000.0,
      "Operating Cash Flow": 4848464000000.0,
      "Cash Flow From Continuing Operating Activities": 4848461000000.0,
      "Taxes Refund Paid": -493583000000.0,
      "Interest Received Cfo": 6964670000000.0,
      "Interest Paid Cfo": -4588453000000.0,
      "Change In Working Capital": 3280243000000.0,
      "Change In Other Working Capital": 12275017000000.0,
      "Change In Other Current Liabilities": -1100136000000.0,
      "Change In Other Current Assets": -646936000000.0,
      "Change In Payables And Accrued Expense": -204537000000.0,
      "Change In Payable": -204537000000.0,
      "Change In Receivables": -16993000000.0,
      "Other Non Cash Items": -1859869000000.0,
      "Asset Impairment Charge": 7052000000.0,
      "Depreciation Amortization Depletion": 280780000000.0,
      "Depreciation And Amortization": 280780000000.0,
      "Amortization Cash Flow": 32912000000.0,
      "Amortization Of Intangibles": 32912000000.0,
      "Depreciation": 247868000000.0,
      "Operating Gains Losses": -442319000000.0,
      "Pension And Employee Benefit Expense": null,
      "Earnings Losses From Equity Investments": 5504000000.0,
      "Gain Loss On Investment Securities": -460489000000.0,
      "Net Foreign Currency Exchange Gain Loss": 825000000.0,
      "Gain Loss On Sale Of PPE": 11753000000.0,
      "Gain Loss On Sale Of Business": 0.0,
      "Net Income From Continuing Operations": 1699943000000.0
    },
    "2024-03-31T00:00:00": {
      "Free Cash Flow": 250981000000.0,
      "Repurchase Of Capital Stock": -211434000000.0,
      "Repayment Of Debt": -30000000000.0,
      "Issuance Of Debt": 981660000000.0,
      "Issuance Of Capital Stock": 216000000.0,
      "Capital Expenditure": -391881000000.0,
      "Interest Paid Supplemental Data": null,
      "End Cash Position": 66380330000000.0,
      "Other Cash Adjustment Outside Changein Cash": null,
      "Beginning Cash Position": 65864248000000.0,
      "Effect Of Exchange Rate Changes": 511430000000.0,
      "Changes In Cash": 4651000000.0,
      "Financing Cash Flow": 280693000000.0,
      "Cash Flow From Continuing Financing Activities": 280695000000.0,
      "Net Other Financing Charges": -111739000000.0,
      "Cash Dividends Paid": -348010000000.0,
      "Common Stock Dividend Paid": -348010000000.0,
      "Net Preferred Stock Issuance": null,
      "Preferred Stock Payments": null,
      "Net Common Stock Issuance": -211218000000.0,
      "Common Stock Payments": -211434000000.0,
      "Common Stock Issuance": 216000000.0,
      "Net Issuance Payments Of Debt": 951660000000.0,
      "Net Long Term Debt Issuance": 951660000000.0,
      "Long Term Debt Payments": -30000000000.0,
      "Long Term Debt Issuance": 981660000000.0,
      "Investing Cash Flow": -918904000000.0,
      "Cash Flow From Continuing Investing Activities": -918903000000.0,
      "Net Other Investing Changes": -10596000000.0,
      "Net Investment Purchase And Sale": -571072000000.0,
      "Sale Of Investment": 36027197000000.0,
      "Purchase Of Investment": -36598269000000.0,
      "Net Business Purchase And Sale": 52258000000.0,
      "Sale Of Business": 72040000000.0,
      "Purchase Of Business": -19782000000.0,
      "Net Intangibles Purchase And Sale": -250193000000.0,
      "Purchase Of Intangibles": -250193000000.0,
      "Net PPE Purchase And Sale": -139301000000.0,
      "Sale Of PPE": 2387000000.0,
      "Purchase Of PPE": -141688000000.0,
      "Operating Cash Flow": 642862000000.0,
      "Cash Flow From Continuing Operating Activities": 642857000000.0,
      "Taxes Refund Paid": -203069000000.0,
      "Interest Received Cfo": 6109785000000.0,
      "Interest Paid Cfo": -4176630000000.0,
      "Change In Working Capital": -725107000000.0,
      "Change In Other Working Capital": 3997631000000.0,
      "Change In Other Current Liabilities": 1402696000000.0,
      "Change In Other Current Assets": -107623000000.0,
      "Change In Payables And Accrued Expense": -525794000000.0,
      "Change In Payable": -525794000000.0,
      "Change In Receivables": 48280000000.0,
      "Other Non Cash Items": -874243000000.0,
      "Asset Impairment Charge": 13696000000.0,
      "Depreciation Amortization Depletion": 293069000000.0,
      "Depreciation And Amortization": 293069000000.0,
      "Amortization Cash Flow": 39242000000.0,
      "Amortization Of Intangibles": 39242000000.0,
      "Depreciation": 253827000000.0,
      "Operating Gains Losses": -1136988000000.0,
      "Pension And Employee Benefit Expense": -190380000000.0,
      "Earnings Losses From Equity Investments": -71986000000.0,
      "Gain Loss On Investment Securities": -157931000000.0,
      "Net Foreign Currency Exchange Gain Loss": -1023303000000.0,
      "Gain Loss On Sale Of PPE": 8240000000.0,
      "Gain Loss On Sale Of Business": 108191000000.0,
      "Net Income From Continuing Operations": 1342349000000.0
    },
    "2023-03-31T00:00:00": {
      "Free Cash Flow": -6194314000000.0,
      "Repurchase Of Capital Stock": -138839000000.0,
      "Repayment Of Debt": -133000000000.0,
      "Issuance Of Debt": 217000000000.0,
      "Issuance Of Capital Stock": 332000000.0,
      "Capital Expenditure": -299129000000.0,
      "Interest Paid Supplemental Data": null,
      "End Cash Position": 65864248000000.0,
      "Other Cash Adjustment Outside Changein Cash": null,
      "Beginning Cash Position": 65832072000000.0,
      "Effect Of Exchange Rate Changes": 354081000000.0,
      "Changes In Cash": -321904000000.0,
      "Financing Cash Flow": -357778000000.0,
      "Cash Flow From Continuing Financing Activities": -357777000000.0,
      "Net Other Financing Charges": -1671000000.0,
      "Cash Dividends Paid": -301600000000.0,
      "Common Stock Dividend Paid": -301600000000.0,
      "Net Preferred Stock Issuance": null,
      "Preferred Stock Payments": null,
      "Net Common Stock Issuance": -138507000000.0,
      "Common Stock Payments": -138839000000.0,
      "Common Stock Issuance": 332000000.0,
      "Net Issuance Payments Of Debt": 84000000000.0,
      "Net Long Term Debt Issuance": 84000000000.0,
      "Long Term Debt Payments": -133000000000.0,
      "Long Term Debt Issuance": 217000000000.0,
      "Investing Cash Flow": 5931059000000.0,
      "Cash Flow From Continuing Investing Activities": 5931059000000.0,
      "Net Other Investing Changes": -13102000000.0,
      "Net Investment Purchase And Sale": 6234432000000.0,
      "Sale Of Investment": 38590351000000.0,
      "Purchase Of Investment": -32355919000000.0,
      "Net Business Purchase And Sale": 0.0,
      "Sale Of Business": 0.0,
      "Purchase Of Business": 0.0,
      "Net Intangibles Purchase And Sale": -199114000000.0,
      "Purchase Of Intangibles": -199114000000.0,
      "Net PPE Purchase And Sale": -91157000000.0,
      "Sale Of PPE": 8858000000.0,
      "Purchase Of PPE": -100015000000.0,
      "Operating Cash Flow": -5895185000000.0,
      "Cash Flow From Continuing Operating Activities": -5895186000000.0,
      "Taxes Refund Paid": -384408000000.0,
      "Interest Received Cfo": 3530912000000.0,
      "Interest Paid Cfo": -1915569000000.0,
      "Change In Working Capital": -6147605000000.0,
      "Change In Other Working Capital": 9631569000000.0,
      "Change In Other Current Liabilities": 244713000000.0,
      "Change In Other Current Assets": 888295000000.0,
      "Change In Payables And Accrued Expense": -30408000000.0,
      "Change In Payable": -30408000000.0,
      "Change In Receivables": 20819000000.0,
      "Other Non Cash Items": -1619992000000.0,
      "Asset Impairment Charge": 59045000000.0,
      "Depreciation Amortization Depletion": 267928000000.0,
      "Depreciation And Amortization": 267928000000.0,
      "Amortization Cash Flow": 29232000000.0,
      "Amortization Of Intangibles": 29232000000.0,
      "Depreciation": 238696000000.0,
      "Operating Gains Losses": -783968000000.0,
      "Pension And Employee Benefit Expense": -83819000000.0,
      "Earnings Losses From Equity Investments": -55461000000.0,
      "Gain Loss On Investment Securities": -51242000000.0,
      "Net Foreign Currency Exchange Gain Loss": -681131000000.0,
      "Gain Loss On Sale Of PPE": 3412000000.0,
      "Gain Loss On Sale Of Business": 0.0,
      "Net Income From Continuing Operations": 1098472000000.0
    },
    "2022-03-31T00:00:00": {
      "Free Cash Flow": 1257235000000.0,
      "Repurchase Of Capital Stock": -74000000.0,
      "Repayment Of Debt": -395065000000.0,
      "Issuance Of Debt": 184048000000.0,
      "Issuance Of Capital Stock": 320000000.0,
      "Capital Expenditure": -288188000000.0,
      "Interest Paid Supplemental Data": null,
      "End Cash Position": 65832072000000.0,
      "Other Cash Adjustment Outside Changein Cash": null,
      "Beginning Cash Position": 66811212000000.0,
      "Effect Of Exchange Rate Changes": 367584000000.0,
      "Changes In Cash": -1346725000000.0,
      "Financing Cash Flow": -485338000000.0,
      "Cash Flow From Continuing Financing Activities": -485338000000.0,
      "Net Other Financing Charges": -509000000.0,
      "Cash Dividends Paid": -274058000000.0,
      "Common Stock Dividend Paid": null,
      "Net Preferred Stock Issuance": null,
      "Preferred Stock Payments": null,
      "Net Common Stock Issuance": 246000000.0,
      "Common Stock Payments": -74000000.0,
      "Common Stock Issuance": 320000000.0,
      "Net Issuance Payments Of Debt": -211017000000.0,
      "Net Long Term Debt Issuance": -211017000000.0,
      "Long Term Debt Payments": -395065000000.0,
      "Long Term Debt Issuance": 184048000000.0,
      "Investing Cash Flow": -2406810000000.0,
      "Cash Flow From Continuing Investing Activities": -2406810000000.0,
      "Net Other Investing Changes": -1000000.0,
      "Net Investment Purchase And Sale": -1892480000000.0,
      "Sale Of Investment": 35046032000000.0,
      "Purchase Of Investment": -36938512000000.0,
      "Net Business Purchase And Sale": -227321000000.0,
      "Sale Of Business": null,
      "Purchase Of Business": -227321000000.0,
      "Net Intangibles Purchase And Sale": -195596000000.0,
      "Purchase Of Intangibles": -195596000000.0,
      "Net PPE Purchase And Sale": -91412000000.0,
      "Sale Of PPE": 1180000000.0,
      "Purchase Of PPE": -92592000000.0,
      "Operating Cash Flow": 1545423000000.0,
      "Cash Flow From Continuing Operating Activities": 1545421000000.0,
      "Taxes Refund Paid": -274642000000.0,
      "Interest Received Cfo": 1917652000000.0,
      "Interest Paid Cfo": -383080000000.0,
      "Change In Working Capital": 1674926000000.0,
      "Change In Other Working Capital": 2881320000000.0,
      "Change In Other Current Liabilities": 99792000000.0,
      "Change In Other Current Assets": -626264000000.0,
      "Change In Payables And Accrued Expense": 122649000000.0,
      "Change In Payable": 122649000000.0,
      "Change In Receivables": 26248000000.0,
      "Other Non Cash Items": -1831130000000.0,
      "Asset Impairment Charge": 108920000000.0,
      "Depreciation Amortization Depletion": 241916000000.0,
      "Depreciation And Amortization": 241916000000.0,
      "Amortization Cash Flow": 19618000000.0,
      "Amortization Of Intangibles": 19618000000.0,
      "Depreciation": 222298000000.0,
      "Operating Gains Losses": -838727000000.0,
      "Pension And Employee Benefit Expense": -54542000000.0,
      "Earnings Losses From Equity Investments": -28511000000.0,
      "Gain Loss On Investment Securities": -167239000000.0,
      "Net Foreign Currency Exchange Gain Loss": -645090000000.0,
      "Gain Loss On Sale Of PPE": 2113000000.0,
      "Gain Loss On Sale Of Business": null,
      "Net Income From Continuing Operations": 929588000000.0
    },
    "2021-03-31T00:00:00": {
      "Free Cash Flow": null,
      "Repurchase Of Capital Stock": null,
      "Repayment Of Debt": null,
      "Issuance Of Debt": null,
      "Issuance Of Capital Stock": null,
      "Capital Expenditure": null,
      "Interest Paid Supplemental Data": 435205000000.0,
      "End Cash Position": null,
      "Other Cash Adjustment Outside Changein Cash": 0.0,
      "Beginning Cash Position": null,
      "Effect Of Exchange Rate Changes": null,
      "Changes In Cash": null,
      "Financing Cash Flow": null,
      "Cash Flow From Continuing Financing Activities": null,
      "Net Other Financing Charges": null,
      "Cash Dividends Paid": null,
      "Common Stock Dividend Paid": -267119000000.0,
      "Net Preferred Stock Issuance": 0.0,
      "Preferred Stock Payments": 0.0,
      "Net Common Stock Issuance": null,
      "Common Stock Payments": null,
      "Common Stock Issuance": null,
      "Net Issuance Payments Of Debt": null,
      "Net Long Term Debt Issuance": null,
      "Long Term Debt Payments": null,
      "Long Term Debt Issuance": null,
      "Investing Cash Flow": null,
      "Cash Flow From Continuing Investing Activities": null,
      "Net Other Investing Changes": null,
      "Net Investment Purchase And Sale": null,
      "Sale Of Investment": null,
      "Purchase Of Investment": null,
      "Net Business Purchase And Sale": null,
      "Sale Of Business": 0.0,
      "Purchase Of Business": null,
      "Net Intangibles Purchase And Sale": null,
      "Purchase Of Intangibles": null,
      "Net PPE Purchase And Sale": null,
      "Sale Of PPE": null,
      "Purchase Of PPE": null,
      "Operating Cash Flow": null,
      "Cash Flow From Continuing Operating Activities": null,
      "Taxes Refund Paid": null,
      "Interest Received Cfo": null,
      "Interest Paid Cfo": null,
      "Change In Working Capital": null,
      "Change In Other Working Capital": null,
      "Change In Other Current Liabilities": null,
      "Change In Other Current Assets": null,
      "Change In Payables And Accrued Expense": null,
      "Change In Payable": null,
      "Change In Receivables": null,
      "Other Non Cash Items": null,
      "Asset Impairment Charge": null,
      "Depreciation Amortization Depletion": null,
      "Depreciation And Amortization": null,
      "Amortization Cash Flow": null,
      "Amortization Of Intangibles": null,
      "Depreciation": null,
      "Operating Gains Losses": null,
      "Pension And Employee Benefit Expense": -319190000000.0,
      "Earnings Losses From Equity Investments": null,
      "Gain Loss On Investment Securities": null,
      "Net Foreign Currency Exchange Gain Loss": null,
      "Gain Loss On Sale Of PPE": null,
      "Gain Loss On Sale Of Business": null,
      "Net Income From Continuing Operations": null
    }
  },
  "earnings_estimate": {
    "avg": {
      "0q": 66.75064,
      "+1q": 114.51666,
      "0y": 416.84982,
      "+1y": 456.93228
    },
    "low": {
      "0q": 45.57,
      "+1q": 104.40998,
      "0y": 389.9,
      "+1y": 415.9
    },
    "high": {
      "0q": 99.6,
      "+1q": 121.06,
      "0y": 461.8,
      "+1y": 502.6
    },
    "yearAgoEps": {
      "0q": 11.56,
      "+1q": 97.46,
      "0y": 301.55,
      "+1y": 416.84982
    },
    "numberOfAnalysts": {
      "0q": 4,
      "+1q": 3,
      "0y": 12,
      "+1y": 12
    },
    "growth": {
      "0q": 4.7743,
      "+1q": 0.175,
      "0y": 0.3824,
      "+1y": 0.0962
    }
  },
  "revenue_estimate": {
    "avg": {
      "0q": 1189287437500,
      "+1q": 1299444438000,
      "0y": 4700380000000,
      "+1y": 5023469082360
    },
    "low": {
      "0q": 1118000000000,
      "+1q": 1277637226000,
      "0y": 4616600000000,
      "+1y": 4557246395000
    },
    "high": {
      "0q": 1262000000000,
      "+1q": 1321251650000,
      "0y": 4855000000000,
      "+1y": 5641386340000
    },
    "numberOfAnalysts": {
      "0q": 4,
      "+1q": 2,
      "0y": 5,
      "+1y": 8
    },
    "yearAgoRevenue": {
      "0q": 964460000000,
      "+1q": 1087762000000,
      "0y": 4126744000000,
      "+1y": 2550000000000
    },
    "growth": {
      "0q": 0.2331,
      "+1q": 0.19459999,
      "0y": 0.139,
      "+1y": 0.97
    }
  },
  "growth_estimates": {
    "stockTrend": {
      "0q": null,
      "+1q": null,
      "0y": null,
      "+1y": null,
      "LTG": null
    },
    "indexTrend": {
      "0q": 0.1273,
      "+1q": 0.103599995,
      "0y": 0.14310001,
      "+1y": 0.1557,
      "LTG": 0.122
    }
  },
  "revenue_forecasts": null,
  "dividend_rate": 157.0,
  "trailing_dividend_rate": 140.0
}