{
  "ticker": "8411.T",
  "name": "Mizuho",
  "country": "japan",
  "currency": "JPY",
  "last_fetched": "2026-02-26T20:50:17.539887",
  "market_cap": 17185223213056,
  "revenue": 4017829969920,
  "net_income": 1049948979200,
  "pe_ratio": 16.554062,
  "forward_pe": 20.743843,
  "dividend_yield": 2.18,
  "profit_margin": 0.26132,
  "roe": 0.09653,
  "debt_to_equity": null,
  "beta": 0.196,
  "ev_to_ebitda": null,
  "sector": "Financial Services",
  "industry": "Banks - Regional",
  "summary": "Mizuho Financial Group, Inc., together with its subsidiaries, engages in banking, trust banking, securities, and other businesses related to financial services in Japan, the Americas, Europe, Asia/Oceania, and internationally. It operates through Retail & Business Banking Company; Corporate & Investment Banking Company; Global Corporate & Investment Banking Company; Global Markets Company; Asset Management Company; and Others segments. The company provides deposit products; syndicated, housing, and card loans; business matching services; management of retirement payments; and advisory services related to overseas expansions, and mergers and acquisitions-related services. It also offers consulting services, including asset management and asset succession; payroll services; and sells lottery tickets issued by prefectures and ordinance-designated cities. In addition, it offers fund management, underwriting of equity and bonds, risk hedging products; solutions on capital management, business and financial strategy; real estate services; advisory services and solutions, such as advice on financial strategy and proposals on investment products to financial institutions; and financial services that include funding support and public bonds underwriting. Further, the company offers corporate finance and transaction banking services; sales and trading services; investment products; pension funds; and ALM and investment services, including stable capital raising and balance sheet management, as well as management of fixed income, equity, and other securities portfolios. Additionally, it provides online banking, cash management solutions, currency transaction, trade finance, custody, yen correspondence settlement, and research and consulting services; trust, securitization and structured finance, and stock transfer agency; and private banking and information technology-related services. Mizuho Financial Group, Inc. was founded in 2000 and is headquartered in Tokyo, Japan.",
  "website": "https://www.mizuho-fg.co.jp",
  "employees": 52554,
  "target_high": 9510.0,
  "target_low": 4900.0,
  "target_mean": 6753.3335,
  "target_median": 7055.0,
  "recommendation": "buy",
  "num_analysts": 12,
  "income_stmt": {
    "2025-03-31T00:00:00": {
      "Tax Effect Of Unusual Items": 5558161900.0,
      "Tax Rate For Calcs": 0.2533,
      "Total Unusual Items": 21943000000.0,
      "Total Unusual Items Excluding Goodwill": 21943000000.0,
      "Net Income From Continuing Operation Net Minority Interest": 885433000000.0,
      "Reconciled Depreciation": 205922000000.0,
      "Net Interest Income": 1045255000000.0,
      "Interest Expense": 4954945000000.0,
      "Interest Income": 6000200000000.0,
      "Normalized Income": 869048161900.0,
      "Net Income From Continuing And Discontinued Operation": 885433000000.0,
      "Diluted Average Shares": 2528304000.0,
      "Basic Average Shares": 2528302000.0,
      "Diluted EPS": 350.2,
      "Basic EPS": 350.2,
      "Diluted NI Availto Com Stockholders": 885433000000.0,
      "Net Income Common Stockholders": 885433000000.0,
      "Net Income": 885433000000.0,
      "Minority Interests": -3234000000.0,
      "Net Income Including Noncontrolling Interests": 888667000000.0,
      "Net Income Continuous Operations": 888668000000.0,
      "Tax Provision": 301416000000.0,
      "Pretax Income": 1190084000000.0,
      "Special Income Charges": 21943000000.0,
      "Gain On Sale Of Business": null,
      "Other Special Charges": -45213000000.0,
      "Impairment Of Capital Assets": 23270000000.0,
      "Gain On Sale Of Security": 161293000000.0,
      "Selling General And Administration": 1840702000000.0,
      "General And Administrative Expense": 1840702000000.0,
      "Other Gand A": 1840702000000.0,
      "Salaries And Wages": null,
      "Total Revenue": 3645206000000.0,
      "Operating Revenue": 3645206000000.0,
      "Occupancy And Equipment": null,
      "Other Non Interest Expense": 631546000000.0
    },
    "2024-03-31T00:00:00": {
      "Tax Effect Of Unusual Items": 11661086000.0,
      "Tax Rate For Calcs": 0.2845,
      "Total Unusual Items": 40988000000.0,
      "Total Unusual Items Excluding Goodwill": 40988000000.0,
      "Net Income From Continuing Operation Net Minority Interest": 678993000000.0,
      "Reconciled Depreciation": 178193000000.0,
      "Net Interest Income": 887609000000.0,
      "Interest Expense": 4884924000000.0,
      "Interest Income": 5772533000000.0,
      "Normalized Income": 649666086000.0,
      "Net Income From Continuing And Discontinued Operation": 678993000000.0,
      "Diluted Average Shares": 2534675000.0,
      "Basic Average Shares": 2534673000.0,
      "Diluted EPS": 267.88,
      "Basic EPS": 267.88,
      "Diluted NI Availto Com Stockholders": 678993000000.0,
      "Net Income Common Stockholders": 678993000000.0,
      "Net Income": 678993000000.0,
      "Minority Interests": -4305000000.0,
      "Net Income Including Noncontrolling Interests": 683299000000.0,
      "Net Income Continuous Operations": 683300000000.0,
      "Tax Provision": 271735000000.0,
      "Pretax Income": 955035000000.0,
      "Special Income Charges": 40988000000.0,
      "Gain On Sale Of Business": 0.0,
      "Other Special Charges": -48951000000.0,
      "Impairment Of Capital Assets": 7963000000.0,
      "Gain On Sale Of Security": 61104000000.0,
      "Selling General And Administration": 1663951000000.0,
      "General And Administrative Expense": 1663951000000.0,
      "Other Gand A": 1663951000000.0,
      "Salaries And Wages": null,
      "Total Revenue": 2971068000000.0,
      "Operating Revenue": 2971068000000.0,
      "Occupancy And Equipment": null,
      "Other Non Interest Expense": 312992000000.0
    },
    "2023-03-31T00:00:00": {
      "Tax Effect Of Unusual Items": -2989371259.775805,
      "Tax Rate For Calcs": 0.28093,
      "Total Unusual Items": -10641000000.0,
      "Total Unusual Items Excluding Goodwill": -10641000000.0,
      "Net Income From Continuing Operation Net Minority Interest": 555527000000.0,
      "Reconciled Depreciation": 166937000000.0,
      "Net Interest Income": 960574000000.0,
      "Interest Expense": 2217636000000.0,
      "Interest Income": 3178210000000.0,
      "Normalized Income": 563178628740.2242,
      "Net Income From Continuing And Discontinued Operation": 555527000000.0,
      "Diluted Average Shares": 2534355000.0,
      "Basic Average Shares": 2534340000.0,
      "Diluted EPS": 219.19,
      "Basic EPS": 219.2,
      "Diluted NI Availto Com Stockholders": 555527000000.0,
      "Net Income Common Stockholders": 555527000000.0,
      "Net Income": 555527000000.0,
      "Minority Interests": -4602000000.0,
      "Net Income Including Noncontrolling Interests": 560130000000.0,
      "Net Income Continuous Operations": 560130000000.0,
      "Tax Provision": 218834000000.0,
      "Pretax Income": 778964000000.0,
      "Special Income Charges": -10641000000.0,
      "Gain On Sale Of Business": -2301000000.0,
      "Other Special Charges": -43205000000.0,
      "Impairment Of Capital Assets": 51545000000.0,
      "Gain On Sale Of Security": 98089000000.0,
      "Selling General And Administration": 1445283000000.0,
      "General And Administrative Expense": 1445283000000.0,
      "Other Gand A": 1445283000000.0,
      "Salaries And Wages": null,
      "Total Revenue": 2670039000000.0,
      "Operating Revenue": 2670039000000.0,
      "Occupancy And Equipment": null,
      "Other Non Interest Expense": 357744000000.0
    },
    "2022-03-31T00:00:00": {
      "Tax Effect Of Unusual Items": 4424512500.0,
      "Tax Rate For Calcs": 0.1005,
      "Total Unusual Items": 44025000000.0,
      "Total Unusual Items Excluding Goodwill": 44025000000.0,
      "Net Income From Continuing Operation Net Minority Interest": 530479000000.0,
      "Reconciled Depreciation": 165638000000.0,
      "Net Interest Income": 993456000000.0,
      "Interest Expense": 315550000000.0,
      "Interest Income": 1309006000000.0,
      "Normalized Income": 490878512500.0,
      "Net Income From Continuing And Discontinued Operation": 530479000000.0,
      "Diluted Average Shares": 2534962000.0,
      "Basic Average Shares": 2534897000.0,
      "Diluted EPS": 209.26,
      "Basic EPS": 209.27,
      "Diluted NI Availto Com Stockholders": 530479000000.0,
      "Net Income Common Stockholders": 530479000000.0,
      "Net Income": 530479000000.0,
      "Minority Interests": -12703000000.0,
      "Net Income Including Noncontrolling Interests": 543183000000.0,
      "Net Income Continuous Operations": 543184000000.0,
      "Tax Provision": 60688000000.0,
      "Pretax Income": 603872000000.0,
      "Special Income Charges": 44025000000.0,
      "Gain On Sale Of Business": 0.0,
      "Other Special Charges": -71610000000.0,
      "Impairment Of Capital Assets": 27585000000.0,
      "Gain On Sale Of Security": 29557000000.0,
      "Selling General And Administration": 1392896000000.0,
      "General And Administrative Expense": 1392896000000.0,
      "Other Gand A": 1392896000000.0,
      "Salaries And Wages": null,
      "Total Revenue": 2519461000000.0,
      "Operating Revenue": 2519461000000.0,
      "Occupancy And Equipment": null,
      "Other Non Interest Expense": 357053000000.0
    },
    "2021-03-31T00:00:00": {
      "Tax Effect Of Unusual Items": null,
      "Tax Rate For Calcs": null,
      "Total Unusual Items": null,
      "Total Unusual Items Excluding Goodwill": null,
      "Net Income From Continuing Operation Net Minority Interest": null,
      "Reconciled Depreciation": null,
      "Net Interest Income": null,
      "Interest Expense": null,
      "Interest Income": null,
      "Normalized Income": null,
      "Net Income From Continuing And Discontinued Operation": null,
      "Diluted Average Shares": null,
      "Basic Average Shares": null,
      "Diluted EPS": null,
      "Basic EPS": null,
      "Diluted NI Availto Com Stockholders": null,
      "Net Income Common Stockholders": null,
      "Net Income": null,
      "Minority Interests": null,
      "Net Income Including Noncontrolling Interests": null,
      "Net Income Continuous Operations": null,
      "Tax Provision": null,
      "Pretax Income": null,
      "Special Income Charges": null,
      "Gain On Sale Of Business": -3320000000.0,
      "Other Special Charges": null,
      "Impairment Of Capital Assets": null,
      "Gain On Sale Of Security": null,
      "Selling General And Administration": null,
      "General And Administrative Expense": null,
      "Other Gand A": null,
      "Salaries And Wages": 685692000000.0,
      "Total Revenue": null,
      "Operating Revenue": null,
      "Occupancy And Equipment": 206470000000.0,
      "Other Non Interest Expense": null
    }
  },
  "quarterly_income": {
    "2025-12-31T00:00:00": {
      "Tax Effect Of Unusual Items": 4274644246.149062,
      "Tax Rate For Calcs": 0.219584,
      "Total Unusual Items": 19467000000.0,
      "Total Unusual Items Excluding Goodwill": 19467000000.0,
      "Net Income From Continuing Operation Net Minority Interest": 329943000000.0,
      "Net Interest Income": 337686000000.0,
      "Interest Expense": 1159103000000.0,
      "Interest Income": 1496789000000.0,
      "Normalized Income": 314750644246.14905,
      "Net Income From Continuing And Discontinued Operation": 329943000000.0,
      "Diluted Average Shares": null,
      "Basic Average Shares": null,
      "Diluted EPS": null,
      "Basic EPS": null,
      "Diluted NI Availto Com Stockholders": 329943000000.0,
      "Net Income Common Stockholders": 329943000000.0,
      "Net Income": 329943000000.0,
      "Minority Interests": -1348000000.0,
      "Net Income Including Noncontrolling Interests": 331291000000.0,
      "Net Income Continuous Operations": 331292000000.0,
      "Tax Provision": 93215000000.0,
      "Pretax Income": 424507000000.0,
      "Special Income Charges": 19467000000.0,
      "Other Special Charges": -19467000000.0,
      "Gain On Sale Of Security": 0.0,
      "Selling General And Administration": 543020000000.0,
      "General And Administrative Expense": 543020000000.0,
      "Other Gand A": 543020000000.0,
      "Total Revenue": 1072643000000.0,
      "Operating Revenue": 1072643000000.0,
      "Other Non Interest Expense": 51310000000.0
    },
    "2025-09-30T00:00:00": {
      "Tax Effect Of Unusual Items": 8956096585.21767,
      "Tax Rate For Calcs": 0.229185,
      "Total Unusual Items": 39078000000.0,
      "Total Unusual Items Excluding Goodwill": 39078000000.0,
      "Net Income From Continuing Operation Net Minority Interest": 399426000000.0,
      "Net Interest Income": 351210000000.0,
      "Interest Expense": 1117519000000.0,
      "Interest Income": 1468729000000.0,
      "Normalized Income": 369304096585.21765,
      "Net Income From Continuing And Discontinued Operation": 399426000000.0,
      "Diluted Average Shares": null,
      "Basic Average Shares": null,
      "Diluted EPS": null,
      "Basic EPS": null,
      "Diluted NI Availto Com Stockholders": 399426000000.0,
      "Net Income Common Stockholders": 399426000000.0,
      "Net Income": 399426000000.0,
      "Minority Interests": -1491000000.0,
      "Net Income Including Noncontrolling Interests": 400918000000.0,
      "Net Income Continuous Operations": 400917000000.0,
      "Tax Provision": 119204000000.0,
      "Pretax Income": 520121000000.0,
      "Special Income Charges": 39078000000.0,
      "Other Special Charges": -39078000000.0,
      "Gain On Sale Of Security": 0.0,
      "Selling General And Administration": 505442000000.0,
      "General And Administrative Expense": 505442000000.0,
      "Other Gand A": 505442000000.0,
      "Total Revenue": 1030811000000.0,
      "Operating Revenue": 1030811000000.0,
      "Other Non Interest Expense": 81399000000.0
    },
    "2025-06-30T00:00:00": {
      "Tax Effect Of Unusual Items": 2298982310.912717,
      "Tax Rate For Calcs": 0.229623,
      "Total Unusual Items": 10012000000.0,
      "Total Unusual Items Excluding Goodwill": 10012000000.0,
      "Net Income From Continuing Operation Net Minority Interest": 290521000000.0,
      "Net Interest Income": 301471000000.0,
      "Interest Expense": 1121100000000.0,
      "Interest Income": 1422571000000.0,
      "Normalized Income": 282807982310.9127,
      "Net Income From Continuing And Discontinued Operation": 290521000000.0,
      "Diluted Average Shares": 2506490827.0,
      "Basic Average Shares": 2506490827.0,
      "Diluted EPS": 115.9,
      "Basic EPS": 115.9,
      "Diluted NI Availto Com Stockholders": 290521000000.0,
      "Net Income Common Stockholders": 290521000000.0,
      "Net Income": 290521000000.0,
      "Minority Interests": -1139000000.0,
      "Net Income Including Noncontrolling Interests": 291660000000.0,
      "Net Income Continuous Operations": 291661000000.0,
      "Tax Provision": 86934000000.0,
      "Pretax Income": 378595000000.0,
      "Special Income Charges": 10012000000.0,
      "Other Special Charges": -10012000000.0,
      "Gain On Sale Of Security": 0.0,
      "Selling General And Administration": 460705000000.0,
      "General And Administrative Expense": 460705000000.0,
      "Other Gand A": 460705000000.0,
      "Total Revenue": 890231000000.0,
      "Operating Revenue": 890231000000.0,
      "Other Non Interest Expense": 82942000000.0
    },
    "2025-03-31T00:00:00": {
      "Tax Effect Of Unusual Items": -4351392000.0,
      "Tax Rate For Calcs": 0.232,
      "Total Unusual Items": -18756000000.0,
      "Total Unusual Items Excluding Goodwill": -18756000000.0,
      "Net Income From Continuing Operation Net Minority Interest": 30059000000.0,
      "Net Interest Income": 307991000000.0,
      "Interest Expense": 962191000000.0,
      "Interest Income": 1270182000000.0,
      "Normalized Income": 44463608000.0,
      "Net Income From Continuing And Discontinued Operation": 30059000000.0,
      "Diluted Average Shares": null,
      "Basic Average Shares": null,
      "Diluted EPS": null,
      "Basic EPS": null,
      "Diluted NI Availto Com Stockholders": 30059000000.0,
      "Net Income Common Stockholders": 30059000000.0,
      "Net Income": 30059000000.0,
      "Minority Interests": -278000000.0,
      "Net Income Including Noncontrolling Interests": 30336000000.0,
      "Net Income Continuous Operations": 30336000000.0,
      "Tax Provision": -7489000000.0,
      "Pretax Income": 22847000000.0,
      "Special Income Charges": -18756000000.0,
      "Other Special Charges": -4514000000.0,
      "Gain On Sale Of Security": 161293000000.0,
      "Selling General And Administration": 482880000000.0,
      "General And Administrative Expense": 482880000000.0,
      "Other Gand A": 482880000000.0,
      "Total Revenue": 810685000000.0,
      "Operating Revenue": 810685000000.0,
      "Other Non Interest Expense": 204285000000.0
    },
    "2024-12-31T00:00:00": {
      "Tax Effect Of Unusual Items": -771101635.560614,
      "Tax Rate For Calcs": 0.228069,
      "Total Unusual Items": -3381000000.0,
      "Total Unusual Items Excluding Goodwill": -3381000000.0,
      "Net Income From Continuing Operation Net Minority Interest": 289233000000.0,
      "Net Interest Income": 254407000000.0,
      "Interest Expense": 1429672000000.0,
      "Interest Income": 1684079000000.0,
      "Normalized Income": 291842898364.4394,
      "Net Income From Continuing And Discontinued Operation": 289233000000.0,
      "Diluted Average Shares": null,
      "Basic Average Shares": null,
      "Diluted EPS": null,
      "Basic EPS": null,
      "Diluted NI Availto Com Stockholders": 289233000000.0,
      "Net Income Common Stockholders": 289233000000.0,
      "Net Income": 289233000000.0,
      "Minority Interests": -1072000000.0,
      "Net Income Including Noncontrolling Interests": 290306000000.0,
      "Net Income Continuous Operations": 290307000000.0,
      "Tax Provision": 85772000000.0,
      "Pretax Income": 376079000000.0,
      "Special Income Charges": -3381000000.0,
      "Other Special Charges": 3381000000.0,
      "Gain On Sale Of Security": 0.0,
      "Selling General And Administration": 480654000000.0,
      "General And Administrative Expense": 480654000000.0,
      "Other Gand A": 480654000000.0,
      "Total Revenue": 964935000000.0,
      "Operating Revenue": 964935000000.0,
      "Other Non Interest Expense": 139465000000.0
    },
    "2024-06-30T00:00:00": {
      "Tax Effect Of Unusual Items": null,
      "Tax Rate For Calcs": null,
      "Total Unusual Items": null,
      "Total Unusual Items Excluding Goodwill": null,
      "Net Income From Continuing Operation Net Minority Interest": null,
      "Net Interest Income": null,
      "Interest Expense": null,
      "Interest Income": null,
      "Normalized Income": null,
      "Net Income From Continuing And Discontinued Operation": null,
      "Diluted Average Shares": 2534589882.0,
      "Basic Average Shares": 2534589882.0,
      "Diluted EPS": 114.14,
      "Basic EPS": 114.14,
      "Diluted NI Availto Com Stockholders": null,
      "Net Income Common Stockholders": null,
      "Net Income": null,
      "Minority Interests": null,
      "Net Income Including Noncontrolling Interests": null,
      "Net Income Continuous Operations": null,
      "Tax Provision": null,
      "Pretax Income": null,
      "Special Income Charges": null,
      "Other Special Charges": null,
      "Gain On Sale Of Security": null,
      "Selling General And Administration": null,
      "General And Administrative Expense": null,
      "Other Gand A": null,
      "Total Revenue": null,
      "Operating Revenue": null,
      "Other Non Interest Expense": null
    }
  },
  "balance_sheet": {
    "2025-03-31T00:00:00": {
      "Treasury Shares Number": 911164.0,
      "Ordinary Shares Number": 2512846630.0,
      "Share Issued": 2513757794.0,
      "Total Debt": 22493724000000.0,
      "Tangible Book Value": 9633318000000.0,
      "Invested Capital": 32935938000000.0,
      "Net Tangible Assets": 9633318000000.0,
      "Capital Lease Obligations": null,
      "Common Stock Equity": 10442214000000.0,
      "Total Capitalization": 28052640000000.0,
      "Total Equity Gross Minority Interest": 10523753000000.0,
      "Minority Interest": 81536000000.0,
      "Stockholders Equity": 10442214000000.0,
      "Other Equity Interest": 5000000.0,
      "Gains Losses Not Affecting Retained Earnings": 1018596000000.0,
      "Other Equity Adjustments": 401479000000.0,
      "Fixed Assets Revaluation Reserve": 98680000000.0,
      "Foreign Currency Translation Adjustments": 398783000000.0,
      "Minimum Pension Liabilities": 119654000000.0,
      "Unrealized Gain Loss": null,
      "Treasury Stock": 9462000000.0,
      "Retained Earnings": 6046578000000.0,
      "Additional Paid In Capital": 1129730000000.0,
      "Capital Stock": 2256767000000.0,
      "Common Stock": 2256767000000.0,
      "Total Liabilities Net Minority Interest": 272796651000000.0,
      "Derivative Product Liabilities": 14906516000000.0,
      "Employee Benefits": 295215000000.0,
      "Non Current Pension And Other Postretirement Benefit Plans": 68743000000.0,
      "Non Current Deferred Liabilities": 68214000000.0,
      "Non Current Deferred Revenue": null,
      "Non Current Deferred Taxes Liabilities": 68214000000.0,
      "Long Term Debt And Capital Lease Obligation": 17610426000000.0,
      "Long Term Capital Lease Obligation": null,
      "Long Term Debt": 17610426000000.0,
      "Long Term Provisions": 55166000000.0,
      "Current Debt And Capital Lease Obligation": 4883298000000.0,
      "Current Capital Lease Obligation": null,
      "Current Debt": 4883298000000.0,
      "Other Current Borrowings": 2745165000000.0,
      "Commercial Paper": 2138133000000.0,
      "Payables And Accrued Expenses": 950946000000.0,
      "Current Accrued Expenses": null,
      "Payables": 950946000000.0,
      "Other Payable": 950946000000.0,
      "Total Tax Payable": null,
      "Income Tax Payable": null,
      "Accounts Payable": null,
      "Total Assets": 283320404000000.0,
      "Defined Pension Benefit": 758783000000.0,
      "Investments And Advances": 49234418000000.0,
      "Held To Maturity Securities": null,
      "Available For Sale Securities": 38239994000000.0,
      "Trading Securities": 10994424000000.0,
      "Long Term Equity Investment": null,
      "Goodwill And Other Intangible Assets": 808896000000.0,
      "Other Intangible Assets": 700867000000.0,
      "Goodwill": 108029000000.0,
      "Net PPE": 1122592000000.0,
      "Accumulated Depreciation": -759727000000.0,
      "Gross PPE": 1882319000000.0,
      "Leases": null,
      "Construction In Progress": 61297000000.0,
      "Other Properties": 158855000000.0,
      "Machinery Furniture Equipment": null,
      "Buildings And Improvements": 332093000000.0,
      "Land And Improvements": 570345000000.0,
      "Prepaid Assets": null,
      "Receivables": null,
      "Other Receivables": null,
      "Notes Receivable": null,
      "Accounts Receivable": null,
      "Other Short Term Investments": null,
      "Cash And Cash Equivalents": 72483086000000.0,
      "Cash Financial": null,
      "Cash Cash Equivalents And Federal Funds Sold": 101222485000000.0
    },
    "2024-03-31T00:00:00": {
      "Treasury Shares Number": 4739805.0,
      "Ordinary Shares Number": 2534510089.0,
      "Share Issued": 2539249894.0,
      "Total Debt": 20841970000000.0,
      "Tangible Book Value": 9507399000000.0,
      "Invested Capital": 31074510000000.0,
      "Net Tangible Assets": 9507399000000.0,
      "Capital Lease Obligations": null,
      "Common Stock Equity": 10232540000000.0,
      "Total Capitalization": 28247840000000.0,
      "Total Equity Gross Minority Interest": 10312135000000.0,
      "Minority Interest": 79591000000.0,
      "Stockholders Equity": 10232540000000.0,
      "Other Equity Interest": 5000000.0,
      "Gains Losses Not Affecting Retained Earnings": 1316549000000.0,
      "Other Equity Adjustments": 631083000000.0,
      "Fixed Assets Revaluation Reserve": 126879000000.0,
      "Foreign Currency Translation Adjustments": 344250000000.0,
      "Minimum Pension Liabilities": 214337000000.0,
      "Unrealized Gain Loss": null,
      "Treasury Stock": 9402000000.0,
      "Retained Earnings": 5538891000000.0,
      "Additional Paid In Capital": 1129730000000.0,
      "Capital Stock": 2256767000000.0,
      "Common Stock": 2256767000000.0,
      "Total Liabilities Net Minority Interest": 268360016000000.0,
      "Derivative Product Liabilities": 13651669000000.0,
      "Employee Benefits": 256196000000.0,
      "Non Current Pension And Other Postretirement Benefit Plans": 67692000000.0,
      "Non Current Deferred Liabilities": 84641000000.0,
      "Non Current Deferred Revenue": null,
      "Non Current Deferred Taxes Liabilities": 84641000000.0,
      "Long Term Debt And Capital Lease Obligation": 18015300000000.0,
      "Long Term Capital Lease Obligation": null,
      "Long Term Debt": 18015300000000.0,
      "Long Term Provisions": 67250000000.0,
      "Current Debt And Capital Lease Obligation": 2826670000000.0,
      "Current Capital Lease Obligation": null,
      "Current Debt": 2826670000000.0,
      "Other Current Borrowings": 1660682000000.0,
      "Commercial Paper": 1165988000000.0,
      "Payables And Accrued Expenses": 983877000000.0,
      "Current Accrued Expenses": null,
      "Payables": 983877000000.0,
      "Other Payable": 983877000000.0,
      "Total Tax Payable": null,
      "Income Tax Payable": null,
      "Accounts Payable": null,
      "Total Assets": 278672151000000.0,
      "Defined Pension Benefit": 847116000000.0,
      "Investments And Advances": 52785917000000.0,
      "Held To Maturity Securities": null,
      "Available For Sale Securities": 42420308000000.0,
      "Trading Securities": 10365609000000.0,
      "Long Term Equity Investment": null,
      "Goodwill And Other Intangible Assets": 725141000000.0,
      "Other Intangible Assets": 608724000000.0,
      "Goodwill": 116417000000.0,
      "Net PPE": 1139470000000.0,
      "Accumulated Depreciation": -808472000000.0,
      "Gross PPE": 1947942000000.0,
      "Leases": null,
      "Construction In Progress": 47074000000.0,
      "Other Properties": 148420000000.0,
      "Machinery Furniture Equipment": null,
      "Buildings And Improvements": 330325000000.0,
      "Land And Improvements": 613649000000.0,
      "Prepaid Assets": null,
      "Receivables": null,
      "Other Receivables": null,
      "Notes Receivable": null,
      "Accounts Receivable": null,
      "Other Short Term Investments": null,
      "Cash And Cash Equivalents": 72968900000000.0,
      "Cash Financial": null,
      "Cash Cash Equivalents And Federal Funds Sold": 94085643000000.0
    },
    "2023-03-31T00:00:00": {
      "Treasury Shares Number": 5027306.0,
      "Ordinary Shares Number": 2534222588.0,
      "Share Issued": 2539249894.0,
      "Total Debt": 19600794000000.0,
      "Tangible Book Value": 8560578000000.0,
      "Invested Capital": 28734090000000.0,
      "Net Tangible Assets": 8560578000000.0,
      "Capital Lease Obligations": null,
      "Common Stock Equity": 9133296000000.0,
      "Total Capitalization": 25137106000000.0,
      "Total Equity Gross Minority Interest": 9208463000000.0,
      "Minority Interest": 75163000000.0,
      "Stockholders Equity": 9133296000000.0,
      "Other Equity Interest": 5000000.0,
      "Gains Losses Not Affecting Retained Earnings": 662132000000.0,
      "Other Equity Adjustments": 206412000000.0,
      "Fixed Assets Revaluation Reserve": 129321000000.0,
      "Foreign Currency Translation Adjustments": 144093000000.0,
      "Minimum Pension Liabilities": 182306000000.0,
      "Unrealized Gain Loss": null,
      "Treasury Stock": 8786000000.0,
      "Retained Earnings": 5093911000000.0,
      "Additional Paid In Capital": 1129267000000.0,
      "Capital Stock": 2256767000000.0,
      "Common Stock": 2256767000000.0,
      "Total Liabilities Net Minority Interest": 245049740000000.0,
      "Derivative Product Liabilities": 11891315000000.0,
      "Employee Benefits": 198043000000.0,
      "Non Current Pension And Other Postretirement Benefit Plans": 68968000000.0,
      "Non Current Deferred Liabilities": 81102000000.0,
      "Non Current Deferred Revenue": null,
      "Non Current Deferred Taxes Liabilities": 81102000000.0,
      "Long Term Debt And Capital Lease Obligation": 16003810000000.0,
      "Long Term Capital Lease Obligation": null,
      "Long Term Debt": 16003810000000.0,
      "Long Term Provisions": 53600000000.0,
      "Current Debt And Capital Lease Obligation": 3596984000000.0,
      "Current Capital Lease Obligation": null,
      "Current Debt": 3596984000000.0,
      "Other Current Borrowings": 1814873000000.0,
      "Commercial Paper": 1782111000000.0,
      "Payables And Accrued Expenses": 1534097000000.0,
      "Current Accrued Expenses": null,
      "Payables": 1534097000000.0,
      "Other Payable": 1534097000000.0,
      "Total Tax Payable": null,
      "Income Tax Payable": null,
      "Accounts Payable": null,
      "Total Assets": 254258203000000.0,
      "Defined Pension Benefit": 859271000000.0,
      "Investments And Advances": 48810225000000.0,
      "Held To Maturity Securities": null,
      "Available For Sale Securities": 41199871000000.0,
      "Trading Securities": 7610354000000.0,
      "Long Term Equity Investment": null,
      "Goodwill And Other Intangible Assets": 572718000000.0,
      "Other Intangible Assets": 523105000000.0,
      "Goodwill": 49613000000.0,
      "Net PPE": 1105851000000.0,
      "Accumulated Depreciation": -825181000000.0,
      "Gross PPE": 1931032000000.0,
      "Leases": null,
      "Construction In Progress": 43679000000.0,
      "Other Properties": 118141000000.0,
      "Machinery Furniture Equipment": null,
      "Buildings And Improvements": 325241000000.0,
      "Land And Improvements": 618787000000.0,
      "Prepaid Assets": null,
      "Receivables": null,
      "Other Receivables": null,
      "Notes Receivable": null,
      "Accounts Receivable": null,
      "Other Short Term Investments": null,
      "Cash And Cash Equivalents": 67152100000000.0,
      "Cash Financial": null,
      "Cash Cash Equivalents And Federal Funds Sold": 79360126000000.0
    },
    "2022-03-31T00:00:00": {
      "Treasury Shares Number": 4659024.0,
      "Ordinary Shares Number": 2534590870.0,
      "Share Issued": 2539249894.0,
      "Total Debt": 20895607000000.0,
      "Tangible Book Value": 8476183000000.0,
      "Invested Capital": 29973081000000.0,
      "Net Tangible Assets": 8476183000000.0,
      "Capital Lease Obligations": null,
      "Common Stock Equity": 9077474000000.0,
      "Total Capitalization": 26919172000000.0,
      "Total Equity Gross Minority Interest": 9201031000000.0,
      "Minority Interest": 123555000000.0,
      "Stockholders Equity": 9077474000000.0,
      "Other Equity Interest": 94000000.0,
      "Gains Losses Not Affecting Retained Earnings": 947196000000.0,
      "Other Equity Adjustments": 643042000000.0,
      "Fixed Assets Revaluation Reserve": 132156000000.0,
      "Foreign Currency Translation Adjustments": 2346000000.0,
      "Minimum Pension Liabilities": 169652000000.0,
      "Unrealized Gain Loss": null,
      "Treasury Stock": 8342000000.0,
      "Retained Earnings": 4756435000000.0,
      "Additional Paid In Capital": 1125324000000.0,
      "Capital Stock": 2256767000000.0,
      "Common Stock": 2256767000000.0,
      "Total Liabilities Net Minority Interest": 227865111000000.0,
      "Derivative Product Liabilities": 8909797000000.0,
      "Employee Benefits": 194661000000.0,
      "Non Current Pension And Other Postretirement Benefit Plans": 72331000000.0,
      "Non Current Deferred Liabilities": 90885000000.0,
      "Non Current Deferred Revenue": null,
      "Non Current Deferred Taxes Liabilities": 90885000000.0,
      "Long Term Debt And Capital Lease Obligation": 17841698000000.0,
      "Long Term Capital Lease Obligation": null,
      "Long Term Debt": 17841698000000.0,
      "Long Term Provisions": 39187000000.0,
      "Current Debt And Capital Lease Obligation": 3053909000000.0,
      "Current Capital Lease Obligation": null,
      "Current Debt": 3053909000000.0,
      "Other Current Borrowings": 1278050000000.0,
      "Commercial Paper": 1775859000000.0,
      "Payables And Accrued Expenses": 1167284000000.0,
      "Current Accrued Expenses": null,
      "Payables": 1167284000000.0,
      "Other Payable": 1167284000000.0,
      "Total Tax Payable": null,
      "Income Tax Payable": null,
      "Accounts Payable": null,
      "Total Assets": 237066142000000.0,
      "Defined Pension Benefit": 863217000000.0,
      "Investments And Advances": 54604694000000.0,
      "Held To Maturity Securities": null,
      "Available For Sale Securities": 48116972000000.0,
      "Trading Securities": 6487722000000.0,
      "Long Term Equity Investment": null,
      "Goodwill And Other Intangible Assets": 601291000000.0,
      "Other Intangible Assets": 548744000000.0,
      "Goodwill": 52547000000.0,
      "Net PPE": 1095977000000.0,
      "Accumulated Depreciation": -843560000000.0,
      "Gross PPE": 1939537000000.0,
      "Leases": null,
      "Construction In Progress": 21737000000.0,
      "Other Properties": 110594000000.0,
      "Machinery Furniture Equipment": null,
      "Buildings And Improvements": 340016000000.0,
      "Land And Improvements": 623627000000.0,
      "Prepaid Assets": null,
      "Receivables": null,
      "Other Receivables": null,
      "Notes Receivable": null,
      "Accounts Receivable": null,
      "Other Short Term Investments": null,
      "Cash And Cash Equivalents": 51359301000000.0,
      "Cash Financial": null,
      "Cash Cash Equivalents And Federal Funds Sold": 64700847000000.0
    },
    "2021-03-31T00:00:00": {
      "Treasury Shares Number": null,
      "Ordinary Shares Number": null,
      "Share Issued": null,
      "Total Debt": null,
      "Tangible Book Value": null,
      "Invested Capital": null,
      "Net Tangible Assets": null,
      "Capital Lease Obligations": 65074000000.0,
      "Common Stock Equity": null,
      "Total Capitalization": null,
      "Total Equity Gross Minority Interest": null,
      "Minority Interest": null,
      "Stockholders Equity": null,
      "Other Equity Interest": null,
      "Gains Losses Not Affecting Retained Earnings": null,
      "Other Equity Adjustments": null,
      "Fixed Assets Revaluation Reserve": null,
      "Foreign Currency Translation Adjustments": null,
      "Minimum Pension Liabilities": null,
      "Unrealized Gain Loss": 1132460000000.0,
      "Treasury Stock": null,
      "Retained Earnings": null,
      "Additional Paid In Capital": null,
      "Capital Stock": null,
      "Common Stock": null,
      "Total Liabilities Net Minority Interest": null,
      "Derivative Product Liabilities": null,
      "Employee Benefits": null,
      "Non Current Pension And Other Postretirement Benefit Plans": null,
      "Non Current Deferred Liabilities": null,
      "Non Current Deferred Revenue": 94748000000.0,
      "Non Current Deferred Taxes Liabilities": null,
      "Long Term Debt And Capital Lease Obligation": null,
      "Long Term Capital Lease Obligation": 56918000000.0,
      "Long Term Debt": null,
      "Long Term Provisions": null,
      "Current Debt And Capital Lease Obligation": null,
      "Current Capital Lease Obligation": 8156000000.0,
      "Current Debt": null,
      "Other Current Borrowings": null,
      "Commercial Paper": null,
      "Payables And Accrued Expenses": null,
      "Current Accrued Expenses": 195434000000.0,
      "Payables": null,
      "Other Payable": null,
      "Total Tax Payable": 56665000000.0,
      "Income Tax Payable": 56665000000.0,
      "Accounts Payable": 2980388000000.0,
      "Total Assets": null,
      "Defined Pension Benefit": null,
      "Investments And Advances": null,
      "Held To Maturity Securities": 789200000000.0,
      "Available For Sale Securities": null,
      "Trading Securities": null,
      "Long Term Equity Investment": 348892000000.0,
      "Goodwill And Other Intangible Assets": null,
      "Other Intangible Assets": null,
      "Goodwill": null,
      "Net PPE": null,
      "Accumulated Depreciation": null,
      "Gross PPE": null,
      "Leases": 222296000000.0,
      "Construction In Progress": null,
      "Other Properties": null,
      "Machinery Furniture Equipment": 1372364000000.0,
      "Buildings And Improvements": null,
      "Land And Improvements": null,
      "Prepaid Assets": 79136000000.0,
      "Receivables": 706524000000.0,
      "Other Receivables": 315263000000.0,
      "Notes Receivable": 391261000000.0,
      "Accounts Receivable": 393410000000.0,
      "Other Short Term Investments": 26436263000000.0,
      "Cash And Cash Equivalents": null,
      "Cash Financial": 1600555000000.0,
      "Cash Cash Equivalents And Federal Funds Sold": null
    }
  },
  "cashflow": {
    "2025-03-31T00:00:00": {
      "Free Cash Flow": -4165745000000.0,
      "Repurchase Of Capital Stock": -102921000000.0,
      "Repayment Of Debt": -417000000000.0,
      "Issuance Of Debt": 524500000000.0,
      "Issuance Of Capital Stock": 2864000000.0,
      "Capital Expenditure": -344945000000.0,
      "Interest Paid Supplemental Data": null,
      "Income Tax Paid Supplemental Data": null,
      "End Cash Position": 70723361000000.0,
      "Beginning Cash Position": 71165815000000.0,
      "Effect Of Exchange Rate Changes": -115716000000.0,
      "Changes In Cash": -326738000000.0,
      "Financing Cash Flow": -299030000000.0,
      "Cash Flow From Continuing Financing Activities": -299030000000.0,
      "Net Other Financing Charges": -2048000000.0,
      "Cash Dividends Paid": -304425000000.0,
      "Common Stock Dividend Paid": -304425000000.0,
      "Net Common Stock Issuance": -100057000000.0,
      "Common Stock Payments": -102921000000.0,
      "Common Stock Issuance": 2864000000.0,
      "Net Issuance Payments Of Debt": 107500000000.0,
      "Net Short Term Debt Issuance": null,
      "Net Long Term Debt Issuance": 107500000000.0,
      "Long Term Debt Payments": -417000000000.0,
      "Long Term Debt Issuance": 524500000000.0,
      "Investing Cash Flow": 3793092000000.0,
      "Cash Flow From Continuing Investing Activities": 3793091000000.0,
      "Net Other Investing Changes": -49018000000.0,
      "Net Investment Purchase And Sale": 4095215000000.0,
      "Sale Of Investment": 64165234000000.0,
      "Purchase Of Investment": -60070019000000.0,
      "Net Business Purchase And Sale": 2970000000.0,
      "Sale Of Business": 2970000000.0,
      "Purchase Of Business": 0.0,
      "Net Intangibles Purchase And Sale": -249884000000.0,
      "Sale Of Intangibles": 125000000.0,
      "Purchase Of Intangibles": -250009000000.0,
      "Net PPE Purchase And Sale": -6191000000.0,
      "Sale Of PPE": 88745000000.0,
      "Purchase Of PPE": -94936000000.0,
      "Operating Cash Flow": -3820800000000.0,
      "Cash Flow From Continuing Operating Activities": -3820803000000.0,
      "Taxes Refund Paid": -124107000000.0,
      "Interest Received Cfo": 5907980000000.0,
      "Interest Paid Cfo": -5043512000000.0,
      "Change In Working Capital": -4326466000000.0,
      "Change In Other Working Capital": 1919568000000.0,
      "Change In Other Current Liabilities": -58715000000.0,
      "Change In Other Current Assets": -24666000000.0,
      "Change In Payables And Accrued Expense": -32930000000.0,
      "Change In Accrued Expense": null,
      "Change In Payable": -32930000000.0,
      "Change In Receivables": null,
      "Other Non Cash Items": -1724643000000.0,
      "Asset Impairment Charge": 23270000000.0,
      "Deferred Tax": null,
      "Deferred Income Tax": null,
      "Depreciation Amortization Depletion": 205922000000.0,
      "Depreciation And Amortization": 205922000000.0,
      "Amortization Cash Flow": 7315000000.0,
      "Amortization Of Intangibles": 7315000000.0,
      "Depreciation": 198607000000.0,
      "Operating Gains Losses": 70672000000.0,
      "Pension And Employee Benefit Expense": -21411000000.0,
      "Earnings Losses From Equity Investments": -46782000000.0,
      "Gain Loss On Investment Securities": 2393000000.0,
      "Net Foreign Currency Exchange Gain Loss": 160885000000.0,
      "Gain Loss On Sale Of PPE": -23674000000.0,
      "Net Income From Continuing Operations": 1190084000000.0
    },
    "2024-03-31T00:00:00": {
      "Free Cash Flow": 1627967000000.0,
      "Repurchase Of Capital Stock": -3383000000.0,
      "Repayment Of Debt": -490310000000.0,
      "Issuance Of Debt": 499000000000.0,
      "Issuance Of Capital Stock": 2767000000.0,
      "Capital Expenditure": -257011000000.0,
      "Interest Paid Supplemental Data": null,
      "Income Tax Paid Supplemental Data": null,
      "End Cash Position": 71165815000000.0,
      "Beginning Cash Position": 65825681000000.0,
      "Effect Of Exchange Rate Changes": 1703938000000.0,
      "Changes In Cash": 3636195000000.0,
      "Financing Cash Flow": -230990000000.0,
      "Cash Flow From Continuing Financing Activities": -230989000000.0,
      "Net Other Financing Charges": -4278000000.0,
      "Cash Dividends Paid": -234786000000.0,
      "Common Stock Dividend Paid": -234786000000.0,
      "Net Common Stock Issuance": -616000000.0,
      "Common Stock Payments": -3383000000.0,
      "Common Stock Issuance": 2767000000.0,
      "Net Issuance Payments Of Debt": 8690000000.0,
      "Net Short Term Debt Issuance": null,
      "Net Long Term Debt Issuance": 8690000000.0,
      "Long Term Debt Payments": -490310000000.0,
      "Long Term Debt Issuance": 499000000000.0,
      "Investing Cash Flow": 1982207000000.0,
      "Cash Flow From Continuing Investing Activities": 1982207000000.0,
      "Net Other Investing Changes": -69868000000.0,
      "Net Investment Purchase And Sale": 2326714000000.0,
      "Sale Of Investment": 80378427000000.0,
      "Purchase Of Investment": -78051713000000.0,
      "Net Business Purchase And Sale": -31221000000.0,
      "Sale Of Business": 7927000000.0,
      "Purchase Of Business": -39148000000.0,
      "Net Intangibles Purchase And Sale": -192648000000.0,
      "Sale Of Intangibles": 1240000000.0,
      "Purchase Of Intangibles": -193888000000.0,
      "Net PPE Purchase And Sale": -50770000000.0,
      "Sale Of PPE": 12353000000.0,
      "Purchase Of PPE": -63123000000.0,
      "Operating Cash Flow": 1884978000000.0,
      "Cash Flow From Continuing Operating Activities": 1884975000000.0,
      "Taxes Refund Paid": -287693000000.0,
      "Interest Received Cfo": 5571589000000.0,
      "Interest Paid Cfo": -4756988000000.0,
      "Change In Working Capital": 3096686000000.0,
      "Change In Other Working Capital": 278194000000.0,
      "Change In Other Current Liabilities": 221992000000.0,
      "Change In Other Current Assets": 481658000000.0,
      "Change In Payables And Accrued Expense": -550220000000.0,
      "Change In Accrued Expense": null,
      "Change In Payable": -550220000000.0,
      "Change In Receivables": null,
      "Other Non Cash Items": -1719138000000.0,
      "Asset Impairment Charge": 7963000000.0,
      "Deferred Tax": null,
      "Deferred Income Tax": null,
      "Depreciation Amortization Depletion": 178193000000.0,
      "Depreciation And Amortization": 178193000000.0,
      "Amortization Cash Flow": 5020000000.0,
      "Amortization Of Intangibles": 5020000000.0,
      "Depreciation": 173173000000.0,
      "Operating Gains Losses": -1160669000000.0,
      "Pension And Employee Benefit Expense": -52738000000.0,
      "Earnings Losses From Equity Investments": -26221000000.0,
      "Gain Loss On Investment Securities": -24038000000.0,
      "Net Foreign Currency Exchange Gain Loss": -1061035000000.0,
      "Gain Loss On Sale Of PPE": 3358000000.0,
      "Net Income From Continuing Operations": 955035000000.0
    },
    "2023-03-31T00:00:00": {
      "Free Cash Flow": 8684070000000.0,
      "Repurchase Of Capital Stock": -2314000000.0,
      "Repayment Of Debt": -579615000000.0,
      "Issuance Of Debt": 228500000000.0,
      "Issuance Of Capital Stock": 1615000000.0,
      "Capital Expenditure": -183176000000.0,
      "Interest Paid Supplemental Data": null,
      "Income Tax Paid Supplemental Data": null,
      "End Cash Position": 65825681000000.0,
      "Beginning Cash Position": 50136299000000.0,
      "Effect Of Exchange Rate Changes": 827611000000.0,
      "Changes In Cash": 14861770000000.0,
      "Financing Cash Flow": -611143000000.0,
      "Cash Flow From Continuing Financing Activities": -611142000000.0,
      "Net Other Financing Charges": -49872000000.0,
      "Cash Dividends Paid": -209457000000.0,
      "Common Stock Dividend Paid": -209457000000.0,
      "Net Common Stock Issuance": -699000000.0,
      "Common Stock Payments": -2314000000.0,
      "Common Stock Issuance": 1615000000.0,
      "Net Issuance Payments Of Debt": -351115000000.0,
      "Net Short Term Debt Issuance": null,
      "Net Long Term Debt Issuance": -351115000000.0,
      "Long Term Debt Payments": -579615000000.0,
      "Long Term Debt Issuance": 228500000000.0,
      "Investing Cash Flow": 6605667000000.0,
      "Cash Flow From Continuing Investing Activities": 6605668000000.0,
      "Net Other Investing Changes": 75565000000.0,
      "Net Investment Purchase And Sale": 6706998000000.0,
      "Sale Of Investment": 87685244000000.0,
      "Purchase Of Investment": -80978246000000.0,
      "Net Business Purchase And Sale": -3533000000.0,
      "Sale Of Business": 0.0,
      "Purchase Of Business": -3533000000.0,
      "Net Intangibles Purchase And Sale": -118331000000.0,
      "Sale Of Intangibles": 0.0,
      "Purchase Of Intangibles": -118331000000.0,
      "Net PPE Purchase And Sale": -55032000000.0,
      "Sale Of PPE": 9813000000.0,
      "Purchase Of PPE": -64845000000.0,
      "Operating Cash Flow": 8867246000000.0,
      "Cash Flow From Continuing Operating Activities": 8867243000000.0,
      "Taxes Refund Paid": -133371000000.0,
      "Interest Received Cfo": 3027958000000.0,
      "Interest Paid Cfo": -2028391000000.0,
      "Change In Working Capital": 7522956000000.0,
      "Change In Other Working Capital": 5590700000000.0,
      "Change In Other Current Liabilities": -842483000000.0,
      "Change In Other Current Assets": 426846000000.0,
      "Change In Payables And Accrued Expense": 366812000000.0,
      "Change In Accrued Expense": null,
      "Change In Payable": 366812000000.0,
      "Change In Receivables": null,
      "Other Non Cash Items": 148245000000.0,
      "Asset Impairment Charge": 51545000000.0,
      "Deferred Tax": null,
      "Deferred Income Tax": null,
      "Depreciation Amortization Depletion": 166937000000.0,
      "Depreciation And Amortization": 166937000000.0,
      "Amortization Cash Flow": 3771000000.0,
      "Amortization Of Intangibles": 3771000000.0,
      "Depreciation": 163166000000.0,
      "Operating Gains Losses": -667597000000.0,
      "Pension And Employee Benefit Expense": -47627000000.0,
      "Earnings Losses From Equity Investments": -11889000000.0,
      "Gain Loss On Investment Securities": 50633000000.0,
      "Net Foreign Currency Exchange Gain Loss": -662938000000.0,
      "Gain Loss On Sale Of PPE": 4202000000.0,
      "Net Income From Continuing Operations": 778964000000.0
    },
    "2022-03-31T00:00:00": {
      "Free Cash Flow": 4777925000000.0,
      "Repurchase Of Capital Stock": -1927000000.0,
      "Repayment Of Debt": -498000000000.0,
      "Issuance Of Debt": 181410000000.0,
      "Issuance Of Capital Stock": 873000000.0,
      "Capital Expenditure": -139261000000.0,
      "Interest Paid Supplemental Data": null,
      "Income Tax Paid Supplemental Data": null,
      "End Cash Position": 50136299000000.0,
      "Beginning Cash Position": 46981399000000.0,
      "Effect Of Exchange Rate Changes": 620261000000.0,
      "Changes In Cash": 2534640000000.0,
      "Financing Cash Flow": -522056000000.0,
      "Cash Flow From Continuing Financing Activities": -522057000000.0,
      "Net Other Financing Charges": -7629000000.0,
      "Cash Dividends Paid": -196783000000.0,
      "Common Stock Dividend Paid": -196783000000.0,
      "Net Common Stock Issuance": -1054000000.0,
      "Common Stock Payments": -1927000000.0,
      "Common Stock Issuance": 873000000.0,
      "Net Issuance Payments Of Debt": -316590000000.0,
      "Net Short Term Debt Issuance": null,
      "Net Long Term Debt Issuance": -316590000000.0,
      "Long Term Debt Payments": -498000000000.0,
      "Long Term Debt Issuance": 181410000000.0,
      "Investing Cash Flow": -1860490000000.0,
      "Cash Flow From Continuing Investing Activities": -1860491000000.0,
      "Net Other Investing Changes": -9585000000.0,
      "Net Investment Purchase And Sale": -1730363000000.0,
      "Sale Of Investment": 100748082000000.0,
      "Purchase Of Investment": -102478445000000.0,
      "Net Business Purchase And Sale": 0.0,
      "Sale Of Business": 0.0,
      "Purchase Of Business": 0.0,
      "Net Intangibles Purchase And Sale": -96484000000.0,
      "Sale Of Intangibles": 480000000.0,
      "Purchase Of Intangibles": -96964000000.0,
      "Net PPE Purchase And Sale": -24058000000.0,
      "Sale Of PPE": 18239000000.0,
      "Purchase Of PPE": -42297000000.0,
      "Operating Cash Flow": 4917186000000.0,
      "Cash Flow From Continuing Operating Activities": 4917181000000.0,
      "Taxes Refund Paid": -164408000000.0,
      "Interest Received Cfo": 1424865000000.0,
      "Interest Paid Cfo": -273855000000.0,
      "Change In Working Capital": 4943137000000.0,
      "Change In Other Working Capital": 4750051000000.0,
      "Change In Other Current Liabilities": 979866000000.0,
      "Change In Other Current Assets": -342269000000.0,
      "Change In Payables And Accrued Expense": 6676000000.0,
      "Change In Accrued Expense": null,
      "Change In Payable": 6676000000.0,
      "Change In Receivables": null,
      "Other Non Cash Items": -846197000000.0,
      "Asset Impairment Charge": 27585000000.0,
      "Deferred Tax": null,
      "Deferred Income Tax": null,
      "Depreciation Amortization Depletion": 165638000000.0,
      "Depreciation And Amortization": 165638000000.0,
      "Amortization Cash Flow": 3741000000.0,
      "Amortization Of Intangibles": 3741000000.0,
      "Depreciation": 161897000000.0,
      "Operating Gains Losses": -963451000000.0,
      "Pension And Employee Benefit Expense": -74254000000.0,
      "Earnings Losses From Equity Investments": -25434000000.0,
      "Gain Loss On Investment Securities": 62305000000.0,
      "Net Foreign Currency Exchange Gain Loss": -928800000000.0,
      "Gain Loss On Sale Of PPE": 2647000000.0,
      "Net Income From Continuing Operations": 603872000000.0
    },
    "2021-03-31T00:00:00": {
      "Free Cash Flow": null,
      "Repurchase Of Capital Stock": null,
      "Repayment Of Debt": null,
      "Issuance Of Debt": null,
      "Issuance Of Capital Stock": null,
      "Capital Expenditure": null,
      "Interest Paid Supplemental Data": 497422000000.0,
      "Income Tax Paid Supplemental Data": 216996000000.0,
      "End Cash Position": null,
      "Beginning Cash Position": null,
      "Effect Of Exchange Rate Changes": null,
      "Changes In Cash": null,
      "Financing Cash Flow": null,
      "Cash Flow From Continuing Financing Activities": null,
      "Net Other Financing Charges": null,
      "Cash Dividends Paid": null,
      "Common Stock Dividend Paid": null,
      "Net Common Stock Issuance": null,
      "Common Stock Payments": null,
      "Common Stock Issuance": null,
      "Net Issuance Payments Of Debt": null,
      "Net Short Term Debt Issuance": 3253467000000.0,
      "Net Long Term Debt Issuance": null,
      "Long Term Debt Payments": null,
      "Long Term Debt Issuance": null,
      "Investing Cash Flow": null,
      "Cash Flow From Continuing Investing Activities": null,
      "Net Other Investing Changes": null,
      "Net Investment Purchase And Sale": null,
      "Sale Of Investment": null,
      "Purchase Of Investment": null,
      "Net Business Purchase And Sale": null,
      "Sale Of Business": null,
      "Purchase Of Business": null,
      "Net Intangibles Purchase And Sale": null,
      "Sale Of Intangibles": null,
      "Purchase Of Intangibles": null,
      "Net PPE Purchase And Sale": null,
      "Sale Of PPE": null,
      "Purchase Of PPE": null,
      "Operating Cash Flow": null,
      "Cash Flow From Continuing Operating Activities": null,
      "Taxes Refund Paid": null,
      "Interest Received Cfo": null,
      "Interest Paid Cfo": null,
      "Change In Working Capital": null,
      "Change In Other Working Capital": null,
      "Change In Other Current Liabilities": null,
      "Change In Other Current Assets": null,
      "Change In Payables And Accrued Expense": null,
      "Change In Accrued Expense": -72850000000.0,
      "Change In Payable": null,
      "Change In Receivables": 8052000000.0,
      "Other Non Cash Items": null,
      "Asset Impairment Charge": null,
      "Deferred Tax": 50701000000.0,
      "Deferred Income Tax": 50701000000.0,
      "Depreciation Amortization Depletion": null,
      "Depreciation And Amortization": null,
      "Amortization Cash Flow": null,
      "Amortization Of Intangibles": null,
      "Depreciation": null,
      "Operating Gains Losses": null,
      "Pension And Employee Benefit Expense": null,
      "Earnings Losses From Equity Investments": null,
      "Gain Loss On Investment Securities": null,
      "Net Foreign Currency Exchange Gain Loss": null,
      "Gain Loss On Sale Of PPE": null,
      "Net Income From Continuing Operations": null
    }
  },
  "earnings_estimate": {
    "avg": {
      "0q": 82.4584,
      "+1q": 120.37127,
      "0y": 479.3918,
      "+1y": 527.6078
    },
    "low": {
      "0q": 46.61,
      "+1q": 111.65381,
      "0y": 458.3,
      "+1y": 456.8
    },
    "high": {
      "0q": 111.4,
      "+1q": 124.81,
      "0y": 520.7,
      "+1y": 586.46
    },
    "yearAgoEps": {
      "0q": 12.6,
      "+1q": 115.9,
      "0y": 350.2,
      "+1y": 479.3918
    },
    "numberOfAnalysts": {
      "0q": 4,
      "+1q": 3,
      "0y": 11,
      "+1y": 12
    },
    "growth": {
      "0q": 5.5443,
      "+1q": 0.038599998,
      "0y": 0.3689,
      "+1y": 0.100600004
    }
  },
  "revenue_estimate": {
    "avg": {
      "0q": 853126623000,
      "+1q": 890806649000,
      "0y": 3381469660650,
      "+1y": 3732993665870
    },
    "low": {
      "0q": 766427365000,
      "+1q": 875150810000,
      "0y": 3283600000000,
      "+1y": 3359400000000
    },
    "high": {
      "0q": 916800000000,
      "+1q": 906462488000,
      "0y": 3495600000000,
      "+1y": 3969800000000
    },
    "numberOfAnalysts": {
      "0q": 5,
      "+1q": 2,
      "0y": 8,
      "+1y": 9
    },
    "yearAgoRevenue": {
      "0q": 654902000000,
      "+1q": 764700000000,
      "0y": 1697832000000,
      "+1y": 2103600000000
    },
    "growth": {
      "0q": 0.3027,
      "+1q": 0.1649,
      "0y": 0.99160004,
      "+1y": 0.77459997
    }
  },
  "growth_estimates": {
    "stockTrend": {
      "0q": null,
      "+1q": null,
      "0y": null,
      "+1y": null,
      "LTG": null
    },
    "indexTrend": {
      "0q": 0.1273,
      "+1q": 0.103599995,
      "0y": 0.14310001,
      "+1y": 0.1557,
      "LTG": 0.122
    }
  },
  "revenue_forecasts": null,
  "dividend_rate": 145.0,
  "trailing_dividend_rate": 147.5
}