{
  "ticker": "9983.T",
  "name": "Fast Retailing",
  "country": "japan",
  "currency": "JPY",
  "last_fetched": "2026-02-26T20:50:04.098894",
  "market_cap": 20842945708032,
  "revenue": 3533091897344,
  "net_income": 448490995712,
  "pe_ratio": 48.24745,
  "forward_pe": 49.629223,
  "dividend_yield": 0.8,
  "profit_margin": 0.12694,
  "roe": 0.20033,
  "debt_to_equity": 26.876,
  "beta": 0.206,
  "ev_to_ebitda": 29.636,
  "sector": "Consumer Cyclical",
  "industry": "Apparel Retail",
  "summary": "Fast Retailing Co., Ltd. operates as an apparel designer and retailer in Japan and internationally. The company operates through UNIQLO Japan, UNIQLO International, GU, and Global Brands segments. It manufactures and retails clothing for men, women, children, and babies. The company operates stores and franchises under the UNIQLO, GU, PLST, Theory, COMPTOIR DES COTONNIERS, J Brand, and PRINCESSE TAM.TAM brand names. It sells its products through online; and provides real estate leasing services. The company was formerly known as Ogori Shoji Co., Ltd. and changed its name to Fast Retailing Co., Ltd. in September 1991. The company was founded in 1949 and is headquartered in Yamaguchi, Japan.",
  "website": "https://www.fastretailing.com",
  "employees": 59522,
  "target_high": 76000.0,
  "target_low": 51000.0,
  "target_mean": 63024.5,
  "target_median": 62421.5,
  "recommendation": "buy",
  "num_analysts": 14,
  "income_stmt": {
    "2025-08-31T00:00:00": {
      "Tax Effect Of Unusual Items": 0.0,
      "Tax Rate For Calcs": 0.294234,
      "Normalized EBITDA": 879900000000.0,
      "Net Income From Continuing Operation Net Minority Interest": 433010000000.0,
      "Reconciled Depreciation": 216492000000.0,
      "Reconciled Cost Of Revenue": 1571681000000.0,
      "EBITDA": 879900000000.0,
      "EBIT": 663408000000.0,
      "Net Interest Income": 86309000000.0,
      "Interest Expense": 12834000000.0,
      "Interest Income": 99143000000.0,
      "Normalized Income": 433010000000.0,
      "Net Income From Continuing And Discontinued Operation": 433010000000.0,
      "Total Expenses": 2837978000000.0,
      "Total Operating Income As Reported": 564265000000.0,
      "Diluted Average Shares": 307246757.0,
      "Basic Average Shares": 306785269.0,
      "Diluted EPS": 1409.32,
      "Basic EPS": 1411.44,
      "Diluted NI Availto Com Stockholders": 433009000000.0,
      "Net Income Common Stockholders": 433009000000.0,
      "Otherunder Preferred Stock Dividend": 1000000.0,
      "Net Income": 433010000000.0,
      "Minority Interests": -26143000000.0,
      "Net Income Including Noncontrolling Interests": 459153000000.0,
      "Net Income Continuous Operations": 459153000000.0,
      "Tax Provision": 191421000000.0,
      "Pretax Income": 650574000000.0,
      "Net Non Operating Interest Income Expense": 86309000000.0,
      "Interest Expense Non Operating": 12834000000.0,
      "Interest Income Non Operating": 99143000000.0,
      "Operating Income": 562561000000.0,
      "Operating Expense": 1266297000000.0,
      "Other Operating Expenses": 8087000000.0,
      "Selling General And Administration": 1277701000000.0,
      "General And Administrative Expense": 1277701000000.0,
      "Gross Profit": 1828858000000.0,
      "Cost Of Revenue": 1571681000000.0,
      "Total Revenue": 3400539000000.0,
      "Operating Revenue": 3400539000000.0
    },
    "2024-08-31T00:00:00": {
      "Tax Effect Of Unusual Items": 0.0,
      "Tax Rate For Calcs": 0.293603,
      "Normalized EBITDA": 772690000000.0,
      "Net Income From Continuing Operation Net Minority Interest": 372000000000.0,
      "Reconciled Depreciation": 204388000000.0,
      "Reconciled Cost Of Revenue": 1430764000000.0,
      "EBITDA": 772690000000.0,
      "EBIT": 568302000000.0,
      "Net Interest Income": 56298000000.0,
      "Interest Expense": 11101000000.0,
      "Interest Income": 67399000000.0,
      "Normalized Income": 372000000000.0,
      "Net Income From Continuing And Discontinued Operation": 372000000000.0,
      "Total Expenses": 2604349000000.0,
      "Total Operating Income As Reported": 500904000000.0,
      "Diluted Average Shares": 307231523.0,
      "Basic Average Shares": 306707176.0,
      "Diluted EPS": 1210.81,
      "Basic EPS": 1212.88,
      "Diluted NI Availto Com Stockholders": 371999000000.0,
      "Net Income Common Stockholders": 371999000000.0,
      "Otherunder Preferred Stock Dividend": 1000000.0,
      "Net Income": 372000000000.0,
      "Minority Interests": -21605000000.0,
      "Net Income Including Noncontrolling Interests": 393605000000.0,
      "Net Income Continuous Operations": 393605000000.0,
      "Tax Provision": 163596000000.0,
      "Pretax Income": 557201000000.0,
      "Net Non Operating Interest Income Expense": 56298000000.0,
      "Interest Expense Non Operating": 11101000000.0,
      "Interest Income Non Operating": 67399000000.0,
      "Operating Income": 499486000000.0,
      "Operating Expense": 1173585000000.0,
      "Other Operating Expenses": 6256000000.0,
      "Selling General And Administration": 1187713000000.0,
      "General And Administrative Expense": 1187713000000.0,
      "Gross Profit": 1673071000000.0,
      "Cost Of Revenue": 1430764000000.0,
      "Total Revenue": 3103836000000.0,
      "Operating Revenue": 3103836000000.0
    },
    "2023-08-31T00:00:00": {
      "Tax Effect Of Unusual Items": 0.0,
      "Tax Rate For Calcs": 0.280294,
      "Normalized EBITDA": 634678000000.0,
      "Net Income From Continuing Operation Net Minority Interest": 296230000000.0,
      "Reconciled Depreciation": 186872000000.0,
      "Reconciled Cost Of Revenue": 1330196000000.0,
      "EBITDA": 634678000000.0,
      "EBIT": 447806000000.0,
      "Net Interest Income": 56828000000.0,
      "Interest Expense": 9888000000.0,
      "Interest Income": 66716000000.0,
      "Normalized Income": 296230000000.0,
      "Net Income From Continuing And Discontinued Operation": 296230000000.0,
      "Total Expenses": 2386605000000.0,
      "Total Operating Income As Reported": 381090000000.0,
      "Diluted Average Shares": 307138562.0,
      "Basic Average Shares": 306628124.0,
      "Diluted EPS": 964.48,
      "Basic EPS": 966.09,
      "Diluted NI Availto Com Stockholders": 296229000000.0,
      "Net Income Common Stockholders": 296229000000.0,
      "Otherunder Preferred Stock Dividend": 1000000.0,
      "Net Income": 296230000000.0,
      "Minority Interests": -18941000000.0,
      "Net Income Including Noncontrolling Interests": 315171000000.0,
      "Net Income Continuous Operations": 315172000000.0,
      "Tax Provision": 122746000000.0,
      "Pretax Income": 437918000000.0,
      "Net Non Operating Interest Income Expense": 56828000000.0,
      "Interest Expense Non Operating": 9888000000.0,
      "Interest Income Non Operating": 66716000000.0,
      "Operating Income": 379951000000.0,
      "Operating Expense": 1056409000000.0,
      "Other Operating Expenses": 14238000000.0,
      "Selling General And Administration": 1054368000000.0,
      "General And Administrative Expense": 1054368000000.0,
      "Gross Profit": 1436360000000.0,
      "Cost Of Revenue": 1330196000000.0,
      "Total Revenue": 2766557000000.0,
      "Operating Revenue": 2766557000000.0
    },
    "2022-08-31T00:00:00": {
      "Tax Effect Of Unusual Items": 0.0,
      "Tax Rate For Calcs": 0.116,
      "Normalized EBITDA": 601419000000.0,
      "Net Income From Continuing Operation Net Minority Interest": 273335000000.0,
      "Reconciled Depreciation": 180275000000.0,
      "Reconciled Cost Of Revenue": 1094263000000.0,
      "EBITDA": 601419000000.0,
      "EBIT": 421144000000.0,
      "Net Interest Income": 116260000000.0,
      "Interest Expense": 7560000000.0,
      "Interest Income": 123820000000.0,
      "Normalized Income": 273335000000.0,
      "Net Income From Continuing And Discontinued Operation": 273335000000.0,
      "Total Expenses": 2004857000000.0,
      "Total Operating Income As Reported": 297325000000.0,
      "Diluted Average Shares": 306969666.0,
      "Basic Average Shares": 306510285.0,
      "Diluted EPS": 890.43,
      "Basic EPS": 891.77,
      "Diluted NI Availto Com Stockholders": 273335000000.0,
      "Net Income Common Stockholders": 273335000000.0,
      "Otherunder Preferred Stock Dividend": 0.0,
      "Net Income": 273335000000.0,
      "Minority Interests": -11415000000.0,
      "Net Income Including Noncontrolling Interests": 284750000000.0,
      "Net Income Continuous Operations": 284750000000.0,
      "Tax Provision": 128834000000.0,
      "Pretax Income": 413584000000.0,
      "Net Non Operating Interest Income Expense": 116260000000.0,
      "Interest Expense Non Operating": 7560000000.0,
      "Interest Income Non Operating": 123820000000.0,
      "Operating Income": 296265000000.0,
      "Operating Expense": 910594000000.0,
      "Other Operating Expenses": 27391000000.0,
      "Selling General And Administration": 900154000000.0,
      "General And Administrative Expense": 900154000000.0,
      "Gross Profit": 1206859000000.0,
      "Cost Of Revenue": 1094263000000.0,
      "Total Revenue": 2301122000000.0,
      "Operating Revenue": 2301122000000.0
    }
  },
  "quarterly_income": {
    "2025-11-30T00:00:00": {
      "Tax Effect Of Unusual Items": null,
      "Tax Rate For Calcs": null,
      "Normalized EBITDA": null,
      "Net Income From Continuing Operation Net Minority Interest": null,
      "Reconciled Depreciation": null,
      "Reconciled Cost Of Revenue": null,
      "EBITDA": null,
      "EBIT": null,
      "Net Interest Income": null,
      "Interest Expense": null,
      "Interest Income": null,
      "Normalized Income": null,
      "Net Income From Continuing And Discontinued Operation": null,
      "Total Expenses": null,
      "Total Operating Income As Reported": null,
      "Diluted Average Shares": 307247494.0,
      "Basic Average Shares": 306825512.0,
      "Diluted EPS": 479.89,
      "Basic EPS": 480.55,
      "Diluted NI Availto Com Stockholders": null,
      "Net Income Common Stockholders": null,
      "Otherunder Preferred Stock Dividend": null,
      "Net Income": null,
      "Minority Interests": null,
      "Net Income Including Noncontrolling Interests": null,
      "Net Income Continuous Operations": null,
      "Tax Provision": null,
      "Pretax Income": null,
      "Net Non Operating Interest Income Expense": null,
      "Interest Expense Non Operating": null,
      "Interest Income Non Operating": null,
      "Operating Income": null,
      "Operating Expense": null,
      "Other Operating Expenses": null,
      "Selling General And Administration": null,
      "General And Administrative Expense": null,
      "Gross Profit": null,
      "Cost Of Revenue": null,
      "Total Revenue": null,
      "Operating Revenue": null
    },
    "2024-11-30T00:00:00": {
      "Tax Effect Of Unusual Items": null,
      "Tax Rate For Calcs": null,
      "Normalized EBITDA": null,
      "Net Income From Continuing Operation Net Minority Interest": null,
      "Reconciled Depreciation": null,
      "Reconciled Cost Of Revenue": null,
      "EBITDA": null,
      "EBIT": null,
      "Net Interest Income": null,
      "Interest Expense": null,
      "Interest Income": null,
      "Normalized Income": null,
      "Net Income From Continuing And Discontinued Operation": null,
      "Total Expenses": null,
      "Total Operating Income As Reported": null,
      "Diluted Average Shares": 307240809.0,
      "Basic Average Shares": 306755155.0,
      "Diluted EPS": 429.51,
      "Basic EPS": 430.19,
      "Diluted NI Availto Com Stockholders": null,
      "Net Income Common Stockholders": null,
      "Otherunder Preferred Stock Dividend": null,
      "Net Income": null,
      "Minority Interests": null,
      "Net Income Including Noncontrolling Interests": null,
      "Net Income Continuous Operations": null,
      "Tax Provision": null,
      "Pretax Income": null,
      "Net Non Operating Interest Income Expense": null,
      "Interest Expense Non Operating": null,
      "Interest Income Non Operating": null,
      "Operating Income": null,
      "Operating Expense": null,
      "Other Operating Expenses": null,
      "Selling General And Administration": null,
      "General And Administrative Expense": null,
      "Gross Profit": null,
      "Cost Of Revenue": null,
      "Total Revenue": null,
      "Operating Revenue": null
    },
    "2024-08-31T00:00:00": {
      "Tax Effect Of Unusual Items": 0.0,
      "Tax Rate For Calcs": 0.223657,
      "Normalized EBITDA": 135538000000.0,
      "Net Income From Continuing Operation Net Minority Interest": 59161000000.0,
      "Reconciled Depreciation": 52856000000.0,
      "Reconciled Cost Of Revenue": 343238000000.0,
      "EBITDA": 135538000000.0,
      "EBIT": 82682000000.0,
      "Net Interest Income": -19666000000.0,
      "Interest Expense": 3248000000.0,
      "Interest Income": -16418000000.0,
      "Normalized Income": 59161000000.0,
      "Net Income From Continuing And Discontinued Operation": 59161000000.0,
      "Total Expenses": 638274000000.0,
      "Total Operating Income As Reported": 99101000000.0,
      "Diluted Average Shares": null,
      "Basic Average Shares": null,
      "Diluted EPS": null,
      "Basic EPS": null,
      "Diluted NI Availto Com Stockholders": 59161000000.0,
      "Net Income Common Stockholders": 59161000000.0,
      "Otherunder Preferred Stock Dividend": 0.0,
      "Net Income": 59161000000.0,
      "Minority Interests": -2507000000.0,
      "Net Income Including Noncontrolling Interests": 61668000000.0,
      "Net Income Continuous Operations": 61668000000.0,
      "Tax Provision": 17766000000.0,
      "Pretax Income": 79434000000.0,
      "Net Non Operating Interest Income Expense": -19666000000.0,
      "Interest Expense Non Operating": 3248000000.0,
      "Interest Income Non Operating": -16418000000.0,
      "Operating Income": 99061000000.0,
      "Operating Expense": 295036000000.0,
      "Other Operating Expenses": 2752000000.0,
      "Selling General And Administration": 301841000000.0,
      "General And Administrative Expense": 301841000000.0,
      "Gross Profit": 394097000000.0,
      "Cost Of Revenue": 343238000000.0,
      "Total Revenue": 737335000000.0,
      "Operating Revenue": 737335000000.0
    },
    "2024-05-31T00:00:00": {
      "Tax Effect Of Unusual Items": 0.0,
      "Tax Rate For Calcs": 0.313235,
      "Normalized EBITDA": 233042000000.0,
      "Net Income From Continuing Operation Net Minority Interest": 116927000000.0,
      "Reconciled Depreciation": 51781000000.0,
      "Reconciled Cost Of Revenue": 333771000000.0,
      "EBITDA": 233042000000.0,
      "EBIT": 181261000000.0,
      "Net Interest Income": 33654000000.0,
      "Interest Expense": 2890000000.0,
      "Interest Income": 36544000000.0,
      "Normalized Income": 116927000000.0,
      "Net Income From Continuing And Discontinued Operation": 116927000000.0,
      "Total Expenses": 623172000000.0,
      "Total Operating Income As Reported": 144718000000.0,
      "Diluted Average Shares": 307239141.0,
      "Basic Average Shares": 306715283.0,
      "Diluted EPS": 380.57,
      "Basic EPS": 381.22,
      "Diluted NI Availto Com Stockholders": 116926000000.0,
      "Net Income Common Stockholders": 116926000000.0,
      "Otherunder Preferred Stock Dividend": 1000000.0,
      "Net Income": 116927000000.0,
      "Minority Interests": -5572000000.0,
      "Net Income Including Noncontrolling Interests": 122499000000.0,
      "Net Income Continuous Operations": 122499000000.0,
      "Tax Provision": 55872000000.0,
      "Pretax Income": 178371000000.0,
      "Net Non Operating Interest Income Expense": 33654000000.0,
      "Interest Expense Non Operating": 2890000000.0,
      "Interest Income Non Operating": 36544000000.0,
      "Operating Income": 144329000000.0,
      "Operating Expense": 289401000000.0,
      "Other Operating Expenses": 1090000000.0,
      "Selling General And Administration": 291799000000.0,
      "General And Administrative Expense": 291799000000.0,
      "Gross Profit": 433730000000.0,
      "Cost Of Revenue": 333771000000.0,
      "Total Revenue": 767502000000.0,
      "Operating Revenue": 767502000000.0
    }
  },
  "balance_sheet": {
    "2025-08-31T00:00:00": {
      "Treasury Shares Number": 11401789.0,
      "Ordinary Shares Number": 306819179.0,
      "Share Issued": 318220968.0,
      "Total Debt": 513500000000.0,
      "Tangible Book Value": 2173417000000.0,
      "Invested Capital": 2273115000000.0,
      "Working Capital": 1616524000000.0,
      "Net Tangible Assets": 2173417000000.0,
      "Capital Lease Obligations": 513500000000.0,
      "Common Stock Equity": 2273115000000.0,
      "Total Capitalization": 2273115000000.0,
      "Total Equity Gross Minority Interest": 2327500000000.0,
      "Minority Interest": 54385000000.0,
      "Stockholders Equity": 2273115000000.0,
      "Other Equity Interest": 189936000000.0,
      "Treasury Stock": 14529000000.0,
      "Retained Earnings": 2056437000000.0,
      "Additional Paid In Capital": 30998000000.0,
      "Capital Stock": 10273000000.0,
      "Common Stock": 10273000000.0,
      "Total Liabilities Net Minority Interest": 1531853000000.0,
      "Total Non Current Liabilities Net Minority Interest": 620562000000.0,
      "Other Non Current Liabilities": 2461000000.0,
      "Derivative Product Liabilities": 12110000000.0,
      "Non Current Deferred Revenue": null,
      "Non Current Deferred Taxes Liabilities": 22539000000.0,
      "Long Term Debt And Capital Lease Obligation": 386670000000.0,
      "Long Term Capital Lease Obligation": 386670000000.0,
      "Long Term Debt": null,
      "Long Term Provisions": 55711000000.0,
      "Current Liabilities": 911291000000.0,
      "Other Current Liabilities": 149397000000.0,
      "Current Deferred Taxes Liabilities": null,
      "Current Debt And Capital Lease Obligation": 126830000000.0,
      "Current Capital Lease Obligation": 126830000000.0,
      "Current Debt": null,
      "Current Provisions": 1651000000.0,
      "Payables": 463221000000.0,
      "Total Tax Payable": 73072000000.0,
      "Accounts Payable": 390149000000.0,
      "Total Assets": 3859353000000.0,
      "Total Non Current Assets": 1331538000000.0,
      "Other Non Current Assets": 3808000000.0,
      "Non Current Deferred Taxes Assets": 40889000000.0,
      "Financial Assets": 33882000000.0,
      "Investmentin Financial Assets": 312438000000.0,
      "Long Term Equity Investment": 31361000000.0,
      "Investmentsin Associatesat Cost": null,
      "Goodwill And Other Intangible Assets": 99698000000.0,
      "Other Intangible Assets": 91606000000.0,
      "Goodwill": 8092000000.0,
      "Net PPE": 809462000000.0,
      "Accumulated Depreciation": null,
      "Gross PPE": 809462000000.0,
      "Construction In Progress": null,
      "Other Properties": 809462000000.0,
      "Machinery Furniture Equipment": null,
      "Buildings And Improvements": null,
      "Land And Improvements": null,
      "Properties": null,
      "Current Assets": 2527815000000.0,
      "Other Current Assets": 24665000000.0,
      "Hedging Assets Current": 94803000000.0,
      "Inventory": 510958000000.0,
      "Other Receivables": null,
      "Taxes Receivable": 8042000000.0,
      "Accounts Receivable": 96407000000.0,
      "Cash Cash Equivalents And Short Term Investments": 1792940000000.0,
      "Other Short Term Investments": 899701000000.0,
      "Cash And Cash Equivalents": 893239000000.0
    },
    "2024-08-31T00:00:00": {
      "Treasury Shares Number": 11481781.0,
      "Ordinary Shares Number": 306739187.0,
      "Share Issued": 318220968.0,
      "Total Debt": 478062000000.0,
      "Tangible Book Value": 1915875000000.0,
      "Invested Capital": 2016535000000.0,
      "Working Capital": 1510881000000.0,
      "Net Tangible Assets": 1915875000000.0,
      "Capital Lease Obligations": 478062000000.0,
      "Common Stock Equity": 2016535000000.0,
      "Total Capitalization": 2016535000000.0,
      "Total Equity Gross Minority Interest": 2068253000000.0,
      "Minority Interest": 51718000000.0,
      "Stockholders Equity": 2016535000000.0,
      "Other Equity Interest": 225105000000.0,
      "Treasury Stock": 14628000000.0,
      "Retained Earnings": 1766073000000.0,
      "Additional Paid In Capital": 29712000000.0,
      "Capital Stock": 10273000000.0,
      "Common Stock": 10273000000.0,
      "Total Liabilities Net Minority Interest": 1519312000000.0,
      "Total Non Current Liabilities Net Minority Interest": 666922000000.0,
      "Other Non Current Liabilities": 2524000000.0,
      "Derivative Product Liabilities": 21385000000.0,
      "Non Current Deferred Revenue": null,
      "Non Current Deferred Taxes Liabilities": 31896000000.0,
      "Long Term Debt And Capital Lease Obligation": 347318000000.0,
      "Long Term Capital Lease Obligation": 347318000000.0,
      "Long Term Debt": null,
      "Long Term Provisions": 52652000000.0,
      "Current Liabilities": 852390000000.0,
      "Other Current Liabilities": 148205000000.0,
      "Current Deferred Taxes Liabilities": null,
      "Current Debt And Capital Lease Obligation": 130744000000.0,
      "Current Capital Lease Obligation": 130744000000.0,
      "Current Debt": null,
      "Current Provisions": 1774000000.0,
      "Payables": 454181000000.0,
      "Total Tax Payable": 65525000000.0,
      "Accounts Payable": 388656000000.0,
      "Total Assets": 3587565000000.0,
      "Total Non Current Assets": 1224294000000.0,
      "Other Non Current Assets": 5892000000.0,
      "Non Current Deferred Taxes Assets": 32432000000.0,
      "Financial Assets": 66995000000.0,
      "Investmentin Financial Assets": 336302000000.0,
      "Long Term Equity Investment": 19559000000.0,
      "Investmentsin Associatesat Cost": null,
      "Goodwill And Other Intangible Assets": 100660000000.0,
      "Other Intangible Assets": 92568000000.0,
      "Goodwill": 8092000000.0,
      "Net PPE": 662454000000.0,
      "Accumulated Depreciation": null,
      "Gross PPE": 662454000000.0,
      "Construction In Progress": null,
      "Other Properties": 662454000000.0,
      "Machinery Furniture Equipment": null,
      "Buildings And Improvements": null,
      "Land And Improvements": null,
      "Properties": null,
      "Current Assets": 2363271000000.0,
      "Other Current Assets": 26900000000.0,
      "Hedging Assets Current": 111658000000.0,
      "Inventory": 474460000000.0,
      "Other Receivables": null,
      "Taxes Receivable": 2210000000.0,
      "Accounts Receivable": 83929000000.0,
      "Cash Cash Equivalents And Short Term Investments": 1664114000000.0,
      "Other Short Term Investments": 470554000000.0,
      "Cash And Cash Equivalents": 1193560000000.0
    },
    "2023-08-31T00:00:00": {
      "Treasury Shares Number": 11552700.0,
      "Ordinary Shares Number": 306668268.0,
      "Share Issued": 318220968.0,
      "Total Debt": 465649000000.0,
      "Tangible Book Value": 1726013000000.0,
      "Invested Capital": 1821405000000.0,
      "Working Capital": 1447435000000.0,
      "Net Tangible Assets": 1726013000000.0,
      "Capital Lease Obligations": 465649000000.0,
      "Common Stock Equity": 1821405000000.0,
      "Total Capitalization": 1821405000000.0,
      "Total Equity Gross Minority Interest": 1873360000000.0,
      "Minority Interest": 51955000000.0,
      "Stockholders Equity": 1821405000000.0,
      "Other Equity Interest": 298967000000.0,
      "Treasury Stock": 14714000000.0,
      "Retained Earnings": 1498348000000.0,
      "Additional Paid In Capital": 28531000000.0,
      "Capital Stock": 10273000000.0,
      "Common Stock": 10273000000.0,
      "Total Liabilities Net Minority Interest": 1430334000000.0,
      "Total Non Current Liabilities Net Minority Interest": 701074000000.0,
      "Other Non Current Liabilities": 2012000000.0,
      "Derivative Product Liabilities": 1410000000.0,
      "Non Current Deferred Revenue": null,
      "Non Current Deferred Taxes Liabilities": 67039000000.0,
      "Long Term Debt And Capital Lease Obligation": 338657000000.0,
      "Long Term Capital Lease Obligation": 338657000000.0,
      "Long Term Debt": null,
      "Long Term Provisions": 50888000000.0,
      "Current Liabilities": 729260000000.0,
      "Other Current Liabilities": 129784000000.0,
      "Current Deferred Taxes Liabilities": null,
      "Current Debt And Capital Lease Obligation": 126992000000.0,
      "Current Capital Lease Obligation": 126992000000.0,
      "Current Debt": null,
      "Current Provisions": 2642000000.0,
      "Payables": 404329000000.0,
      "Total Tax Payable": 65428000000.0,
      "Accounts Payable": 338901000000.0,
      "Total Assets": 3303694000000.0,
      "Total Non Current Assets": 1126998000000.0,
      "Other Non Current Assets": 8850000000.0,
      "Non Current Deferred Taxes Assets": 38208000000.0,
      "Financial Assets": 114151000000.0,
      "Investmentin Financial Assets": 240363000000.0,
      "Long Term Equity Investment": 18974000000.0,
      "Investmentsin Associatesat Cost": null,
      "Goodwill And Other Intangible Assets": 95392000000.0,
      "Other Intangible Assets": 87300000000.0,
      "Goodwill": 8092000000.0,
      "Net PPE": 611060000000.0,
      "Accumulated Depreciation": null,
      "Gross PPE": 611060000000.0,
      "Construction In Progress": null,
      "Other Properties": 611060000000.0,
      "Machinery Furniture Equipment": null,
      "Buildings And Improvements": null,
      "Land And Improvements": null,
      "Properties": null,
      "Current Assets": 2176695000000.0,
      "Other Current Assets": 25375000000.0,
      "Hedging Assets Current": 132101000000.0,
      "Inventory": 449254000000.0,
      "Other Receivables": null,
      "Taxes Receivable": 23660000000.0,
      "Accounts Receivable": 66831000000.0,
      "Cash Cash Equivalents And Short Term Investments": 1479474000000.0,
      "Other Short Term Investments": 576194000000.0,
      "Cash And Cash Equivalents": 903280000000.0
    },
    "2022-08-31T00:00:00": {
      "Treasury Shares Number": 11651919.0,
      "Ordinary Shares Number": 306569049.0,
      "Share Issued": 318220968.0,
      "Total Debt": 480725000000.0,
      "Tangible Book Value": 1476939000000.0,
      "Invested Capital": 1561652000000.0,
      "Working Capital": 1302609000000.0,
      "Net Tangible Assets": 1476939000000.0,
      "Capital Lease Obligations": 480725000000.0,
      "Common Stock Equity": 1561652000000.0,
      "Total Capitalization": 1561652000000.0,
      "Total Equity Gross Minority Interest": 1615402000000.0,
      "Minority Interest": 53750000000.0,
      "Stockholders Equity": 1561652000000.0,
      "Other Equity Interest": 263256000000.0,
      "Treasury Stock": 14813000000.0,
      "Retained Earnings": 1275102000000.0,
      "Additional Paid In Capital": 27834000000.0,
      "Capital Stock": 10273000000.0,
      "Common Stock": 10273000000.0,
      "Total Liabilities Net Minority Interest": 1568360000000.0,
      "Total Non Current Liabilities Net Minority Interest": 692118000000.0,
      "Other Non Current Liabilities": 2174000000.0,
      "Derivative Product Liabilities": 44000000.0,
      "Non Current Deferred Revenue": 3385000000.0,
      "Non Current Deferred Taxes Liabilities": 44258000000.0,
      "Long Term Debt And Capital Lease Obligation": 356840000000.0,
      "Long Term Capital Lease Obligation": 356840000000.0,
      "Long Term Debt": 240000000000.0,
      "Long Term Provisions": 47780000000.0,
      "Current Liabilities": 876242000000.0,
      "Other Current Liabilities": 111521000000.0,
      "Current Deferred Taxes Liabilities": 77162000000.0,
      "Current Debt And Capital Lease Obligation": 123885000000.0,
      "Current Capital Lease Obligation": 123885000000.0,
      "Current Debt": 130000000000.0,
      "Current Provisions": 2581000000.0,
      "Payables": 427456000000.0,
      "Total Tax Payable": 77162000000.0,
      "Accounts Payable": 350294000000.0,
      "Total Assets": 3183762000000.0,
      "Total Non Current Assets": 1004911000000.0,
      "Other Non Current Assets": 3695000000.0,
      "Non Current Deferred Taxes Assets": 8506000000.0,
      "Financial Assets": 134240000000.0,
      "Investmentin Financial Assets": 164340000000.0,
      "Long Term Equity Investment": 18557000000.0,
      "Investmentsin Associatesat Cost": 18557000000.0,
      "Goodwill And Other Intangible Assets": 84713000000.0,
      "Other Intangible Assets": 76621000000.0,
      "Goodwill": 8092000000.0,
      "Net PPE": 590860000000.0,
      "Accumulated Depreciation": -16226000000.0,
      "Gross PPE": 590860000000.0,
      "Construction In Progress": 26000000.0,
      "Other Properties": 590860000000.0,
      "Machinery Furniture Equipment": 9446000000.0,
      "Buildings And Improvements": 30754000000.0,
      "Land And Improvements": 1123000000.0,
      "Properties": 0.0,
      "Current Assets": 2178851000000.0,
      "Other Current Assets": 23838000000.0,
      "Hedging Assets Current": 124551000000.0,
      "Inventory": 485928000000.0,
      "Other Receivables": 65664000000.0,
      "Taxes Receivable": 2612000000.0,
      "Accounts Receivable": 60184000000.0,
      "Cash Cash Equivalents And Short Term Investments": 1481738000000.0,
      "Other Short Term Investments": 123446000000.0,
      "Cash And Cash Equivalents": 1358292000000.0
    },
    "2021-08-31T00:00:00": {
      "Treasury Shares Number": null,
      "Ordinary Shares Number": null,
      "Share Issued": null,
      "Total Debt": null,
      "Tangible Book Value": null,
      "Invested Capital": null,
      "Working Capital": null,
      "Net Tangible Assets": null,
      "Capital Lease Obligations": null,
      "Common Stock Equity": null,
      "Total Capitalization": null,
      "Total Equity Gross Minority Interest": null,
      "Minority Interest": null,
      "Stockholders Equity": null,
      "Other Equity Interest": null,
      "Treasury Stock": null,
      "Retained Earnings": null,
      "Additional Paid In Capital": null,
      "Capital Stock": null,
      "Common Stock": null,
      "Total Liabilities Net Minority Interest": null,
      "Total Non Current Liabilities Net Minority Interest": null,
      "Other Non Current Liabilities": null,
      "Derivative Product Liabilities": null,
      "Non Current Deferred Revenue": 3395000000.0,
      "Non Current Deferred Taxes Liabilities": null,
      "Long Term Debt And Capital Lease Obligation": null,
      "Long Term Capital Lease Obligation": null,
      "Long Term Debt": 370000000000.0,
      "Long Term Provisions": null,
      "Current Liabilities": null,
      "Other Current Liabilities": null,
      "Current Deferred Taxes Liabilities": 38606000000.0,
      "Current Debt And Capital Lease Obligation": null,
      "Current Capital Lease Obligation": null,
      "Current Debt": 0.0,
      "Current Provisions": null,
      "Payables": null,
      "Total Tax Payable": null,
      "Accounts Payable": null,
      "Total Assets": null,
      "Total Non Current Assets": null,
      "Other Non Current Assets": null,
      "Non Current Deferred Taxes Assets": null,
      "Financial Assets": null,
      "Investmentin Financial Assets": null,
      "Long Term Equity Investment": null,
      "Investmentsin Associatesat Cost": 18236000000.0,
      "Goodwill And Other Intangible Assets": null,
      "Other Intangible Assets": null,
      "Goodwill": null,
      "Net PPE": null,
      "Accumulated Depreciation": -13997000000.0,
      "Gross PPE": null,
      "Construction In Progress": 5000000.0,
      "Other Properties": null,
      "Machinery Furniture Equipment": 3579000000.0,
      "Buildings And Improvements": 30762000000.0,
      "Land And Improvements": 1123000000.0,
      "Properties": 0.0,
      "Current Assets": null,
      "Other Current Assets": null,
      "Hedging Assets Current": null,
      "Inventory": null,
      "Other Receivables": 38039000000.0,
      "Taxes Receivable": null,
      "Accounts Receivable": null,
      "Cash Cash Equivalents And Short Term Investments": null,
      "Other Short Term Investments": null,
      "Cash And Cash Equivalents": null
    }
  },
  "cashflow": {
    "2025-08-31T00:00:00": {
      "Free Cash Flow": 401830000000.0,
      "Repayment Of Debt": -30226000000.0,
      "Issuance Of Debt": 566000000.0,
      "Capital Expenditure": -178788000000.0,
      "End Cash Position": 893239000000.0,
      "Other Cash Adjustment Outside Changein Cash": null,
      "Beginning Cash Position": 1193560000000.0,
      "Effect Of Exchange Rate Changes": 37122000000.0,
      "Changes In Cash": -337443000000.0,
      "Financing Cash Flow": -339139000000.0,
      "Net Other Financing Charges": 62000000.0,
      "Cash Dividends Paid": -142630000000.0,
      "Common Stock Dividend Paid": -142630000000.0,
      "Net Issuance Payments Of Debt": -29660000000.0,
      "Net Short Term Debt Issuance": 340000000.0,
      "Short Term Debt Payments": -226000000.0,
      "Short Term Debt Issuance": 566000000.0,
      "Net Long Term Debt Issuance": -30000000000.0,
      "Long Term Debt Payments": -30000000000.0,
      "Investing Cash Flow": -578922000000.0,
      "Net Other Investing Changes": 7649000000.0,
      "Net Investment Purchase And Sale": -394696000000.0,
      "Sale Of Investment": 1087639000000.0,
      "Purchase Of Investment": -1482335000000.0,
      "Net Business Purchase And Sale": -13087000000.0,
      "Purchase Of Business": -13087000000.0,
      "Net Intangibles Purchase And Sale": -27329000000.0,
      "Purchase Of Intangibles": -27329000000.0,
      "Net PPE Purchase And Sale": -151459000000.0,
      "Purchase Of PPE": -151459000000.0,
      "Operating Cash Flow": 580618000000.0,
      "Taxes Refund Paid": -200017000000.0,
      "Interest Received Cfo": 64625000000.0,
      "Interest Paid Cfo": -12869000000.0,
      "Change In Working Capital": -40724000000.0,
      "Change In Other Current Liabilities": 3852000000.0,
      "Change In Other Current Assets": -2479000000.0,
      "Change In Payable": 476000000.0,
      "Change In Inventory": -29855000000.0,
      "Change In Receivables": -12718000000.0,
      "Other Non Cash Items": -63874000000.0,
      "Depreciation And Amortization": 216492000000.0,
      "Depreciation": 216492000000.0,
      "Net Foreign Currency Exchange Gain Loss": -33826000000.0,
      "Gain Loss On Sale Of PPE": 1342000000.0,
      "Net Income From Continuing Operations": 650574000000.0
    },
    "2024-08-31T00:00:00": {
      "Free Cash Flow": 545518000000.0,
      "Repayment Of Debt": -4887000000.0,
      "Issuance Of Debt": 4835000000.0,
      "Capital Expenditure": -106003000000.0,
      "End Cash Position": 1193560000000.0,
      "Other Cash Adjustment Outside Changein Cash": null,
      "Beginning Cash Position": 903280000000.0,
      "Effect Of Exchange Rate Changes": -10007000000.0,
      "Changes In Cash": 300287000000.0,
      "Financing Cash Flow": -269003000000.0,
      "Net Other Financing Charges": 84000000.0,
      "Cash Dividends Paid": -104263000000.0,
      "Common Stock Dividend Paid": -104263000000.0,
      "Net Issuance Payments Of Debt": -52000000.0,
      "Net Short Term Debt Issuance": -52000000.0,
      "Short Term Debt Payments": -4887000000.0,
      "Short Term Debt Issuance": 4835000000.0,
      "Net Long Term Debt Issuance": 0.0,
      "Long Term Debt Payments": 0.0,
      "Investing Cash Flow": -82231000000.0,
      "Net Other Investing Changes": 365000000.0,
      "Net Investment Purchase And Sale": 23407000000.0,
      "Sale Of Investment": 864086000000.0,
      "Purchase Of Investment": -840679000000.0,
      "Net Business Purchase And Sale": 0.0,
      "Purchase Of Business": 0.0,
      "Net Intangibles Purchase And Sale": -30260000000.0,
      "Purchase Of Intangibles": -30260000000.0,
      "Net PPE Purchase And Sale": -75743000000.0,
      "Purchase Of PPE": -75743000000.0,
      "Operating Cash Flow": 651521000000.0,
      "Taxes Refund Paid": -133561000000.0,
      "Interest Received Cfo": 56454000000.0,
      "Interest Paid Cfo": -11099000000.0,
      "Change In Working Capital": 37030000000.0,
      "Change In Other Current Liabilities": 31520000000.0,
      "Change In Other Current Assets": -876000000.0,
      "Change In Payable": 47320000000.0,
      "Change In Inventory": -23540000000.0,
      "Change In Receivables": -17394000000.0,
      "Other Non Cash Items": -56551000000.0,
      "Depreciation And Amortization": 204388000000.0,
      "Depreciation": 204388000000.0,
      "Net Foreign Currency Exchange Gain Loss": -621000000.0,
      "Gain Loss On Sale Of PPE": 1397000000.0,
      "Net Income From Continuing Operations": 557201000000.0
    },
    "2023-08-31T00:00:00": {
      "Free Cash Flow": 366059000000.0,
      "Repayment Of Debt": -137314000000.0,
      "Issuance Of Debt": 6511000000.0,
      "Capital Expenditure": -97157000000.0,
      "End Cash Position": 903280000000.0,
      "Other Cash Adjustment Outside Changein Cash": 1000000.0,
      "Beginning Cash Position": 1358292000000.0,
      "Effect Of Exchange Rate Changes": 20735000000.0,
      "Changes In Cash": -475748000000.0,
      "Financing Cash Flow": -364562000000.0,
      "Net Other Financing Charges": 411000000.0,
      "Cash Dividends Paid": -73064000000.0,
      "Common Stock Dividend Paid": -73064000000.0,
      "Net Issuance Payments Of Debt": -130803000000.0,
      "Net Short Term Debt Issuance": -803000000.0,
      "Short Term Debt Payments": -7314000000.0,
      "Short Term Debt Issuance": 6511000000.0,
      "Net Long Term Debt Issuance": -130000000000.0,
      "Long Term Debt Payments": -130000000000.0,
      "Investing Cash Flow": -574402000000.0,
      "Net Other Investing Changes": -670000000.0,
      "Net Investment Purchase And Sale": -476575000000.0,
      "Sale Of Investment": 392544000000.0,
      "Purchase Of Investment": -869119000000.0,
      "Net Business Purchase And Sale": null,
      "Purchase Of Business": null,
      "Net Intangibles Purchase And Sale": -33542000000.0,
      "Purchase Of Intangibles": -33542000000.0,
      "Net PPE Purchase And Sale": -63615000000.0,
      "Purchase Of PPE": -63615000000.0,
      "Operating Cash Flow": 463216000000.0,
      "Taxes Refund Paid": -159875000000.0,
      "Interest Received Cfo": 22613000000.0,
      "Interest Paid Cfo": -9861000000.0,
      "Change In Working Capital": 28118000000.0,
      "Change In Other Current Liabilities": -3700000000.0,
      "Change In Other Current Assets": 8354000000.0,
      "Change In Payable": -15909000000.0,
      "Change In Inventory": 46908000000.0,
      "Change In Receivables": -7535000000.0,
      "Other Non Cash Items": -20922000000.0,
      "Depreciation And Amortization": 186872000000.0,
      "Depreciation": 186872000000.0,
      "Net Foreign Currency Exchange Gain Loss": -25385000000.0,
      "Gain Loss On Sale Of PPE": 917000000.0,
      "Net Income From Continuing Operations": 437918000000.0
    },
    "2022-08-31T00:00:00": {
      "Free Cash Flow": 350415000000.0,
      "Repayment Of Debt": -26210000000.0,
      "Issuance Of Debt": 14059000000.0,
      "Capital Expenditure": -80402000000.0,
      "End Cash Position": 1358292000000.0,
      "Other Cash Adjustment Outside Changein Cash": null,
      "Beginning Cash Position": 1177736000000.0,
      "Effect Of Exchange Rate Changes": 175015000000.0,
      "Changes In Cash": 5541000000.0,
      "Financing Cash Flow": -213050000000.0,
      "Net Other Financing Charges": 704000000.0,
      "Cash Dividends Paid": -53091000000.0,
      "Common Stock Dividend Paid": -53091000000.0,
      "Net Issuance Payments Of Debt": -12151000000.0,
      "Net Short Term Debt Issuance": -12151000000.0,
      "Short Term Debt Payments": -26210000000.0,
      "Short Term Debt Issuance": 14059000000.0,
      "Net Long Term Debt Issuance": 0.0,
      "Long Term Debt Payments": 0.0,
      "Investing Cash Flow": -212226000000.0,
      "Net Other Investing Changes": 2440000000.0,
      "Net Investment Purchase And Sale": -134264000000.0,
      "Sale Of Investment": 126774000000.0,
      "Purchase Of Investment": -261038000000.0,
      "Net Business Purchase And Sale": 0.0,
      "Purchase Of Business": 0.0,
      "Net Intangibles Purchase And Sale": -28335000000.0,
      "Purchase Of Intangibles": -28335000000.0,
      "Net PPE Purchase And Sale": -52067000000.0,
      "Purchase Of PPE": -52067000000.0,
      "Operating Cash Flow": 430817000000.0,
      "Taxes Refund Paid": -88156000000.0,
      "Interest Received Cfo": 8520000000.0,
      "Interest Paid Cfo": -7557000000.0,
      "Change In Working Capital": 44397000000.0,
      "Change In Other Current Liabilities": -9531000000.0,
      "Change In Other Current Assets": -7125000000.0,
      "Change In Payable": 114600000000.0,
      "Change In Inventory": -50896000000.0,
      "Change In Receivables": -2651000000.0,
      "Other Non Cash Items": -29146000000.0,
      "Depreciation And Amortization": 180275000000.0,
      "Depreciation": 180275000000.0,
      "Net Foreign Currency Exchange Gain Loss": -114324000000.0,
      "Gain Loss On Sale Of PPE": 1136000000.0,
      "Net Income From Continuing Operations": 413584000000.0
    },
    "2021-08-31T00:00:00": {
      "Free Cash Flow": null,
      "Repayment Of Debt": null,
      "Issuance Of Debt": null,
      "Capital Expenditure": null,
      "End Cash Position": null,
      "Other Cash Adjustment Outside Changein Cash": 1000000.0,
      "Beginning Cash Position": null,
      "Effect Of Exchange Rate Changes": null,
      "Changes In Cash": null,
      "Financing Cash Flow": null,
      "Net Other Financing Charges": null,
      "Cash Dividends Paid": null,
      "Common Stock Dividend Paid": null,
      "Net Issuance Payments Of Debt": null,
      "Net Short Term Debt Issuance": null,
      "Short Term Debt Payments": null,
      "Short Term Debt Issuance": null,
      "Net Long Term Debt Issuance": null,
      "Long Term Debt Payments": null,
      "Investing Cash Flow": null,
      "Net Other Investing Changes": null,
      "Net Investment Purchase And Sale": null,
      "Sale Of Investment": null,
      "Purchase Of Investment": null,
      "Net Business Purchase And Sale": -4232000000.0,
      "Purchase Of Business": -4232000000.0,
      "Net Intangibles Purchase And Sale": null,
      "Purchase Of Intangibles": null,
      "Net PPE Purchase And Sale": null,
      "Purchase Of PPE": null,
      "Operating Cash Flow": null,
      "Taxes Refund Paid": null,
      "Interest Received Cfo": null,
      "Interest Paid Cfo": null,
      "Change In Working Capital": null,
      "Change In Other Current Liabilities": null,
      "Change In Other Current Assets": null,
      "Change In Payable": null,
      "Change In Inventory": null,
      "Change In Receivables": null,
      "Other Non Cash Items": null,
      "Depreciation And Amortization": null,
      "Depreciation": null,
      "Net Foreign Currency Exchange Gain Loss": null,
      "Gain Loss On Sale Of PPE": null,
      "Net Income From Continuing Operations": null
    }
  },
  "earnings_estimate": {
    "avg": {
      "0q": 304.77448,
      "+1q": 361.2425,
      "0y": 1503.6691,
      "+1y": 1656.199
    },
    "low": {
      "0q": 275.62,
      "+1q": 342.26,
      "0y": 1373.6,
      "+1y": 1507.2
    },
    "high": {
      "0q": 333.92892,
      "+1q": 380.22495,
      "0y": 1578.3995,
      "+1y": 1767.8113
    },
    "yearAgoEps": {
      "0q": 331.19,
      "+1q": 343.98,
      "0y": 1411.44,
      "+1y": 1503.6691
    },
    "numberOfAnalysts": {
      "0q": 2,
      "+1q": 2,
      "0y": 14,
      "+1y": 14
    },
    "growth": {
      "0q": -0.0798,
      "+1q": 0.0502,
      "0y": 0.0653,
      "+1y": 0.1014
    }
  },
  "revenue_estimate": {
    "avg": {
      "0q": 983805404860,
      "+1q": 917135268860,
      "0y": 3790861922140,
      "+1y": 4115133051930
    },
    "low": {
      "0q": 955800000000,
      "+1q": 896763350000,
      "0y": 3629300000000,
      "+1y": 3855300000000
    },
    "high": {
      "0q": 1008255000000,
      "+1q": 960000000000,
      "0y": 3900000000000,
      "+1y": 4340000000000
    },
    "numberOfAnalysts": {
      "0q": 7,
      "+1q": 7,
      "0y": 14,
      "+1y": 14
    },
    "yearAgoRevenue": {
      "0q": 895006000000,
      "+1q": 826510000000,
      "0y": 505053000000,
      "+1y": 3790861922140
    },
    "growth": {
      "0q": 0.0992,
      "+1q": 0.1096,
      "0y": 6.5059004,
      "+1y": 0.0855
    }
  },
  "growth_estimates": {
    "stockTrend": {
      "0q": null,
      "+1q": null,
      "0y": null,
      "+1y": null,
      "LTG": null
    },
    "indexTrend": {
      "0q": 0.1273,
      "+1q": 0.103599995,
      "0y": 0.14310001,
      "+1y": 0.1557,
      "LTG": 0.122
    }
  },
  "revenue_forecasts": null,
  "dividend_rate": 540.0,
  "trailing_dividend_rate": 500.0
}