{
  "ticker": "ABBV",
  "name": "AbbVie",
  "country": "usa",
  "currency": "USD",
  "last_fetched": "2026-02-26T20:45:31.704165",
  "market_cap": 398483423232,
  "revenue": 61160001536,
  "net_income": 4185999872,
  "pe_ratio": 95.49365,
  "forward_pe": 13.986629,
  "dividend_yield": 2.97,
  "profit_margin": 0.0691,
  "roe": 62.25,
  "debt_to_equity": null,
  "beta": 0.334,
  "ev_to_ebitda": 15.875,
  "sector": "Healthcare",
  "industry": "Drug Manufacturers - General",
  "summary": "AbbVie Inc., a research-based biopharmaceutical company, engages in the research and development, manufacturing, commercializing, and sale of medicines and therapies worldwide. The company offers Skyrizi to treat autoimmune diseases; Rinvoq to treat inflammatory diseases; Imbruvica for the treatment of adult patients with blood cancers; Venclexta to treat blood cancers; Elahere to treat various cancer; and Epkinly to treat lymphoma; and Emrelis for the treatment of lung cancer. It also provides facial injectables, plastics and regenerative medicine, body contouring, and skincare products; botox Cosmetic for the treatment of glabellar lines, crow's feet, forehead lines, and platysma bands; Juvederm Collection to treat volume loss in the temples, undereye, cheeks, chin, lips and lower face; Vraylar to treat schizophrenia, bipolar disorder, and depressive disorder; Duodopa to treat Parkinson's disease; Ubrelvy to treat migraine; Qulipta for episodic and chronic migraine; and Vyalev for the treatment of motor fluctuations, as well as Botox Therapeutic to treat chronic migraine, overactive bladder, spasticity, cervical dystonia, and other conditions. In addition, the company offers Ozurdex for visual impairment; Lumigan/Ganfort and Alphagan/Combigan for the reduction of elevated intraocular pressure in patients with open angle glaucoma or ocular hypertension; and other eye care products, including Refresh/Optive, Xen, Durysta, and Restasis. Further, it provides Mavyret to treat chronic hepatitis C virus genotype 1-6 infection; Creon, a pancreatic enzyme therapy; and Linzess/Constella to treat irritable bowel syndrome with constipation and chronic idiopathic constipation. The company was incorporated in 2012 and is headquartered in North Chicago, Illinois.",
  "website": "https://www.abbvie.com",
  "employees": 57000,
  "target_high": 299.0,
  "target_low": 184.0,
  "target_mean": 248.68967,
  "target_median": 250.0,
  "recommendation": "buy",
  "num_analysts": 29,
  "income_stmt": {
    "2025-12-31T00:00:00": {
      "Tax Effect Of Unusual Items": null,
      "Tax Rate For Calcs": null,
      "Normalized EBITDA": null,
      "Total Unusual Items": null,
      "Total Unusual Items Excluding Goodwill": null,
      "Net Income From Continuing Operation Net Minority Interest": null,
      "Reconciled Depreciation": null,
      "Reconciled Cost Of Revenue": null,
      "EBITDA": null,
      "EBIT": null,
      "Net Interest Income": null,
      "Interest Expense": null,
      "Interest Income": null,
      "Normalized Income": null,
      "Net Income From Continuing And Discontinued Operation": null,
      "Total Expenses": null,
      "Total Operating Income As Reported": null,
      "Diluted Average Shares": 1773000000.0,
      "Basic Average Shares": 1767384632.0,
      "Diluted EPS": 2.36,
      "Basic EPS": 2.391104,
      "Diluted NI Availto Com Stockholders": null,
      "Net Income Common Stockholders": null,
      "Otherunder Preferred Stock Dividend": null,
      "Net Income": null,
      "Minority Interests": null,
      "Net Income Including Noncontrolling Interests": null,
      "Net Income Continuous Operations": null,
      "Tax Provision": null,
      "Pretax Income": null,
      "Other Income Expense": null,
      "Other Non Operating Income Expenses": null,
      "Special Income Charges": null,
      "Other Special Charges": null,
      "Gain On Sale Of Security": null,
      "Net Non Operating Interest Income Expense": null,
      "Interest Expense Non Operating": null,
      "Interest Income Non Operating": null,
      "Operating Income": null,
      "Operating Expense": null,
      "Other Operating Expenses": null,
      "Research And Development": null,
      "Selling General And Administration": null,
      "Gross Profit": null,
      "Cost Of Revenue": null,
      "Total Revenue": null,
      "Operating Revenue": null
    },
    "2024-12-31T00:00:00": {
      "Tax Effect Of Unusual Items": -583380000.0,
      "Tax Rate For Calcs": 0.21,
      "Normalized EBITDA": 17688000000.0,
      "Total Unusual Items": -2778000000.0,
      "Total Unusual Items Excluding Goodwill": -2778000000.0,
      "Net Income From Continuing Operation Net Minority Interest": 4278000000.0,
      "Reconciled Depreciation": 8386000000.0,
      "Reconciled Cost Of Revenue": 16904000000.0,
      "EBITDA": 14910000000.0,
      "EBIT": 6524000000.0,
      "Net Interest Income": -2160000000.0,
      "Interest Expense": 2808000000.0,
      "Interest Income": 648000000.0,
      "Normalized Income": 6472620000.0,
      "Net Income From Continuing And Discontinued Operation": 4278000000.0,
      "Total Expenses": 44440000000.0,
      "Total Operating Income As Reported": 9137000000.0,
      "Diluted Average Shares": 1773000000.0,
      "Basic Average Shares": 1765256986.0,
      "Diluted EPS": 2.39,
      "Basic EPS": 2.423443,
      "Diluted NI Availto Com Stockholders": 4238000000.0,
      "Net Income Common Stockholders": 4238000000.0,
      "Otherunder Preferred Stock Dividend": 40000000.0,
      "Net Income": 4278000000.0,
      "Minority Interests": -8000000.0,
      "Net Income Including Noncontrolling Interests": 4286000000.0,
      "Net Income Continuous Operations": 4286000000.0,
      "Tax Provision": -570000000.0,
      "Pretax Income": 3716000000.0,
      "Other Income Expense": -6018000000.0,
      "Other Non Operating Income Expenses": -3240000000.0,
      "Special Income Charges": -2757000000.0,
      "Other Special Charges": 2757000000.0,
      "Gain On Sale Of Security": -21000000.0,
      "Net Non Operating Interest Income Expense": -2160000000.0,
      "Interest Expense Non Operating": 2808000000.0,
      "Interest Income Non Operating": 648000000.0,
      "Operating Income": 11894000000.0,
      "Operating Expense": 27536000000.0,
      "Other Operating Expenses": -7000000.0,
      "Research And Development": 12791000000.0,
      "Selling General And Administration": 14752000000.0,
      "Gross Profit": 39430000000.0,
      "Cost Of Revenue": 16904000000.0,
      "Total Revenue": 56334000000.0,
      "Operating Revenue": 56334000000.0
    },
    "2023-12-31T00:00:00": {
      "Tax Effect Of Unusual Items": -203280000.0,
      "Tax Rate For Calcs": 0.22,
      "Normalized EBITDA": 18096000000.0,
      "Total Unusual Items": -924000000.0,
      "Total Unusual Items Excluding Goodwill": -924000000.0,
      "Net Income From Continuing Operation Net Minority Interest": 4863000000.0,
      "Reconciled Depreciation": 8698000000.0,
      "Reconciled Cost Of Revenue": 20415000000.0,
      "EBITDA": 17172000000.0,
      "EBIT": 8474000000.0,
      "Net Interest Income": -1684000000.0,
      "Interest Expense": 2224000000.0,
      "Interest Income": 540000000.0,
      "Normalized Income": 5583720000.0,
      "Net Income From Continuing And Discontinued Operation": 4863000000.0,
      "Total Expenses": 40783000000.0,
      "Total Operating Income As Reported": 12757000000.0,
      "Diluted Average Shares": 1773000000.0,
      "Basic Average Shares": 1765940733.0,
      "Diluted EPS": 2.72,
      "Basic EPS": 2.753773,
      "Diluted NI Availto Com Stockholders": 4820000000.0,
      "Net Income Common Stockholders": 4820000000.0,
      "Otherunder Preferred Stock Dividend": 43000000.0,
      "Net Income": 4863000000.0,
      "Minority Interests": -10000000.0,
      "Net Income Including Noncontrolling Interests": 4873000000.0,
      "Net Income Continuous Operations": 4873000000.0,
      "Tax Provision": 1377000000.0,
      "Pretax Income": 6250000000.0,
      "Other Income Expense": -5601000000.0,
      "Other Non Operating Income Expenses": -4677000000.0,
      "Special Income Charges": -778000000.0,
      "Other Special Charges": 778000000.0,
      "Gain On Sale Of Security": -146000000.0,
      "Net Non Operating Interest Income Expense": -1684000000.0,
      "Interest Expense Non Operating": 2224000000.0,
      "Interest Income Non Operating": 540000000.0,
      "Operating Income": 13535000000.0,
      "Operating Expense": 20368000000.0,
      "Other Operating Expenses": -179000000.0,
      "Research And Development": 7675000000.0,
      "Selling General And Administration": 12872000000.0,
      "Gross Profit": 33903000000.0,
      "Cost Of Revenue": 20415000000.0,
      "Total Revenue": 54318000000.0,
      "Operating Revenue": 54318000000.0
    },
    "2022-12-31T00:00:00": {
      "Tax Effect Of Unusual Items": -102245000.0,
      "Tax Rate For Calcs": 0.121,
      "Normalized EBITDA": 25019000000.0,
      "Total Unusual Items": -845000000.0,
      "Total Unusual Items Excluding Goodwill": -845000000.0,
      "Net Income From Continuing Operation Net Minority Interest": 11836000000.0,
      "Reconciled Depreciation": 8467000000.0,
      "Reconciled Cost Of Revenue": 17414000000.0,
      "EBITDA": 24174000000.0,
      "EBIT": 15707000000.0,
      "Net Interest Income": -2044000000.0,
      "Interest Expense": 2230000000.0,
      "Interest Income": 186000000.0,
      "Normalized Income": 12578755000.0,
      "Net Income From Continuing And Discontinued Operation": 11836000000.0,
      "Total Expenses": 39240000000.0,
      "Total Operating Income As Reported": 18117000000.0,
      "Diluted Average Shares": 1778000000.0,
      "Basic Average Shares": 1769181294.0,
      "Diluted EPS": 6.63,
      "Basic EPS": 6.6901,
      "Diluted NI Availto Com Stockholders": 11782000000.0,
      "Net Income Common Stockholders": 11782000000.0,
      "Otherunder Preferred Stock Dividend": 54000000.0,
      "Net Income": 11836000000.0,
      "Minority Interests": -9000000.0,
      "Net Income Including Noncontrolling Interests": 11845000000.0,
      "Net Income Continuous Operations": 11845000000.0,
      "Tax Provision": 1632000000.0,
      "Pretax Income": 13477000000.0,
      "Other Income Expense": -3293000000.0,
      "Other Non Operating Income Expenses": -2448000000.0,
      "Special Income Charges": -697000000.0,
      "Other Special Charges": 697000000.0,
      "Gain On Sale Of Security": -148000000.0,
      "Net Non Operating Interest Income Expense": -2044000000.0,
      "Interest Expense Non Operating": 2230000000.0,
      "Interest Income Non Operating": 186000000.0,
      "Operating Income": 18814000000.0,
      "Operating Expense": 21826000000.0,
      "Other Operating Expenses": 56000000.0,
      "Research And Development": 6510000000.0,
      "Selling General And Administration": 15260000000.0,
      "Gross Profit": 40640000000.0,
      "Cost Of Revenue": 17414000000.0,
      "Total Revenue": 58054000000.0,
      "Operating Revenue": 58054000000.0
    },
    "2021-12-31T00:00:00": {
      "Tax Effect Of Unusual Items": -5661000.0,
      "Tax Rate For Calcs": 0.111,
      "Normalized EBITDA": 23984000000.0,
      "Total Unusual Items": -51000000.0,
      "Total Unusual Items Excluding Goodwill": -51000000.0,
      "Net Income From Continuing Operation Net Minority Interest": 11542000000.0,
      "Reconciled Depreciation": 8521000000.0,
      "Reconciled Cost Of Revenue": 17446000000.0,
      "EBITDA": 23933000000.0,
      "EBIT": 15412000000.0,
      "Net Interest Income": -2384000000.0,
      "Interest Expense": 2423000000.0,
      "Interest Income": 39000000.0,
      "Normalized Income": 11587339000.0,
      "Net Income From Continuing And Discontinued Operation": 11542000000.0,
      "Total Expenses": 38273000000.0,
      "Total Operating Income As Reported": 17924000000.0,
      "Diluted Average Shares": null,
      "Basic Average Shares": null,
      "Diluted EPS": null,
      "Basic EPS": null,
      "Diluted NI Availto Com Stockholders": 11468000000.0,
      "Net Income Common Stockholders": 11468000000.0,
      "Otherunder Preferred Stock Dividend": 74000000.0,
      "Net Income": 11542000000.0,
      "Minority Interests": -7000000.0,
      "Net Income Including Noncontrolling Interests": 11549000000.0,
      "Net Income Continuous Operations": 11549000000.0,
      "Tax Provision": 1440000000.0,
      "Pretax Income": 12989000000.0,
      "Other Income Expense": -2551000000.0,
      "Other Non Operating Income Expenses": -2500000000.0,
      "Special Income Charges": -1124000000.0,
      "Other Special Charges": 1124000000.0,
      "Gain On Sale Of Security": -51000000.0,
      "Net Non Operating Interest Income Expense": -2384000000.0,
      "Interest Expense Non Operating": 2423000000.0,
      "Interest Income Non Operating": 39000000.0,
      "Operating Income": 17924000000.0,
      "Operating Expense": 20827000000.0,
      "Other Operating Expenses": 432000000.0,
      "Research And Development": 8046000000.0,
      "Selling General And Administration": 12349000000.0,
      "Gross Profit": 38751000000.0,
      "Cost Of Revenue": 17446000000.0,
      "Total Revenue": 56197000000.0,
      "Operating Revenue": 56197000000.0
    }
  },
  "quarterly_income": {
    "2025-12-31T00:00:00": {
      "Tax Effect Of Unusual Items": null,
      "Tax Rate For Calcs": null,
      "Normalized EBITDA": null,
      "Total Unusual Items": null,
      "Total Unusual Items Excluding Goodwill": null,
      "Net Income From Continuing Operation Net Minority Interest": null,
      "Reconciled Depreciation": null,
      "Reconciled Cost Of Revenue": null,
      "EBITDA": null,
      "EBIT": null,
      "Net Interest Income": null,
      "Interest Expense": null,
      "Interest Income": null,
      "Normalized Income": null,
      "Net Income From Continuing And Discontinued Operation": null,
      "Total Expenses": null,
      "Total Operating Income As Reported": null,
      "Diluted Average Shares": 1774000000.0,
      "Basic Average Shares": 1767384632.0,
      "Diluted EPS": 1.02,
      "Basic EPS": 1.027507,
      "Diluted NI Availto Com Stockholders": null,
      "Net Income Common Stockholders": null,
      "Otherunder Preferred Stock Dividend": null,
      "Net Income": null,
      "Minority Interests": null,
      "Net Income Including Noncontrolling Interests": null,
      "Net Income Continuous Operations": null,
      "Tax Provision": null,
      "Pretax Income": null,
      "Other Income Expense": null,
      "Other Non Operating Income Expenses": null,
      "Special Income Charges": null,
      "Other Special Charges": null,
      "Restructuring And Mergern Acquisition": null,
      "Gain On Sale Of Security": null,
      "Net Non Operating Interest Income Expense": null,
      "Interest Expense Non Operating": null,
      "Interest Income Non Operating": null,
      "Operating Income": null,
      "Operating Expense": null,
      "Other Operating Expenses": null,
      "Research And Development": null,
      "Selling General And Administration": null,
      "Gross Profit": null,
      "Cost Of Revenue": null,
      "Total Revenue": null,
      "Operating Revenue": null
    },
    "2025-09-30T00:00:00": {
      "Tax Effect Of Unusual Items": -567000000.0,
      "Tax Rate For Calcs": 0.21,
      "Normalized EBITDA": 6216000000.0,
      "Total Unusual Items": -2700000000.0,
      "Total Unusual Items Excluding Goodwill": -2700000000.0,
      "Net Income From Continuing Operation Net Minority Interest": 186000000.0,
      "Reconciled Depreciation": 2063000000.0,
      "Reconciled Cost Of Revenue": 5304000000.0,
      "EBITDA": 3516000000.0,
      "EBIT": 1453000000.0,
      "Net Interest Income": -667000000.0,
      "Interest Expense": 739000000.0,
      "Interest Income": 72000000.0,
      "Normalized Income": 2319000000.0,
      "Net Income From Continuing And Discontinued Operation": 186000000.0,
      "Total Expenses": 11192000000.0,
      "Total Operating Income As Reported": 1904000000.0,
      "Diluted Average Shares": 1772000000.0,
      "Basic Average Shares": 1767349878.0,
      "Diluted EPS": 0.1,
      "Basic EPS": 0.105242,
      "Diluted NI Availto Com Stockholders": 176000000.0,
      "Net Income Common Stockholders": 176000000.0,
      "Otherunder Preferred Stock Dividend": 10000000.0,
      "Net Income": 186000000.0,
      "Minority Interests": -2000000.0,
      "Net Income Including Noncontrolling Interests": 188000000.0,
      "Net Income Continuous Operations": 188000000.0,
      "Tax Provision": 526000000.0,
      "Pretax Income": 714000000.0,
      "Other Income Expense": -3203000000.0,
      "Other Non Operating Income Expenses": -503000000.0,
      "Special Income Charges": -2680000000.0,
      "Other Special Charges": 2680000000.0,
      "Restructuring And Mergern Acquisition": null,
      "Gain On Sale Of Security": -20000000.0,
      "Net Non Operating Interest Income Expense": -667000000.0,
      "Interest Expense Non Operating": 739000000.0,
      "Interest Income Non Operating": 72000000.0,
      "Operating Income": 4584000000.0,
      "Operating Expense": 5888000000.0,
      "Other Operating Expenses": null,
      "Research And Development": 2319000000.0,
      "Selling General And Administration": 3569000000.0,
      "Gross Profit": 10472000000.0,
      "Cost Of Revenue": 5304000000.0,
      "Total Revenue": 15776000000.0,
      "Operating Revenue": 15776000000.0
    },
    "2025-06-30T00:00:00": {
      "Tax Effect Of Unusual Items": -333718146.718147,
      "Tax Rate For Calcs": 0.394466,
      "Normalized EBITDA": 5190000000.0,
      "Total Unusual Items": -846000000.0,
      "Total Unusual Items Excluding Goodwill": -846000000.0,
      "Net Income From Continuing Operation Net Minority Interest": 938000000.0,
      "Reconciled Depreciation": 2050000000.0,
      "Reconciled Cost Of Revenue": 4346000000.0,
      "EBITDA": 4344000000.0,
      "EBIT": 2294000000.0,
      "Net Interest Income": -678000000.0,
      "Interest Expense": 740000000.0,
      "Interest Income": 62000000.0,
      "Normalized Income": 1450281853.281853,
      "Net Income From Continuing And Discontinued Operation": 938000000.0,
      "Total Expenses": 9706000000.0,
      "Total Operating Income As Reported": 4894000000.0,
      "Diluted Average Shares": 1771000000.0,
      "Basic Average Shares": 1766461114.0,
      "Diluted EPS": 0.52,
      "Basic EPS": 0.531005,
      "Diluted NI Availto Com Stockholders": 928000000.0,
      "Net Income Common Stockholders": 928000000.0,
      "Otherunder Preferred Stock Dividend": 10000000.0,
      "Net Income": 938000000.0,
      "Minority Interests": -3000000.0,
      "Net Income Including Noncontrolling Interests": 941000000.0,
      "Net Income Continuous Operations": 941000000.0,
      "Tax Provision": 613000000.0,
      "Pretax Income": 1554000000.0,
      "Other Income Expense": -3485000000.0,
      "Other Non Operating Income Expenses": -2639000000.0,
      "Special Income Charges": -823000000.0,
      "Other Special Charges": 823000000.0,
      "Restructuring And Mergern Acquisition": null,
      "Gain On Sale Of Security": -23000000.0,
      "Net Non Operating Interest Income Expense": -678000000.0,
      "Interest Expense Non Operating": 740000000.0,
      "Interest Income Non Operating": 62000000.0,
      "Operating Income": 5717000000.0,
      "Operating Expense": 5360000000.0,
      "Other Operating Expenses": -24000000.0,
      "Research And Development": 2131000000.0,
      "Selling General And Administration": 3253000000.0,
      "Gross Profit": 11077000000.0,
      "Cost Of Revenue": 4346000000.0,
      "Total Revenue": 15423000000.0,
      "Operating Revenue": 15423000000.0
    },
    "2025-03-31T00:00:00": {
      "Tax Effect Of Unusual Items": -55440000.0,
      "Tax Rate For Calcs": 0.22,
      "Normalized EBITDA": 4652000000.0,
      "Total Unusual Items": -252000000.0,
      "Total Unusual Items Excluding Goodwill": -252000000.0,
      "Net Income From Continuing Operation Net Minority Interest": 1286000000.0,
      "Reconciled Depreciation": 2039000000.0,
      "Reconciled Cost Of Revenue": 4002000000.0,
      "EBITDA": 4400000000.0,
      "EBIT": 2361000000.0,
      "Net Interest Income": -627000000.0,
      "Interest Expense": 700000000.0,
      "Interest Income": 73000000.0,
      "Normalized Income": 1482560000.0,
      "Net Income From Continuing And Discontinued Operation": 1286000000.0,
      "Total Expenses": 9362000000.0,
      "Total Operating Income As Reported": 3733000000.0,
      "Diluted Average Shares": 1772000000.0,
      "Basic Average Shares": 1766288379.0,
      "Diluted EPS": 0.72,
      "Basic EPS": 0.72808,
      "Diluted NI Availto Com Stockholders": 1276000000.0,
      "Net Income Common Stockholders": 1276000000.0,
      "Otherunder Preferred Stock Dividend": 10000000.0,
      "Net Income": 1286000000.0,
      "Minority Interests": -3000000.0,
      "Net Income Including Noncontrolling Interests": 1289000000.0,
      "Net Income Continuous Operations": 1289000000.0,
      "Tax Provision": 372000000.0,
      "Pretax Income": 1661000000.0,
      "Other Income Expense": -1693000000.0,
      "Other Non Operating Income Expenses": -1441000000.0,
      "Special Income Charges": -248000000.0,
      "Other Special Charges": 248000000.0,
      "Restructuring And Mergern Acquisition": null,
      "Gain On Sale Of Security": -4000000.0,
      "Net Non Operating Interest Income Expense": -627000000.0,
      "Interest Expense Non Operating": 700000000.0,
      "Interest Income Non Operating": 73000000.0,
      "Operating Income": 3981000000.0,
      "Operating Expense": 5360000000.0,
      "Other Operating Expenses": null,
      "Research And Development": 2067000000.0,
      "Selling General And Administration": 3293000000.0,
      "Gross Profit": 9341000000.0,
      "Cost Of Revenue": 4002000000.0,
      "Total Revenue": 13343000000.0,
      "Operating Revenue": 13343000000.0
    },
    "2024-12-31T00:00:00": {
      "Tax Effect Of Unusual Items": -334530000.0,
      "Tax Rate For Calcs": 0.21,
      "Normalized EBITDA": 2128000000.0,
      "Total Unusual Items": -1593000000.0,
      "Total Unusual Items Excluding Goodwill": -1593000000.0,
      "Net Income From Continuing Operation Net Minority Interest": -22000000.0,
      "Reconciled Depreciation": 2102000000.0,
      "Reconciled Cost Of Revenue": 4396000000.0,
      "EBITDA": 535000000.0,
      "EBIT": -1567000000.0,
      "Net Interest Income": -610000000.0,
      "Interest Expense": 702000000.0,
      "Interest Income": 92000000.0,
      "Normalized Income": 1236470000.0,
      "Net Income From Continuing And Discontinued Operation": -22000000.0,
      "Total Expenses": 15018000000.0,
      "Total Operating Income As Reported": -1490000000.0,
      "Diluted Average Shares": 1769000000.0,
      "Basic Average Shares": 1765256986.0,
      "Diluted EPS": -0.02,
      "Basic EPS": -0.012463,
      "Diluted NI Availto Com Stockholders": -32000000.0,
      "Net Income Common Stockholders": -32000000.0,
      "Otherunder Preferred Stock Dividend": 10000000.0,
      "Net Income": -22000000.0,
      "Minority Interests": 1000000.0,
      "Net Income Including Noncontrolling Interests": -23000000.0,
      "Net Income Continuous Operations": -23000000.0,
      "Tax Provision": -2246000000.0,
      "Pretax Income": -2269000000.0,
      "Other Income Expense": -1743000000.0,
      "Other Non Operating Income Expenses": -150000000.0,
      "Special Income Charges": -1574000000.0,
      "Other Special Charges": 1574000000.0,
      "Restructuring And Mergern Acquisition": null,
      "Gain On Sale Of Security": -19000000.0,
      "Net Non Operating Interest Income Expense": -610000000.0,
      "Interest Expense Non Operating": 702000000.0,
      "Interest Income Non Operating": 92000000.0,
      "Operating Income": 84000000.0,
      "Operating Expense": 10622000000.0,
      "Other Operating Expenses": null,
      "Research And Development": 6774000000.0,
      "Selling General And Administration": 3855000000.0,
      "Gross Profit": 10706000000.0,
      "Cost Of Revenue": 4396000000.0,
      "Total Revenue": 15102000000.0,
      "Operating Revenue": 15102000000.0
    },
    "2024-09-30T00:00:00": {
      "Tax Effect Of Unusual Items": -19712092.130518,
      "Tax Rate For Calcs": 0.24952,
      "Normalized EBITDA": 4962000000.0,
      "Total Unusual Items": -79000000.0,
      "Total Unusual Items Excluding Goodwill": -79000000.0,
      "Net Income From Continuing Operation Net Minority Interest": 1561000000.0,
      "Reconciled Depreciation": 2079000000.0,
      "Reconciled Cost Of Revenue": 4212000000.0,
      "EBITDA": 4883000000.0,
      "EBIT": 2804000000.0,
      "Net Interest Income": -591000000.0,
      "Interest Expense": 720000000.0,
      "Interest Income": 129000000.0,
      "Normalized Income": 1620287907.869482,
      "Net Income From Continuing And Discontinued Operation": 1561000000.0,
      "Total Expenses": 10547000000.0,
      "Total Operating Income As Reported": 3831000000.0,
      "Diluted Average Shares": null,
      "Basic Average Shares": null,
      "Diluted EPS": null,
      "Basic EPS": null,
      "Diluted NI Availto Com Stockholders": 1551000000.0,
      "Net Income Common Stockholders": 1551000000.0,
      "Otherunder Preferred Stock Dividend": 10000000.0,
      "Net Income": 1561000000.0,
      "Minority Interests": -3000000.0,
      "Net Income Including Noncontrolling Interests": 1564000000.0,
      "Net Income Continuous Operations": 1564000000.0,
      "Tax Provision": 520000000.0,
      "Pretax Income": 2084000000.0,
      "Other Income Expense": -1238000000.0,
      "Other Non Operating Income Expenses": -1159000000.0,
      "Special Income Charges": -82000000.0,
      "Other Special Charges": 82000000.0,
      "Restructuring And Mergern Acquisition": null,
      "Gain On Sale Of Security": 3000000.0,
      "Net Non Operating Interest Income Expense": -591000000.0,
      "Interest Expense Non Operating": 720000000.0,
      "Interest Income Non Operating": 129000000.0,
      "Operating Income": 3913000000.0,
      "Operating Expense": 6335000000.0,
      "Other Operating Expenses": null,
      "Research And Development": 2130000000.0,
      "Selling General And Administration": 4205000000.0,
      "Gross Profit": 10248000000.0,
      "Cost Of Revenue": 4212000000.0,
      "Total Revenue": 14460000000.0,
      "Operating Revenue": 14460000000.0
    },
    "2024-06-30T00:00:00": {
      "Tax Effect Of Unusual Items": null,
      "Tax Rate For Calcs": null,
      "Normalized EBITDA": null,
      "Total Unusual Items": null,
      "Total Unusual Items Excluding Goodwill": null,
      "Net Income From Continuing Operation Net Minority Interest": null,
      "Reconciled Depreciation": null,
      "Reconciled Cost Of Revenue": null,
      "EBITDA": null,
      "EBIT": null,
      "Net Interest Income": null,
      "Interest Expense": null,
      "Interest Income": null,
      "Normalized Income": null,
      "Net Income From Continuing And Discontinued Operation": null,
      "Total Expenses": null,
      "Total Operating Income As Reported": null,
      "Diluted Average Shares": null,
      "Basic Average Shares": null,
      "Diluted EPS": null,
      "Basic EPS": null,
      "Diluted NI Availto Com Stockholders": null,
      "Net Income Common Stockholders": null,
      "Otherunder Preferred Stock Dividend": null,
      "Net Income": null,
      "Minority Interests": null,
      "Net Income Including Noncontrolling Interests": null,
      "Net Income Continuous Operations": null,
      "Tax Provision": null,
      "Pretax Income": null,
      "Other Income Expense": null,
      "Other Non Operating Income Expenses": null,
      "Special Income Charges": null,
      "Other Special Charges": null,
      "Restructuring And Mergern Acquisition": 937000000.0,
      "Gain On Sale Of Security": null,
      "Net Non Operating Interest Income Expense": null,
      "Interest Expense Non Operating": null,
      "Interest Income Non Operating": null,
      "Operating Income": null,
      "Operating Expense": null,
      "Other Operating Expenses": null,
      "Research And Development": null,
      "Selling General And Administration": null,
      "Gross Profit": null,
      "Cost Of Revenue": null,
      "Total Revenue": null,
      "Operating Revenue": null
    }
  },
  "balance_sheet": {
    "2024-12-31T00:00:00": {
      "Treasury Shares Number": 66337508.0,
      "Ordinary Shares Number": 1765256986.0,
      "Share Issued": 1831594494.0,
      "Net Debt": 61620000000.0,
      "Total Debt": 67144000000.0,
      "Tangible Book Value": -91699000000.0,
      "Invested Capital": 70469000000.0,
      "Working Capital": -13167000000.0,
      "Net Tangible Assets": -91699000000.0,
      "Common Stock Equity": 3325000000.0,
      "Total Capitalization": 63665000000.0,
      "Total Equity Gross Minority Interest": 3364000000.0,
      "Minority Interest": 39000000.0,
      "Stockholders Equity": 3325000000.0,
      "Gains Losses Not Affecting Retained Earnings": -1925000000.0,
      "Other Equity Adjustments": -1925000000.0,
      "Treasury Stock": 8201000000.0,
      "Retained Earnings": -7900000000.0,
      "Additional Paid In Capital": 21333000000.0,
      "Capital Stock": 18000000.0,
      "Common Stock": 18000000.0,
      "Total Liabilities Net Minority Interest": 131797000000.0,
      "Total Non Current Liabilities Net Minority Interest": 93048000000.0,
      "Other Non Current Liabilities": 27634000000.0,
      "Employee Benefits": 1234000000.0,
      "Non Current Pension And Other Postretirement Benefit Plans": 1234000000.0,
      "Tradeand Other Payables Non Current": 1261000000.0,
      "Non Current Deferred Liabilities": 2579000000.0,
      "Non Current Deferred Taxes Liabilities": 2579000000.0,
      "Long Term Debt And Capital Lease Obligation": 60340000000.0,
      "Long Term Debt": 60340000000.0,
      "Current Liabilities": 38749000000.0,
      "Current Deferred Liabilities": 14304000000.0,
      "Current Deferred Revenue": 14304000000.0,
      "Current Debt And Capital Lease Obligation": 6804000000.0,
      "Current Debt": 6804000000.0,
      "Payables And Accrued Expenses": 17641000000.0,
      "Current Accrued Expenses": 11760000000.0,
      "Payables": 5881000000.0,
      "Dividends Payable": 2936000000.0,
      "Accounts Payable": 2945000000.0,
      "Total Assets": 135161000000.0,
      "Total Non Current Assets": 109579000000.0,
      "Other Non Current Assets": 9142000000.0,
      "Investments And Advances": 279000000.0,
      "Goodwill And Other Intangible Assets": 95024000000.0,
      "Other Intangible Assets": 60068000000.0,
      "Goodwill": 34956000000.0,
      "Net PPE": 5134000000.0,
      "Accumulated Depreciation": -7133000000.0,
      "Gross PPE": 12267000000.0,
      "Construction In Progress": 1093000000.0,
      "Other Properties": 7995000000.0,
      "Machinery Furniture Equipment": 7995000000.0,
      "Buildings And Improvements": 2895000000.0,
      "Land And Improvements": 284000000.0,
      "Properties": 0.0,
      "Current Assets": 25582000000.0,
      "Other Current Assets": 4927000000.0,
      "Prepaid Assets": null,
      "Inventory": 4181000000.0,
      "Finished Goods": 1173000000.0,
      "Work In Process": 1951000000.0,
      "Raw Materials": 1057000000.0,
      "Receivables": 10919000000.0,
      "Accounts Receivable": 10919000000.0,
      "Cash Cash Equivalents And Short Term Investments": 5555000000.0,
      "Other Short Term Investments": 31000000.0,
      "Cash And Cash Equivalents": 5524000000.0
    },
    "2023-12-31T00:00:00": {
      "Treasury Shares Number": 57105354.0,
      "Ordinary Shares Number": 1765940733.0,
      "Share Issued": 1823046087.0,
      "Net Debt": 46571000000.0,
      "Total Debt": 59385000000.0,
      "Tangible Book Value": -77543000000.0,
      "Invested Capital": 69745000000.0,
      "Working Capital": -4839000000.0,
      "Net Tangible Assets": -77543000000.0,
      "Common Stock Equity": 10360000000.0,
      "Total Capitalization": 62554000000.0,
      "Total Equity Gross Minority Interest": 10397000000.0,
      "Minority Interest": 37000000.0,
      "Stockholders Equity": 10360000000.0,
      "Gains Losses Not Affecting Retained Earnings": -2305000000.0,
      "Other Equity Adjustments": -2305000000.0,
      "Treasury Stock": 6533000000.0,
      "Retained Earnings": -1000000000.0,
      "Additional Paid In Capital": 20180000000.0,
      "Capital Stock": 18000000.0,
      "Common Stock": 18000000.0,
      "Total Liabilities Net Minority Interest": 124314000000.0,
      "Total Non Current Liabilities Net Minority Interest": 86473000000.0,
      "Other Non Current Liabilities": 28607000000.0,
      "Employee Benefits": 1538000000.0,
      "Non Current Pension And Other Postretirement Benefit Plans": 1538000000.0,
      "Tradeand Other Payables Non Current": 2182000000.0,
      "Non Current Deferred Liabilities": 1952000000.0,
      "Non Current Deferred Taxes Liabilities": 1952000000.0,
      "Long Term Debt And Capital Lease Obligation": 52194000000.0,
      "Long Term Debt": 52194000000.0,
      "Current Liabilities": 37841000000.0,
      "Current Deferred Liabilities": 13627000000.0,
      "Current Deferred Revenue": 13627000000.0,
      "Current Debt And Capital Lease Obligation": 7191000000.0,
      "Current Debt": 7191000000.0,
      "Payables And Accrued Expenses": 17023000000.0,
      "Current Accrued Expenses": 10552000000.0,
      "Payables": 6471000000.0,
      "Dividends Payable": 2783000000.0,
      "Accounts Payable": 3688000000.0,
      "Total Assets": 134711000000.0,
      "Total Non Current Assets": 101709000000.0,
      "Other Non Current Assets": 8513000000.0,
      "Investments And Advances": 304000000.0,
      "Goodwill And Other Intangible Assets": 87903000000.0,
      "Other Intangible Assets": 55610000000.0,
      "Goodwill": 32293000000.0,
      "Net PPE": 4989000000.0,
      "Accumulated Depreciation": -6646000000.0,
      "Gross PPE": 11635000000.0,
      "Construction In Progress": 1073000000.0,
      "Other Properties": 7449000000.0,
      "Machinery Furniture Equipment": 7449000000.0,
      "Buildings And Improvements": 2827000000.0,
      "Land And Improvements": 286000000.0,
      "Properties": 0.0,
      "Current Assets": 33002000000.0,
      "Other Current Assets": 4932000000.0,
      "Prepaid Assets": null,
      "Inventory": 4099000000.0,
      "Finished Goods": 1356000000.0,
      "Work In Process": 1643000000.0,
      "Raw Materials": 1100000000.0,
      "Receivables": 11155000000.0,
      "Accounts Receivable": 11155000000.0,
      "Cash Cash Equivalents And Short Term Investments": 12816000000.0,
      "Other Short Term Investments": 2000000.0,
      "Cash And Cash Equivalents": 12814000000.0
    },
    "2022-12-31T00:00:00": {
      "Treasury Shares Number": 44589000.0,
      "Ordinary Shares Number": 1769181294.0,
      "Share Issued": 1813770294.0,
      "Net Debt": 54070000000.0,
      "Total Debt": 63271000000.0,
      "Tangible Book Value": -82341000000.0,
      "Invested Capital": 80525000000.0,
      "Working Capital": -1075000000.0,
      "Net Tangible Assets": -82341000000.0,
      "Common Stock Equity": 17254000000.0,
      "Total Capitalization": 76389000000.0,
      "Total Equity Gross Minority Interest": 17287000000.0,
      "Minority Interest": 33000000.0,
      "Stockholders Equity": 17254000000.0,
      "Gains Losses Not Affecting Retained Earnings": -2199000000.0,
      "Other Equity Adjustments": -2199000000.0,
      "Treasury Stock": 4594000000.0,
      "Retained Earnings": 4784000000.0,
      "Additional Paid In Capital": 19245000000.0,
      "Capital Stock": 18000000.0,
      "Common Stock": 18000000.0,
      "Total Liabilities Net Minority Interest": 121518000000.0,
      "Total Non Current Liabilities Net Minority Interest": 91980000000.0,
      "Other Non Current Liabilities": 26032000000.0,
      "Employee Benefits": 1638000000.0,
      "Non Current Pension And Other Postretirement Benefit Plans": 1638000000.0,
      "Tradeand Other Payables Non Current": 2985000000.0,
      "Non Current Deferred Liabilities": 2190000000.0,
      "Non Current Deferred Taxes Liabilities": 2190000000.0,
      "Long Term Debt And Capital Lease Obligation": 59135000000.0,
      "Long Term Debt": 59135000000.0,
      "Current Liabilities": 29538000000.0,
      "Current Deferred Liabilities": 10717000000.0,
      "Current Deferred Revenue": 10717000000.0,
      "Current Debt And Capital Lease Obligation": 4136000000.0,
      "Current Debt": 4136000000.0,
      "Payables And Accrued Expenses": 14685000000.0,
      "Current Accrued Expenses": 9071000000.0,
      "Payables": 5614000000.0,
      "Dividends Payable": 2680000000.0,
      "Accounts Payable": 2934000000.0,
      "Total Assets": 138805000000.0,
      "Total Non Current Assets": 110342000000.0,
      "Other Non Current Assets": 5571000000.0,
      "Investments And Advances": 241000000.0,
      "Goodwill And Other Intangible Assets": 99595000000.0,
      "Other Intangible Assets": 67439000000.0,
      "Goodwill": 32156000000.0,
      "Net PPE": 4935000000.0,
      "Accumulated Depreciation": -6051000000.0,
      "Gross PPE": 10986000000.0,
      "Construction In Progress": 856000000.0,
      "Other Properties": null,
      "Machinery Furniture Equipment": 7107000000.0,
      "Buildings And Improvements": 2737000000.0,
      "Land And Improvements": 286000000.0,
      "Properties": 0.0,
      "Current Assets": 28463000000.0,
      "Other Current Assets": 4401000000.0,
      "Prepaid Assets": null,
      "Inventory": 3579000000.0,
      "Finished Goods": 1162000000.0,
      "Work In Process": 1417000000.0,
      "Raw Materials": 1000000000.0,
      "Receivables": 11254000000.0,
      "Accounts Receivable": 11254000000.0,
      "Cash Cash Equivalents And Short Term Investments": 9229000000.0,
      "Other Short Term Investments": 28000000.0,
      "Cash And Cash Equivalents": 9201000000.0
    },
    "2021-12-31T00:00:00": {
      "Treasury Shares Number": 34857597.0,
      "Ordinary Shares Number": 1768337696.0,
      "Share Issued": 1803195293.0,
      "Net Debt": 66938000000.0,
      "Total Debt": 76684000000.0,
      "Tangible Book Value": -92922000000.0,
      "Invested Capital": 92092000000.0,
      "Working Capital": -7266000000.0,
      "Net Tangible Assets": -92922000000.0,
      "Common Stock Equity": 15408000000.0,
      "Total Capitalization": 79597000000.0,
      "Total Equity Gross Minority Interest": 15436000000.0,
      "Minority Interest": 28000000.0,
      "Stockholders Equity": 15408000000.0,
      "Gains Losses Not Affecting Retained Earnings": -2899000000.0,
      "Other Equity Adjustments": -2899000000.0,
      "Treasury Stock": 3143000000.0,
      "Retained Earnings": 3127000000.0,
      "Additional Paid In Capital": 18305000000.0,
      "Capital Stock": 18000000.0,
      "Common Stock": 18000000.0,
      "Total Liabilities Net Minority Interest": 131093000000.0,
      "Total Non Current Liabilities Net Minority Interest": 95899000000.0,
      "Other Non Current Liabilities": 22106000000.0,
      "Employee Benefits": 3153000000.0,
      "Non Current Pension And Other Postretirement Benefit Plans": 3153000000.0,
      "Tradeand Other Payables Non Current": 3442000000.0,
      "Non Current Deferred Liabilities": 3009000000.0,
      "Non Current Deferred Taxes Liabilities": 3009000000.0,
      "Long Term Debt And Capital Lease Obligation": 64189000000.0,
      "Long Term Debt": 64189000000.0,
      "Current Liabilities": 35194000000.0,
      "Current Deferred Liabilities": 8254000000.0,
      "Current Deferred Revenue": 8254000000.0,
      "Current Debt And Capital Lease Obligation": 12495000000.0,
      "Current Debt": 12495000000.0,
      "Payables And Accrued Expenses": 14445000000.0,
      "Current Accrued Expenses": 9020000000.0,
      "Payables": 5425000000.0,
      "Dividends Payable": 2543000000.0,
      "Accounts Payable": 2882000000.0,
      "Total Assets": 146529000000.0,
      "Total Non Current Assets": 118601000000.0,
      "Other Non Current Assets": 4884000000.0,
      "Investments And Advances": 277000000.0,
      "Goodwill And Other Intangible Assets": 108330000000.0,
      "Other Intangible Assets": 75951000000.0,
      "Goodwill": 32379000000.0,
      "Net PPE": 5110000000.0,
      "Accumulated Depreciation": -5617000000.0,
      "Gross PPE": 10727000000.0,
      "Construction In Progress": 799000000.0,
      "Other Properties": null,
      "Machinery Furniture Equipment": 6850000000.0,
      "Buildings And Improvements": 2791000000.0,
      "Land And Improvements": 287000000.0,
      "Properties": 0.0,
      "Current Assets": 27928000000.0,
      "Other Current Assets": 4993000000.0,
      "Prepaid Assets": 4993000000.0,
      "Inventory": 3128000000.0,
      "Finished Goods": 932000000.0,
      "Work In Process": 1193000000.0,
      "Raw Materials": 1003000000.0,
      "Receivables": 9977000000.0,
      "Accounts Receivable": 9977000000.0,
      "Cash Cash Equivalents And Short Term Investments": 9830000000.0,
      "Other Short Term Investments": 84000000.0,
      "Cash And Cash Equivalents": 9746000000.0
    }
  },
  "cashflow": {
    "2024-12-31T00:00:00": {
      "Free Cash Flow": 17832000000.0,
      "Repurchase Of Capital Stock": -1708000000.0,
      "Repayment Of Debt": -14621000000.0,
      "Issuance Of Debt": 21971000000.0,
      "Capital Expenditure": -974000000.0,
      "Interest Paid Supplemental Data": 2811000000.0,
      "Income Tax Paid Supplemental Data": 4064000000.0,
      "End Cash Position": 5524000000.0,
      "Beginning Cash Position": 12814000000.0,
      "Effect Of Exchange Rate Changes": -65000000.0,
      "Changes In Cash": -7225000000.0,
      "Financing Cash Flow": -5211000000.0,
      "Cash Flow From Continuing Financing Activities": -5211000000.0,
      "Net Other Financing Charges": -42000000.0,
      "Proceeds From Stock Option Exercised": 214000000.0,
      "Cash Dividends Paid": -11025000000.0,
      "Common Stock Dividend Paid": -11025000000.0,
      "Net Common Stock Issuance": -1708000000.0,
      "Common Stock Payments": -1708000000.0,
      "Net Issuance Payments Of Debt": 7350000000.0,
      "Net Short Term Debt Issuance": 0.0,
      "Short Term Debt Payments": -5008000000.0,
      "Short Term Debt Issuance": 5008000000.0,
      "Net Long Term Debt Issuance": 7350000000.0,
      "Long Term Debt Payments": -9613000000.0,
      "Long Term Debt Issuance": 16963000000.0,
      "Investing Cash Flow": -20820000000.0,
      "Cash Flow From Continuing Investing Activities": -20820000000.0,
      "Net Other Investing Changes": 189000000.0,
      "Net Investment Purchase And Sale": 482000000.0,
      "Sale Of Investment": 555000000.0,
      "Purchase Of Investment": -73000000.0,
      "Net Business Purchase And Sale": -20517000000.0,
      "Purchase Of Business": -20517000000.0,
      "Net PPE Purchase And Sale": -974000000.0,
      "Purchase Of PPE": -974000000.0,
      "Operating Cash Flow": 18806000000.0,
      "Cash Flow From Continuing Operating Activities": 18806000000.0,
      "Change In Working Capital": -2782000000.0,
      "Change In Other Working Capital": -3208000000.0,
      "Change In Payables And Accrued Expense": 177000000.0,
      "Change In Payable": 177000000.0,
      "Change In Account Payable": 177000000.0,
      "Change In Prepaid Assets": 361000000.0,
      "Change In Inventory": -319000000.0,
      "Change In Receivables": 207000000.0,
      "Changes In Account Receivables": 207000000.0,
      "Other Non Cash Items": 4470000000.0,
      "Stock Based Compensation": 911000000.0,
      "Provisionand Write Offof Assets": 508000000.0,
      "Asset Impairment Charge": 4476000000.0,
      "Deferred Tax": -1449000000.0,
      "Deferred Income Tax": -1449000000.0,
      "Depreciation Amortization Depletion": 8386000000.0,
      "Depreciation And Amortization": 8386000000.0,
      "Amortization Cash Flow": 7622000000.0,
      "Amortization Of Intangibles": 7622000000.0,
      "Depreciation": 764000000.0,
      "Operating Gains Losses": null,
      "Gain Loss On Sale Of Business": 0.0,
      "Net Income From Continuing Operations": 4286000000.0
    },
    "2023-12-31T00:00:00": {
      "Free Cash Flow": 22062000000.0,
      "Repurchase Of Capital Stock": -1972000000.0,
      "Repayment Of Debt": -4149000000.0,
      "Issuance Of Debt": 0.0,
      "Capital Expenditure": -777000000.0,
      "Interest Paid Supplemental Data": 2469000000.0,
      "Income Tax Paid Supplemental Data": 4702000000.0,
      "End Cash Position": 12814000000.0,
      "Beginning Cash Position": 9201000000.0,
      "Effect Of Exchange Rate Changes": 5000000.0,
      "Changes In Cash": 3608000000.0,
      "Financing Cash Flow": -17222000000.0,
      "Cash Flow From Continuing Financing Activities": -17222000000.0,
      "Net Other Financing Charges": -742000000.0,
      "Proceeds From Stock Option Exercised": 180000000.0,
      "Cash Dividends Paid": -10539000000.0,
      "Common Stock Dividend Paid": -10539000000.0,
      "Net Common Stock Issuance": -1972000000.0,
      "Common Stock Payments": -1972000000.0,
      "Net Issuance Payments Of Debt": -4149000000.0,
      "Net Short Term Debt Issuance": 0.0,
      "Short Term Debt Payments": 0.0,
      "Short Term Debt Issuance": 0.0,
      "Net Long Term Debt Issuance": -4149000000.0,
      "Long Term Debt Payments": -4149000000.0,
      "Long Term Debt Issuance": 0.0,
      "Investing Cash Flow": -2009000000.0,
      "Cash Flow From Continuing Investing Activities": -2009000000.0,
      "Net Other Investing Changes": 13000000.0,
      "Net Investment Purchase And Sale": -22000000.0,
      "Sale Of Investment": 55000000.0,
      "Purchase Of Investment": -77000000.0,
      "Net Business Purchase And Sale": -1223000000.0,
      "Purchase Of Business": -1223000000.0,
      "Net PPE Purchase And Sale": -777000000.0,
      "Purchase Of PPE": -777000000.0,
      "Operating Cash Flow": 22839000000.0,
      "Cash Flow From Continuing Operating Activities": 22839000000.0,
      "Change In Working Capital": 2813000000.0,
      "Change In Other Working Capital": -488000000.0,
      "Change In Payables And Accrued Expense": 3840000000.0,
      "Change In Payable": 3840000000.0,
      "Change In Account Payable": 3840000000.0,
      "Change In Prepaid Assets": -188000000.0,
      "Change In Inventory": -417000000.0,
      "Change In Receivables": 66000000.0,
      "Changes In Account Receivables": 66000000.0,
      "Other Non Cash Items": 4811000000.0,
      "Stock Based Compensation": 747000000.0,
      "Provisionand Write Offof Assets": -443000000.0,
      "Asset Impairment Charge": 4229000000.0,
      "Deferred Tax": -2889000000.0,
      "Deferred Income Tax": -2889000000.0,
      "Depreciation Amortization Depletion": 8698000000.0,
      "Depreciation And Amortization": 8698000000.0,
      "Amortization Cash Flow": 7946000000.0,
      "Amortization Of Intangibles": 7946000000.0,
      "Depreciation": 752000000.0,
      "Operating Gains Losses": null,
      "Gain Loss On Sale Of Business": 0.0,
      "Net Income From Continuing Operations": 4873000000.0
    },
    "2022-12-31T00:00:00": {
      "Free Cash Flow": 24248000000.0,
      "Repurchase Of Capital Stock": -1487000000.0,
      "Repayment Of Debt": -14433000000.0,
      "Issuance Of Debt": 2000000000.0,
      "Capital Expenditure": -695000000.0,
      "Interest Paid Supplemental Data": 2546000000.0,
      "Income Tax Paid Supplemental Data": 2988000000.0,
      "End Cash Position": 9201000000.0,
      "Beginning Cash Position": 9746000000.0,
      "Effect Of Exchange Rate Changes": -62000000.0,
      "Changes In Cash": -483000000.0,
      "Financing Cash Flow": -24803000000.0,
      "Cash Flow From Continuing Financing Activities": -24803000000.0,
      "Net Other Financing Charges": -1102000000.0,
      "Proceeds From Stock Option Exercised": 262000000.0,
      "Cash Dividends Paid": -10043000000.0,
      "Common Stock Dividend Paid": -10043000000.0,
      "Net Common Stock Issuance": -1487000000.0,
      "Common Stock Payments": -1487000000.0,
      "Net Issuance Payments Of Debt": -12433000000.0,
      "Net Short Term Debt Issuance": 0.0,
      "Short Term Debt Payments": 0.0,
      "Short Term Debt Issuance": 0.0,
      "Net Long Term Debt Issuance": -12433000000.0,
      "Long Term Debt Payments": -14433000000.0,
      "Long Term Debt Issuance": 2000000000.0,
      "Investing Cash Flow": -623000000.0,
      "Cash Flow From Continuing Investing Activities": -623000000.0,
      "Net Other Investing Changes": 774000000.0,
      "Net Investment Purchase And Sale": 92000000.0,
      "Sale Of Investment": 1530000000.0,
      "Purchase Of Investment": -1438000000.0,
      "Net Business Purchase And Sale": -794000000.0,
      "Purchase Of Business": -794000000.0,
      "Net PPE Purchase And Sale": -695000000.0,
      "Purchase Of PPE": -695000000.0,
      "Operating Cash Flow": 24943000000.0,
      "Cash Flow From Continuing Operating Activities": 24943000000.0,
      "Change In Working Capital": -94000000.0,
      "Change In Other Working Capital": 542000000.0,
      "Change In Payables And Accrued Expense": 1769000000.0,
      "Change In Payable": 1769000000.0,
      "Change In Account Payable": 1769000000.0,
      "Change In Prepaid Assets": -264000000.0,
      "Change In Inventory": -686000000.0,
      "Change In Receivables": -1455000000.0,
      "Changes In Account Receivables": -1455000000.0,
      "Other Non Cash Items": 3144000000.0,
      "Stock Based Compensation": 671000000.0,
      "Provisionand Write Offof Assets": 2243000000.0,
      "Asset Impairment Charge": 770000000.0,
      "Deferred Tax": -1931000000.0,
      "Deferred Income Tax": -1931000000.0,
      "Depreciation Amortization Depletion": 8467000000.0,
      "Depreciation And Amortization": 8467000000.0,
      "Amortization Cash Flow": 7689000000.0,
      "Amortization Of Intangibles": 7689000000.0,
      "Depreciation": 778000000.0,
      "Operating Gains Losses": -172000000.0,
      "Gain Loss On Sale Of Business": -172000000.0,
      "Net Income From Continuing Operations": 11845000000.0
    },
    "2021-12-31T00:00:00": {
      "Free Cash Flow": 21990000000.0,
      "Repurchase Of Capital Stock": -934000000.0,
      "Repayment Of Debt": -9414000000.0,
      "Issuance Of Debt": 1000000000.0,
      "Capital Expenditure": -787000000.0,
      "Interest Paid Supplemental Data": 2712000000.0,
      "Income Tax Paid Supplemental Data": 3648000000.0,
      "End Cash Position": 9746000000.0,
      "Beginning Cash Position": 8449000000.0,
      "Effect Of Exchange Rate Changes": -97000000.0,
      "Changes In Cash": 1394000000.0,
      "Financing Cash Flow": -19039000000.0,
      "Cash Flow From Continuing Financing Activities": -19039000000.0,
      "Net Other Financing Charges": -674000000.0,
      "Proceeds From Stock Option Exercised": 244000000.0,
      "Cash Dividends Paid": -9261000000.0,
      "Common Stock Dividend Paid": -9261000000.0,
      "Net Common Stock Issuance": -934000000.0,
      "Common Stock Payments": -934000000.0,
      "Net Issuance Payments Of Debt": -8414000000.0,
      "Net Short Term Debt Issuance": 0.0,
      "Short Term Debt Payments": 0.0,
      "Short Term Debt Issuance": null,
      "Net Long Term Debt Issuance": -8414000000.0,
      "Long Term Debt Payments": -9414000000.0,
      "Long Term Debt Issuance": 1000000000.0,
      "Investing Cash Flow": -2344000000.0,
      "Cash Flow From Continuing Investing Activities": -2344000000.0,
      "Net Other Investing Changes": 366000000.0,
      "Net Investment Purchase And Sale": -21000000.0,
      "Sale Of Investment": 98000000.0,
      "Purchase Of Investment": -119000000.0,
      "Net Business Purchase And Sale": -1902000000.0,
      "Purchase Of Business": -1902000000.0,
      "Net PPE Purchase And Sale": -787000000.0,
      "Purchase Of PPE": -787000000.0,
      "Operating Cash Flow": 22777000000.0,
      "Cash Flow From Continuing Operating Activities": 22777000000.0,
      "Change In Working Capital": -1231000000.0,
      "Change In Other Working Capital": -1290000000.0,
      "Change In Payables And Accrued Expense": 1719000000.0,
      "Change In Payable": 1719000000.0,
      "Change In Account Payable": 1719000000.0,
      "Change In Prepaid Assets": -197000000.0,
      "Change In Inventory": -142000000.0,
      "Change In Receivables": -1321000000.0,
      "Changes In Account Receivables": -1321000000.0,
      "Other Non Cash Items": 3999000000.0,
      "Stock Based Compensation": 692000000.0,
      "Provisionand Write Offof Assets": 163000000.0,
      "Asset Impairment Charge": 50000000.0,
      "Deferred Tax": -898000000.0,
      "Deferred Income Tax": -898000000.0,
      "Depreciation Amortization Depletion": 8521000000.0,
      "Depreciation And Amortization": 8521000000.0,
      "Amortization Cash Flow": 7718000000.0,
      "Amortization Of Intangibles": 7718000000.0,
      "Depreciation": 803000000.0,
      "Operating Gains Losses": -68000000.0,
      "Gain Loss On Sale Of Business": -68000000.0,
      "Net Income From Continuing Operations": 11549000000.0
    }
  },
  "earnings_estimate": {
    "avg": {
      "0q": 3.01453,
      "+1q": 3.77477,
      "0y": 14.52652,
      "+1y": 16.11289
    },
    "low": {
      "0q": 2.94,
      "+1q": 3.59,
      "0y": 14.15,
      "+1y": 14.95
    },
    "high": {
      "0q": 3.17,
      "+1q": 3.99,
      "0y": 15.25,
      "+1y": 17.43
    },
    "yearAgoEps": {
      "0q": 2.46,
      "+1q": 2.97,
      "0y": 10.0,
      "+1y": 14.52652
    },
    "numberOfAnalysts": {
      "0q": 19,
      "+1q": 19,
      "0y": 30,
      "+1y": 29
    },
    "growth": {
      "0q": 0.22540002,
      "+1q": 0.271,
      "0y": 0.45270002,
      "+1y": 0.1092
    }
  },
  "revenue_estimate": {
    "avg": {
      "0q": 14713700740,
      "+1q": 16827498160,
      "0y": 67072233460,
      "+1y": 72458900060
    },
    "low": {
      "0q": 14563000000,
      "+1q": 16585599999,
      "0y": 66602000000,
      "+1y": 68885000000
    },
    "high": {
      "0q": 14850553530,
      "+1q": 17056000000,
      "0y": 67544279660,
      "+1y": 73932005660
    },
    "numberOfAnalysts": {
      "0q": 17,
      "+1q": 16,
      "0y": 26,
      "+1y": 27
    },
    "yearAgoRevenue": {
      "0q": 13343000000,
      "+1q": 15423000000,
      "0y": 61160000000,
      "+1y": 67072233460
    },
    "growth": {
      "0q": 0.1027,
      "+1q": 0.0911,
      "0y": 0.0967,
      "+1y": 0.080299996
    }
  },
  "growth_estimates": {
    "stockTrend": {
      "0q": 0.22540002,
      "+1q": 0.271,
      "0y": 0.45270002,
      "+1y": 0.1092,
      "LTG": null
    },
    "indexTrend": {
      "0q": 0.1273,
      "+1q": 0.103599995,
      "0y": 0.14310001,
      "+1y": 0.1557,
      "LTG": 0.122
    }
  },
  "revenue_forecasts": null,
  "dividend_rate": 6.74,
  "trailing_dividend_rate": 6.65
}