{
  "ticker": "ABX.TO",
  "name": "Barrick Gold",
  "country": "canada",
  "currency": "CAD",
  "last_fetched": "2026-02-26T20:51:39.717488",
  "market_cap": 116331700224,
  "revenue": 16956000256,
  "net_income": 4992999936,
  "pe_ratio": 17.19202,
  "forward_pe": 11.767795,
  "dividend_yield": 3.36,
  "profit_margin": 0.29447,
  "roe": 0.20684999,
  "debt_to_equity": 14.509,
  "beta": 0.981,
  "ev_to_ebitda": 12.321,
  "sector": "Basic Materials",
  "industry": "Gold",
  "summary": "Barrick Mining Corporation engages in the exploration, development, production, and sale of mineral properties. It explores for gold, copper, silver, and energy materials. The company was formerly known as Barrick Gold Corporation and changed its name to Barrick Mining Corporation in May 2025. Barrick Mining Corporation was founded in 1983 and is based in Toronto, Canada.",
  "website": "https://www.barrick.com",
  "employees": null,
  "target_high": 95.760414,
  "target_low": 42.11915,
  "target_mean": 76.88402,
  "target_median": 77.05219,
  "recommendation": "buy",
  "num_analysts": 11,
  "income_stmt": {
    "2025-12-31T00:00:00": {
      "Tax Effect Of Unusual Items": 91315956.842703,
      "Tax Rate For Calcs": 0.187507,
      "Normalized EBITDA": 10671000000.0,
      "Total Unusual Items": 487000000.0,
      "Total Unusual Items Excluding Goodwill": 487000000.0,
      "Net Income From Continuing Operation Net Minority Interest": 4993000000.0,
      "Reconciled Depreciation": 1906000000.0,
      "Reconciled Cost Of Revenue": 8265000000.0,
      "EBITDA": 11158000000.0,
      "EBIT": 9252000000.0,
      "Net Interest Income": -187000000.0,
      "Interest Expense": 447000000.0,
      "Interest Income": 46000000.0,
      "Normalized Income": 4597315956.842703,
      "Net Income From Continuing And Discontinued Operation": 4993000000.0,
      "Total Expenses": 8862000000.0,
      "Diluted Average Shares": 1707000000.0,
      "Basic Average Shares": 1707000000.0,
      "Diluted EPS": 2.93,
      "Basic EPS": 2.93,
      "Diluted NI Availto Com Stockholders": 4993000000.0,
      "Net Income Common Stockholders": 4993000000.0,
      "Net Income": 4993000000.0,
      "Minority Interests": -2161000000.0,
      "Net Income Including Noncontrolling Interests": 7154000000.0,
      "Net Income Continuous Operations": 7154000000.0,
      "Tax Provision": 1651000000.0,
      "Pretax Income": 8805000000.0,
      "Other Income Expense": 898000000.0,
      "Other Non Operating Income Expenses": -33000000.0,
      "Special Income Charges": 491000000.0,
      "Gain On Sale Of Ppe": null,
      "Gain On Sale Of Business": -625000000.0,
      "Other Special Charges": 299000000.0,
      "Write Off": 41000000.0,
      "Impairment Of Capital Assets": 12000000.0,
      "Restructuring And Mergern Acquisition": -1468000000.0,
      "Earnings From Equity Interest": 444000000.0,
      "Gain On Sale Of Security": -4000000.0,
      "Net Non Operating Interest Income Expense": -187000000.0,
      "Total Other Finance Cost": -214000000.0,
      "Interest Expense Non Operating": 447000000.0,
      "Interest Income Non Operating": 46000000.0,
      "Operating Income": 8094000000.0,
      "Operating Expense": 597000000.0,
      "Other Operating Expenses": 375000000.0,
      "Other Taxes": 0.0,
      "Research And Development": null,
      "Selling General And Administration": 222000000.0,
      "General And Administrative Expense": 222000000.0,
      "Other Gand A": 103000000.0,
      "Salaries And Wages": 119000000.0,
      "Gross Profit": 8691000000.0,
      "Cost Of Revenue": 8265000000.0,
      "Total Revenue": 16956000000.0,
      "Operating Revenue": 16956000000.0
    },
    "2024-12-31T00:00:00": {
      "Tax Effect Of Unusual Items": 127656250.0,
      "Tax Rate For Calcs": 0.329861,
      "Normalized EBITDA": 6648000000.0,
      "Total Unusual Items": 387000000.0,
      "Total Unusual Items Excluding Goodwill": 387000000.0,
      "Net Income From Continuing Operation Net Minority Interest": 2144000000.0,
      "Reconciled Depreciation": 1915000000.0,
      "Reconciled Cost Of Revenue": 7961000000.0,
      "EBITDA": 7035000000.0,
      "EBIT": 5120000000.0,
      "Net Interest Income": -218000000.0,
      "Interest Expense": 512000000.0,
      "Interest Income": 18000000.0,
      "Normalized Income": 1884656250.0,
      "Net Income From Continuing And Discontinued Operation": 2144000000.0,
      "Total Expenses": 8649000000.0,
      "Diluted Average Shares": 1751000000.0,
      "Basic Average Shares": 1751000000.0,
      "Diluted EPS": 1.22,
      "Basic EPS": 1.22,
      "Diluted NI Availto Com Stockholders": 2144000000.0,
      "Net Income Common Stockholders": 2144000000.0,
      "Net Income": 2144000000.0,
      "Minority Interests": -944000000.0,
      "Net Income Including Noncontrolling Interests": 3088000000.0,
      "Net Income Continuous Operations": 3088000000.0,
      "Tax Provision": 1520000000.0,
      "Pretax Income": 4608000000.0,
      "Other Income Expense": 553000000.0,
      "Other Non Operating Income Expenses": -75000000.0,
      "Special Income Charges": 418000000.0,
      "Gain On Sale Of Ppe": null,
      "Gain On Sale Of Business": -84000000.0,
      "Other Special Charges": -21000000.0,
      "Write Off": 0.0,
      "Impairment Of Capital Assets": -457000000.0,
      "Restructuring And Mergern Acquisition": -24000000.0,
      "Earnings From Equity Interest": 241000000.0,
      "Gain On Sale Of Security": -31000000.0,
      "Net Non Operating Interest Income Expense": -218000000.0,
      "Total Other Finance Cost": -276000000.0,
      "Interest Expense Non Operating": 512000000.0,
      "Interest Income Non Operating": 18000000.0,
      "Operating Income": 4273000000.0,
      "Operating Expense": 688000000.0,
      "Other Operating Expenses": 451000000.0,
      "Other Taxes": 122000000.0,
      "Research And Development": null,
      "Selling General And Administration": 115000000.0,
      "General And Administrative Expense": 115000000.0,
      "Other Gand A": 95000000.0,
      "Salaries And Wages": 20000000.0,
      "Gross Profit": 4961000000.0,
      "Cost Of Revenue": 7961000000.0,
      "Total Revenue": 12922000000.0,
      "Operating Revenue": 12922000000.0
    },
    "2023-12-31T00:00:00": {
      "Tax Effect Of Unusual Items": -24783582.089552,
      "Tax Rate For Calcs": 0.30597,
      "Normalized EBITDA": 5288000000.0,
      "Total Unusual Items": -81000000.0,
      "Total Unusual Items Excluding Goodwill": -81000000.0,
      "Net Income From Continuing Operation Net Minority Interest": 1272000000.0,
      "Reconciled Depreciation": 2043000000.0,
      "Reconciled Cost Of Revenue": 7932000000.0,
      "EBITDA": 5207000000.0,
      "EBIT": 3164000000.0,
      "Net Interest Income": -64000000.0,
      "Interest Expense": 350000000.0,
      "Interest Income": 21000000.0,
      "Normalized Income": 1328216417.910448,
      "Net Income From Continuing And Discontinued Operation": 1272000000.0,
      "Total Expenses": 8587000000.0,
      "Diluted Average Shares": 1755000000.0,
      "Basic Average Shares": 1755000000.0,
      "Diluted EPS": 0.72,
      "Basic EPS": 0.72,
      "Diluted NI Availto Com Stockholders": 1272000000.0,
      "Net Income Common Stockholders": 1272000000.0,
      "Net Income": 1272000000.0,
      "Minority Interests": -681000000.0,
      "Net Income Including Noncontrolling Interests": 1953000000.0,
      "Net Income Continuous Operations": 1953000000.0,
      "Tax Provision": 861000000.0,
      "Pretax Income": 2814000000.0,
      "Other Income Expense": 68000000.0,
      "Other Non Operating Income Expenses": -83000000.0,
      "Special Income Charges": 16000000.0,
      "Gain On Sale Of Ppe": 364000000.0,
      "Gain On Sale Of Business": 352000000.0,
      "Other Special Charges": 36000000.0,
      "Write Off": -2000000.0,
      "Impairment Of Capital Assets": 312000000.0,
      "Restructuring And Mergern Acquisition": -364000000.0,
      "Earnings From Equity Interest": 232000000.0,
      "Gain On Sale Of Security": -97000000.0,
      "Net Non Operating Interest Income Expense": -64000000.0,
      "Total Other Finance Cost": -265000000.0,
      "Interest Expense Non Operating": 350000000.0,
      "Interest Income Non Operating": 21000000.0,
      "Operating Income": 2810000000.0,
      "Operating Expense": 655000000.0,
      "Other Operating Expenses": 464000000.0,
      "Other Taxes": 0.0,
      "Research And Development": 10000000.0,
      "Selling General And Administration": 126000000.0,
      "General And Administrative Expense": 126000000.0,
      "Other Gand A": 101000000.0,
      "Salaries And Wages": 25000000.0,
      "Gross Profit": 3465000000.0,
      "Cost Of Revenue": 7932000000.0,
      "Total Revenue": 11397000000.0,
      "Operating Revenue": 11397000000.0
    },
    "2022-12-31T00:00:00": {
      "Tax Effect Of Unusual Items": -510343842.950625,
      "Tax Rate For Calcs": 0.395003,
      "Normalized EBITDA": 5311000000.0,
      "Total Unusual Items": -1292000000.0,
      "Total Unusual Items Excluding Goodwill": -1292000000.0,
      "Net Income From Continuing Operation Net Minority Interest": 432000000.0,
      "Reconciled Depreciation": 1997000000.0,
      "Reconciled Cost Of Revenue": 7497000000.0,
      "EBITDA": 4019000000.0,
      "EBIT": 2022000000.0,
      "Net Interest Income": -236000000.0,
      "Interest Expense": 341000000.0,
      "Interest Income": 17000000.0,
      "Normalized Income": 1213656157.049375,
      "Net Income From Continuing And Discontinued Operation": 432000000.0,
      "Total Expenses": 7989000000.0,
      "Diluted Average Shares": 1771000000.0,
      "Basic Average Shares": 1771000000.0,
      "Diluted EPS": 0.24,
      "Basic EPS": 0.24,
      "Diluted NI Availto Com Stockholders": 432000000.0,
      "Net Income Common Stockholders": 432000000.0,
      "Net Income": 432000000.0,
      "Minority Interests": -585000000.0,
      "Net Income Including Noncontrolling Interests": 1017000000.0,
      "Net Income Continuous Operations": 1017000000.0,
      "Tax Provision": 664000000.0,
      "Pretax Income": 1681000000.0,
      "Other Income Expense": -1107000000.0,
      "Other Non Operating Income Expenses": -73000000.0,
      "Special Income Charges": -1286000000.0,
      "Gain On Sale Of Ppe": 405000000.0,
      "Gain On Sale Of Business": null,
      "Other Special Charges": 5000000.0,
      "Write Off": 15000000.0,
      "Impairment Of Capital Assets": 1671000000.0,
      "Restructuring And Mergern Acquisition": -405000000.0,
      "Earnings From Equity Interest": 258000000.0,
      "Gain On Sale Of Security": -6000000.0,
      "Net Non Operating Interest Income Expense": -236000000.0,
      "Total Other Finance Cost": -88000000.0,
      "Interest Expense Non Operating": 341000000.0,
      "Interest Income Non Operating": 17000000.0,
      "Operating Income": 3024000000.0,
      "Operating Expense": 492000000.0,
      "Other Operating Expenses": 280000000.0,
      "Other Taxes": null,
      "Research And Development": 15000000.0,
      "Selling General And Administration": 159000000.0,
      "General And Administrative Expense": 159000000.0,
      "Other Gand A": 125000000.0,
      "Salaries And Wages": 34000000.0,
      "Gross Profit": 3516000000.0,
      "Cost Of Revenue": 7497000000.0,
      "Total Revenue": 11013000000.0,
      "Operating Revenue": 11013000000.0
    },
    "2021-12-31T00:00:00": {
      "Tax Effect Of Unusual Items": null,
      "Tax Rate For Calcs": null,
      "Normalized EBITDA": null,
      "Total Unusual Items": null,
      "Total Unusual Items Excluding Goodwill": null,
      "Net Income From Continuing Operation Net Minority Interest": null,
      "Reconciled Depreciation": null,
      "Reconciled Cost Of Revenue": null,
      "EBITDA": null,
      "EBIT": null,
      "Net Interest Income": null,
      "Interest Expense": null,
      "Interest Income": null,
      "Normalized Income": null,
      "Net Income From Continuing And Discontinued Operation": null,
      "Total Expenses": null,
      "Diluted Average Shares": null,
      "Basic Average Shares": null,
      "Diluted EPS": null,
      "Basic EPS": null,
      "Diluted NI Availto Com Stockholders": null,
      "Net Income Common Stockholders": null,
      "Net Income": null,
      "Minority Interests": null,
      "Net Income Including Noncontrolling Interests": null,
      "Net Income Continuous Operations": null,
      "Tax Provision": null,
      "Pretax Income": null,
      "Other Income Expense": null,
      "Other Non Operating Income Expenses": null,
      "Special Income Charges": null,
      "Gain On Sale Of Ppe": 205000000.0,
      "Gain On Sale Of Business": null,
      "Other Special Charges": null,
      "Write Off": null,
      "Impairment Of Capital Assets": null,
      "Restructuring And Mergern Acquisition": null,
      "Earnings From Equity Interest": null,
      "Gain On Sale Of Security": null,
      "Net Non Operating Interest Income Expense": null,
      "Total Other Finance Cost": null,
      "Interest Expense Non Operating": null,
      "Interest Income Non Operating": null,
      "Operating Income": null,
      "Operating Expense": null,
      "Other Operating Expenses": null,
      "Other Taxes": 0.0,
      "Research And Development": 16000000.0,
      "Selling General And Administration": null,
      "General And Administrative Expense": null,
      "Other Gand A": null,
      "Salaries And Wages": null,
      "Gross Profit": null,
      "Cost Of Revenue": null,
      "Total Revenue": null,
      "Operating Revenue": null
    }
  },
  "quarterly_income": {
    "2025-12-31T00:00:00": {
      "Tax Effect Of Unusual Items": 162485650.112303,
      "Tax Rate For Calcs": 0.198153,
      "Normalized EBITDA": 3912000000.0,
      "Total Unusual Items": 820000000.0,
      "Total Unusual Items Excluding Goodwill": 820000000.0,
      "Net Income From Continuing Operation Net Minority Interest": 2406000000.0,
      "Reconciled Depreciation": 599000000.0,
      "Reconciled Cost Of Revenue": 2712000000.0,
      "EBITDA": 4732000000.0,
      "EBIT": 4133000000.0,
      "Net Interest Income": -53000000.0,
      "Interest Expense": 126000000.0,
      "Interest Income": 12000000.0,
      "Normalized Income": 1748485650.112303,
      "Net Income From Continuing And Discontinued Operation": 2406000000.0,
      "Total Expenses": 2908000000.0,
      "Diluted Average Shares": null,
      "Basic Average Shares": null,
      "Diluted EPS": null,
      "Basic EPS": null,
      "Diluted NI Availto Com Stockholders": 2406000000.0,
      "Net Income Common Stockholders": 2406000000.0,
      "Net Income": 2406000000.0,
      "Minority Interests": -807000000.0,
      "Net Income Including Noncontrolling Interests": 3213000000.0,
      "Net Income Continuous Operations": 3213000000.0,
      "Tax Provision": 794000000.0,
      "Pretax Income": 4007000000.0,
      "Other Income Expense": 971000000.0,
      "Other Non Operating Income Expenses": -3000000.0,
      "Special Income Charges": 827000000.0,
      "Gain On Sale Of Ppe": null,
      "Gain On Sale Of Business": 160000000.0,
      "Other Special Charges": 179000000.0,
      "Write Off": 34000000.0,
      "Impairment Of Capital Assets": null,
      "Restructuring And Mergern Acquisition": -1637000000.0,
      "Earnings From Equity Interest": 154000000.0,
      "Gain On Sale Of Security": -7000000.0,
      "Net Non Operating Interest Income Expense": -53000000.0,
      "Total Other Finance Cost": -61000000.0,
      "Interest Expense Non Operating": 126000000.0,
      "Interest Income Non Operating": 12000000.0,
      "Operating Income": 3089000000.0,
      "Operating Expense": 196000000.0,
      "Other Operating Expenses": 132000000.0,
      "Selling General And Administration": 64000000.0,
      "General And Administrative Expense": 64000000.0,
      "Other Gand A": 25000000.0,
      "Salaries And Wages": 39000000.0,
      "Gross Profit": 3285000000.0,
      "Cost Of Revenue": 2712000000.0,
      "Total Revenue": 5997000000.0,
      "Operating Revenue": 5997000000.0
    },
    "2025-09-30T00:00:00": {
      "Tax Effect Of Unusual Items": 39400000.0,
      "Tax Rate For Calcs": 0.2,
      "Normalized EBITDA": 2743000000.0,
      "Total Unusual Items": 197000000.0,
      "Total Unusual Items Excluding Goodwill": 197000000.0,
      "Net Income From Continuing Operation Net Minority Interest": 1302000000.0,
      "Reconciled Depreciation": 460000000.0,
      "Reconciled Cost Of Revenue": 1890000000.0,
      "EBITDA": 2940000000.0,
      "EBIT": 2480000000.0,
      "Net Interest Income": -34000000.0,
      "Interest Expense": 99000000.0,
      "Interest Income": 11000000.0,
      "Normalized Income": 1144400000.0,
      "Net Income From Continuing And Discontinued Operation": 1302000000.0,
      "Total Expenses": 2063000000.0,
      "Diluted Average Shares": 1703000000.0,
      "Basic Average Shares": 1703000000.0,
      "Diluted EPS": 0.76,
      "Basic EPS": 0.76,
      "Diluted NI Availto Com Stockholders": 1302000000.0,
      "Net Income Common Stockholders": 1302000000.0,
      "Net Income": 1302000000.0,
      "Minority Interests": -602000000.0,
      "Net Income Including Noncontrolling Interests": 1904000000.0,
      "Net Income Continuous Operations": 1904000000.0,
      "Tax Provision": 477000000.0,
      "Pretax Income": 2381000000.0,
      "Other Income Expense": 330000000.0,
      "Other Non Operating Income Expenses": -13000000.0,
      "Special Income Charges": 194000000.0,
      "Gain On Sale Of Ppe": 0.0,
      "Gain On Sale Of Business": 250000000.0,
      "Other Special Charges": 9000000.0,
      "Write Off": 3000000.0,
      "Impairment Of Capital Assets": null,
      "Restructuring And Mergern Acquisition": 44000000.0,
      "Earnings From Equity Interest": 146000000.0,
      "Gain On Sale Of Security": 3000000.0,
      "Net Non Operating Interest Income Expense": -34000000.0,
      "Total Other Finance Cost": -54000000.0,
      "Interest Expense Non Operating": 99000000.0,
      "Interest Income Non Operating": 11000000.0,
      "Operating Income": 2085000000.0,
      "Operating Expense": 173000000.0,
      "Other Operating Expenses": 96000000.0,
      "Selling General And Administration": 77000000.0,
      "General And Administrative Expense": 77000000.0,
      "Other Gand A": 25000000.0,
      "Salaries And Wages": 52000000.0,
      "Gross Profit": 2258000000.0,
      "Cost Of Revenue": 1890000000.0,
      "Total Revenue": 4148000000.0,
      "Operating Revenue": 4148000000.0
    },
    "2025-06-30T00:00:00": {
      "Tax Effect Of Unusual Items": -24320000.0,
      "Tax Rate For Calcs": 0.08,
      "Normalized EBITDA": 2219000000.0,
      "Total Unusual Items": -304000000.0,
      "Total Unusual Items Excluding Goodwill": -304000000.0,
      "Net Income From Continuing Operation Net Minority Interest": 811000000.0,
      "Reconciled Depreciation": 436000000.0,
      "Reconciled Cost Of Revenue": 1878000000.0,
      "EBITDA": 1915000000.0,
      "EBIT": 1479000000.0,
      "Net Interest Income": -48000000.0,
      "Interest Expense": 121000000.0,
      "Interest Income": 28000000.0,
      "Normalized Income": 1090680000.0,
      "Net Income From Continuing And Discontinued Operation": 811000000.0,
      "Total Expenses": 1991000000.0,
      "Diluted Average Shares": 1716000000.0,
      "Basic Average Shares": 1716000000.0,
      "Diluted EPS": 0.47,
      "Basic EPS": 0.47,
      "Diluted NI Availto Com Stockholders": 811000000.0,
      "Net Income Common Stockholders": 811000000.0,
      "Net Income": 811000000.0,
      "Minority Interests": -445000000.0,
      "Net Income Including Noncontrolling Interests": 1256000000.0,
      "Net Income Continuous Operations": 1256000000.0,
      "Tax Provision": 102000000.0,
      "Pretax Income": 1358000000.0,
      "Other Income Expense": -284000000.0,
      "Other Non Operating Income Expenses": -57000000.0,
      "Special Income Charges": -306000000.0,
      "Gain On Sale Of Ppe": 745000000.0,
      "Gain On Sale Of Business": -1035000000.0,
      "Other Special Charges": 16000000.0,
      "Write Off": null,
      "Impairment Of Capital Assets": 0.0,
      "Restructuring And Mergern Acquisition": null,
      "Earnings From Equity Interest": 77000000.0,
      "Gain On Sale Of Security": 2000000.0,
      "Net Non Operating Interest Income Expense": -48000000.0,
      "Total Other Finance Cost": -45000000.0,
      "Interest Expense Non Operating": 121000000.0,
      "Interest Income Non Operating": 28000000.0,
      "Operating Income": 1690000000.0,
      "Operating Expense": 113000000.0,
      "Other Operating Expenses": 74000000.0,
      "Selling General And Administration": 39000000.0,
      "General And Administrative Expense": 39000000.0,
      "Other Gand A": 30000000.0,
      "Salaries And Wages": 9000000.0,
      "Gross Profit": 1803000000.0,
      "Cost Of Revenue": 1878000000.0,
      "Total Revenue": 3681000000.0,
      "Operating Revenue": 3681000000.0
    },
    "2025-03-31T00:00:00": {
      "Tax Effect Of Unusual Items": -26260000.0,
      "Tax Rate For Calcs": 0.26,
      "Normalized EBITDA": 1688000000.0,
      "Total Unusual Items": -101000000.0,
      "Total Unusual Items Excluding Goodwill": -101000000.0,
      "Net Income From Continuing Operation Net Minority Interest": 474000000.0,
      "Reconciled Depreciation": 411000000.0,
      "Reconciled Cost Of Revenue": 1785000000.0,
      "EBITDA": 1587000000.0,
      "EBIT": 1176000000.0,
      "Net Interest Income": -52000000.0,
      "Interest Expense": 117000000.0,
      "Interest Income": 11000000.0,
      "Normalized Income": 548740000.0,
      "Net Income From Continuing And Discontinued Operation": 474000000.0,
      "Total Expenses": 1900000000.0,
      "Diluted Average Shares": 1725000000.0,
      "Basic Average Shares": 1725000000.0,
      "Diluted EPS": 0.27,
      "Basic EPS": 0.27,
      "Diluted NI Availto Com Stockholders": 474000000.0,
      "Net Income Common Stockholders": 474000000.0,
      "Net Income": 474000000.0,
      "Minority Interests": -307000000.0,
      "Net Income Including Noncontrolling Interests": 781000000.0,
      "Net Income Continuous Operations": 781000000.0,
      "Tax Provision": 278000000.0,
      "Pretax Income": 1059000000.0,
      "Other Income Expense": -119000000.0,
      "Other Non Operating Income Expenses": -85000000.0,
      "Special Income Charges": -99000000.0,
      "Gain On Sale Of Ppe": 0.0,
      "Gain On Sale Of Business": null,
      "Other Special Charges": 95000000.0,
      "Write Off": 4000000.0,
      "Impairment Of Capital Assets": null,
      "Restructuring And Mergern Acquisition": null,
      "Earnings From Equity Interest": 67000000.0,
      "Gain On Sale Of Security": -2000000.0,
      "Net Non Operating Interest Income Expense": -52000000.0,
      "Total Other Finance Cost": -54000000.0,
      "Interest Expense Non Operating": 117000000.0,
      "Interest Income Non Operating": 11000000.0,
      "Operating Income": 1230000000.0,
      "Operating Expense": 115000000.0,
      "Other Operating Expenses": 73000000.0,
      "Selling General And Administration": 42000000.0,
      "General And Administrative Expense": 42000000.0,
      "Other Gand A": 27000000.0,
      "Salaries And Wages": 15000000.0,
      "Gross Profit": 1345000000.0,
      "Cost Of Revenue": 1785000000.0,
      "Total Revenue": 3130000000.0,
      "Operating Revenue": 3130000000.0
    },
    "2024-12-31T00:00:00": {
      "Tax Effect Of Unusual Items": 161970228.601808,
      "Tax Rate For Calcs": 0.368953,
      "Normalized EBITDA": 1910000000.0,
      "Total Unusual Items": 439000000.0,
      "Total Unusual Items Excluding Goodwill": 439000000.0,
      "Net Income From Continuing Operation Net Minority Interest": 996000000.0,
      "Reconciled Depreciation": 484000000.0,
      "Reconciled Cost Of Revenue": 1995000000.0,
      "EBITDA": 2349000000.0,
      "EBIT": 1865000000.0,
      "Net Interest Income": 86000000.0,
      "Interest Expense": -16000000.0,
      "Interest Income": 3000000.0,
      "Normalized Income": 718970228.601808,
      "Net Income From Continuing And Discontinued Operation": 996000000.0,
      "Total Expenses": 2322000000.0,
      "Diluted Average Shares": null,
      "Basic Average Shares": null,
      "Diluted EPS": null,
      "Basic EPS": null,
      "Diluted NI Availto Com Stockholders": 996000000.0,
      "Net Income Common Stockholders": 996000000.0,
      "Net Income": 996000000.0,
      "Minority Interests": -191000000.0,
      "Net Income Including Noncontrolling Interests": 1187000000.0,
      "Net Income Continuous Operations": 1187000000.0,
      "Tax Provision": 694000000.0,
      "Pretax Income": 1881000000.0,
      "Other Income Expense": 472000000.0,
      "Other Non Operating Income Expenses": -16000000.0,
      "Special Income Charges": 445000000.0,
      "Gain On Sale Of Ppe": null,
      "Gain On Sale Of Business": null,
      "Other Special Charges": 49000000.0,
      "Write Off": null,
      "Impairment Of Capital Assets": null,
      "Restructuring And Mergern Acquisition": null,
      "Earnings From Equity Interest": 49000000.0,
      "Gain On Sale Of Security": -6000000.0,
      "Net Non Operating Interest Income Expense": 86000000.0,
      "Total Other Finance Cost": -67000000.0,
      "Interest Expense Non Operating": -16000000.0,
      "Interest Income Non Operating": 3000000.0,
      "Operating Income": 1323000000.0,
      "Operating Expense": 327000000.0,
      "Other Operating Expenses": 196000000.0,
      "Selling General And Administration": 9000000.0,
      "General And Administrative Expense": 9000000.0,
      "Other Gand A": 19000000.0,
      "Salaries And Wages": -10000000.0,
      "Gross Profit": 1650000000.0,
      "Cost Of Revenue": 1995000000.0,
      "Total Revenue": 3645000000.0,
      "Operating Revenue": 3645000000.0
    },
    "2024-09-30T00:00:00": {
      "Tax Effect Of Unusual Items": null,
      "Tax Rate For Calcs": null,
      "Normalized EBITDA": null,
      "Total Unusual Items": null,
      "Total Unusual Items Excluding Goodwill": null,
      "Net Income From Continuing Operation Net Minority Interest": null,
      "Reconciled Depreciation": null,
      "Reconciled Cost Of Revenue": null,
      "EBITDA": null,
      "EBIT": null,
      "Net Interest Income": null,
      "Interest Expense": null,
      "Interest Income": null,
      "Normalized Income": null,
      "Net Income From Continuing And Discontinued Operation": null,
      "Total Expenses": null,
      "Diluted Average Shares": 1752000000.0,
      "Basic Average Shares": 1752000000.0,
      "Diluted EPS": 0.28,
      "Basic EPS": 0.28,
      "Diluted NI Availto Com Stockholders": null,
      "Net Income Common Stockholders": null,
      "Net Income": null,
      "Minority Interests": null,
      "Net Income Including Noncontrolling Interests": null,
      "Net Income Continuous Operations": null,
      "Tax Provision": null,
      "Pretax Income": null,
      "Other Income Expense": null,
      "Other Non Operating Income Expenses": null,
      "Special Income Charges": null,
      "Gain On Sale Of Ppe": 1000000.0,
      "Gain On Sale Of Business": 0.0,
      "Other Special Charges": null,
      "Write Off": 2000000.0,
      "Impairment Of Capital Assets": null,
      "Restructuring And Mergern Acquisition": 0.0,
      "Earnings From Equity Interest": null,
      "Gain On Sale Of Security": null,
      "Net Non Operating Interest Income Expense": null,
      "Total Other Finance Cost": null,
      "Interest Expense Non Operating": null,
      "Interest Income Non Operating": null,
      "Operating Income": null,
      "Operating Expense": null,
      "Other Operating Expenses": null,
      "Selling General And Administration": null,
      "General And Administrative Expense": null,
      "Other Gand A": null,
      "Salaries And Wages": null,
      "Gross Profit": null,
      "Cost Of Revenue": null,
      "Total Revenue": null,
      "Operating Revenue": null
    },
    "2024-06-30T00:00:00": {
      "Tax Effect Of Unusual Items": null,
      "Tax Rate For Calcs": null,
      "Normalized EBITDA": null,
      "Total Unusual Items": null,
      "Total Unusual Items Excluding Goodwill": null,
      "Net Income From Continuing Operation Net Minority Interest": null,
      "Reconciled Depreciation": null,
      "Reconciled Cost Of Revenue": null,
      "EBITDA": null,
      "EBIT": null,
      "Net Interest Income": null,
      "Interest Expense": null,
      "Interest Income": null,
      "Normalized Income": null,
      "Net Income From Continuing And Discontinued Operation": null,
      "Total Expenses": null,
      "Diluted Average Shares": 1755000000.0,
      "Basic Average Shares": 1755000000.0,
      "Diluted EPS": 0.21,
      "Basic EPS": 0.21,
      "Diluted NI Availto Com Stockholders": null,
      "Net Income Common Stockholders": null,
      "Net Income": null,
      "Minority Interests": null,
      "Net Income Including Noncontrolling Interests": null,
      "Net Income Continuous Operations": null,
      "Tax Provision": null,
      "Pretax Income": null,
      "Other Income Expense": null,
      "Other Non Operating Income Expenses": null,
      "Special Income Charges": null,
      "Gain On Sale Of Ppe": 5000000.0,
      "Gain On Sale Of Business": 0.0,
      "Other Special Charges": null,
      "Write Off": 1000000.0,
      "Impairment Of Capital Assets": 1000000.0,
      "Restructuring And Mergern Acquisition": null,
      "Earnings From Equity Interest": null,
      "Gain On Sale Of Security": null,
      "Net Non Operating Interest Income Expense": null,
      "Total Other Finance Cost": null,
      "Interest Expense Non Operating": null,
      "Interest Income Non Operating": null,
      "Operating Income": null,
      "Operating Expense": null,
      "Other Operating Expenses": null,
      "Selling General And Administration": null,
      "General And Administrative Expense": null,
      "Other Gand A": null,
      "Salaries And Wages": null,
      "Gross Profit": null,
      "Cost Of Revenue": null,
      "Total Revenue": null,
      "Operating Revenue": null
    }
  },
  "balance_sheet": {
    "2025-12-31T00:00:00": {
      "Ordinary Shares Number": 1675360395.0,
      "Share Issued": 1675360395.0,
      "Net Debt": null,
      "Total Debt": 5211000000.0,
      "Tangible Book Value": 23457000000.0,
      "Invested Capital": 31721000000.0,
      "Working Capital": 6720000000.0,
      "Net Tangible Assets": 23457000000.0,
      "Capital Lease Obligations": 47000000.0,
      "Common Stock Equity": 26557000000.0,
      "Total Capitalization": 31622000000.0,
      "Total Equity Gross Minority Interest": 35916000000.0,
      "Minority Interest": 9359000000.0,
      "Stockholders Equity": 26557000000.0,
      "Other Equity Interest": 38000000.0,
      "Gains Losses Not Affecting Retained Earnings": -273000000.0,
      "Other Equity Adjustments": -273000000.0,
      "Foreign Currency Translation Adjustments": null,
      "Retained Earnings": -1170000000.0,
      "Additional Paid In Capital": 1128000000.0,
      "Capital Stock": 26834000000.0,
      "Common Stock": 26834000000.0,
      "Total Liabilities Net Minority Interest": 15661000000.0,
      "Total Non Current Liabilities Net Minority Interest": 12164000000.0,
      "Other Non Current Liabilities": 797000000.0,
      "Derivative Product Liabilities": 297000000.0,
      "Employee Benefits": 113000000.0,
      "Non Current Pension And Other Postretirement Benefit Plans": 33000000.0,
      "Tradeand Other Payables Non Current": 100000000.0,
      "Non Current Deferred Liabilities": 3984000000.0,
      "Non Current Deferred Revenue": null,
      "Non Current Deferred Taxes Liabilities": 3984000000.0,
      "Long Term Debt And Capital Lease Obligation": 5103000000.0,
      "Long Term Capital Lease Obligation": 38000000.0,
      "Long Term Debt": 5065000000.0,
      "Long Term Provisions": 1770000000.0,
      "Current Liabilities": 3497000000.0,
      "Other Current Liabilities": 291000000.0,
      "Current Deferred Liabilities": null,
      "Current Deferred Revenue": null,
      "Current Debt And Capital Lease Obligation": 108000000.0,
      "Current Capital Lease Obligation": 9000000.0,
      "Current Debt": 99000000.0,
      "Other Current Borrowings": 99000000.0,
      "Pensionand Other Post Retirement Benefit Plans Current": 192000000.0,
      "Current Provisions": 181000000.0,
      "Payables And Accrued Expenses": 2725000000.0,
      "Current Accrued Expenses": 1213000000.0,
      "Payables": 1512000000.0,
      "Other Payable": null,
      "Total Tax Payable": 866000000.0,
      "Income Tax Payable": 866000000.0,
      "Accounts Payable": 646000000.0,
      "Total Assets": 51577000000.0,
      "Total Non Current Assets": 41360000000.0,
      "Other Non Current Assets": 3243000000.0,
      "Non Current Prepaid Assets": 317000000.0,
      "Non Current Deferred Assets": 43000000.0,
      "Non Current Deferred Taxes Assets": 43000000.0,
      "Duefrom Related Parties Non Current": 271000000.0,
      "Non Current Note Receivables": 247000000.0,
      "Non Current Accounts Receivable": 627000000.0,
      "Financial Assets": null,
      "Investments And Advances": 4347000000.0,
      "Other Investments": 131000000.0,
      "Long Term Equity Investment": 4216000000.0,
      "Goodwill And Other Intangible Assets": 3100000000.0,
      "Other Intangible Assets": 66000000.0,
      "Goodwill": 3034000000.0,
      "Net PPE": 29436000000.0,
      "Accumulated Depreciation": -44793000000.0,
      "Gross PPE": 74229000000.0,
      "Other Properties": null,
      "Buildings And Improvements": 21675000000.0,
      "Current Assets": 10217000000.0,
      "Other Current Assets": 78000000.0,
      "Hedging Assets Current": null,
      "Restricted Cash": null,
      "Prepaid Assets": 192000000.0,
      "Inventory": 2068000000.0,
      "Finished Goods": 137000000.0,
      "Work In Process": 181000000.0,
      "Raw Materials": 1750000000.0,
      "Receivables": 1173000000.0,
      "Other Receivables": 541000000.0,
      "Duefrom Related Parties Current": 133000000.0,
      "Taxes Receivable": 249000000.0,
      "Accounts Receivable": 250000000.0,
      "Cash Cash Equivalents And Short Term Investments": 6706000000.0,
      "Cash And Cash Equivalents": 6706000000.0,
      "Cash Equivalents": 1337000000.0,
      "Cash Financial": 5369000000.0
    },
    "2024-12-31T00:00:00": {
      "Ordinary Shares Number": 1727100407.0,
      "Share Issued": 1727100407.0,
      "Net Debt": 1123000000.0,
      "Total Debt": 5256000000.0,
      "Tangible Book Value": 21127000000.0,
      "Invested Capital": 29487000000.0,
      "Working Capital": 4990000000.0,
      "Net Tangible Assets": 21127000000.0,
      "Capital Lease Obligations": 59000000.0,
      "Common Stock Equity": 24290000000.0,
      "Total Capitalization": 29416000000.0,
      "Total Equity Gross Minority Interest": 33256000000.0,
      "Minority Interest": 8966000000.0,
      "Stockholders Equity": 24290000000.0,
      "Other Equity Interest": 38000000.0,
      "Gains Losses Not Affecting Retained Earnings": 33000000.0,
      "Other Equity Adjustments": 33000000.0,
      "Foreign Currency Translation Adjustments": -95000000.0,
      "Retained Earnings": -5269000000.0,
      "Additional Paid In Capital": 1827000000.0,
      "Capital Stock": 27661000000.0,
      "Common Stock": 27661000000.0,
      "Total Liabilities Net Minority Interest": 14370000000.0,
      "Total Non Current Liabilities Net Minority Interest": 11728000000.0,
      "Other Non Current Liabilities": 591000000.0,
      "Derivative Product Liabilities": 0.0,
      "Employee Benefits": 89000000.0,
      "Non Current Pension And Other Postretirement Benefit Plans": 34000000.0,
      "Tradeand Other Payables Non Current": 80000000.0,
      "Non Current Deferred Liabilities": 3887000000.0,
      "Non Current Deferred Revenue": 30000000.0,
      "Non Current Deferred Taxes Liabilities": 3887000000.0,
      "Long Term Debt And Capital Lease Obligation": 5172000000.0,
      "Long Term Capital Lease Obligation": 46000000.0,
      "Long Term Debt": 5126000000.0,
      "Long Term Provisions": 1909000000.0,
      "Current Liabilities": 2642000000.0,
      "Other Current Liabilities": 120000000.0,
      "Current Deferred Liabilities": null,
      "Current Deferred Revenue": null,
      "Current Debt And Capital Lease Obligation": 84000000.0,
      "Current Capital Lease Obligation": 13000000.0,
      "Current Debt": 71000000.0,
      "Other Current Borrowings": 71000000.0,
      "Pensionand Other Post Retirement Benefit Plans Current": 54000000.0,
      "Current Provisions": 226000000.0,
      "Payables And Accrued Expenses": 2158000000.0,
      "Current Accrued Expenses": 958000000.0,
      "Payables": 1200000000.0,
      "Other Payable": null,
      "Total Tax Payable": 545000000.0,
      "Income Tax Payable": 545000000.0,
      "Accounts Payable": 655000000.0,
      "Total Assets": 47626000000.0,
      "Total Non Current Assets": 39994000000.0,
      "Other Non Current Assets": 3024000000.0,
      "Non Current Prepaid Assets": 234000000.0,
      "Non Current Deferred Assets": 0.0,
      "Non Current Deferred Taxes Assets": 0.0,
      "Duefrom Related Parties Non Current": 253000000.0,
      "Non Current Note Receivables": 217000000.0,
      "Non Current Accounts Receivable": 561000000.0,
      "Financial Assets": null,
      "Investments And Advances": 4154000000.0,
      "Other Investments": 42000000.0,
      "Long Term Equity Investment": 4112000000.0,
      "Goodwill And Other Intangible Assets": 3163000000.0,
      "Other Intangible Assets": 66000000.0,
      "Goodwill": 3097000000.0,
      "Net PPE": 28641000000.0,
      "Accumulated Depreciation": -45402000000.0,
      "Gross PPE": 74043000000.0,
      "Other Properties": null,
      "Buildings And Improvements": 21773000000.0,
      "Current Assets": 7632000000.0,
      "Other Current Assets": 53000000.0,
      "Hedging Assets Current": null,
      "Restricted Cash": null,
      "Prepaid Assets": 150000000.0,
      "Inventory": 1942000000.0,
      "Finished Goods": 308000000.0,
      "Work In Process": 136000000.0,
      "Raw Materials": 1498000000.0,
      "Receivables": 1413000000.0,
      "Other Receivables": 559000000.0,
      "Duefrom Related Parties Current": 260000000.0,
      "Taxes Receivable": 390000000.0,
      "Accounts Receivable": 204000000.0,
      "Cash Cash Equivalents And Short Term Investments": 4074000000.0,
      "Cash And Cash Equivalents": 4074000000.0,
      "Cash Equivalents": 954000000.0,
      "Cash Financial": 3120000000.0
    },
    "2023-12-31T00:00:00": {
      "Ordinary Shares Number": 1755569554.0,
      "Share Issued": 1755569554.0,
      "Net Debt": 1019000000.0,
      "Total Debt": 5223000000.0,
      "Tangible Book Value": 19693000000.0,
      "Invested Capital": 28508000000.0,
      "Working Capital": 5082000000.0,
      "Net Tangible Assets": 19693000000.0,
      "Capital Lease Obligations": 56000000.0,
      "Common Stock Equity": 23341000000.0,
      "Total Capitalization": 28476000000.0,
      "Total Equity Gross Minority Interest": 32002000000.0,
      "Minority Interest": 8661000000.0,
      "Stockholders Equity": 23341000000.0,
      "Other Equity Interest": 38000000.0,
      "Gains Losses Not Affecting Retained Earnings": 24000000.0,
      "Other Equity Adjustments": 24000000.0,
      "Foreign Currency Translation Adjustments": -95000000.0,
      "Retained Earnings": -6713000000.0,
      "Additional Paid In Capital": 1875000000.0,
      "Capital Stock": 28117000000.0,
      "Common Stock": 28117000000.0,
      "Total Liabilities Net Minority Interest": 13809000000.0,
      "Total Non Current Liabilities Net Minority Interest": 11453000000.0,
      "Other Non Current Liabilities": 577000000.0,
      "Derivative Product Liabilities": null,
      "Employee Benefits": 92000000.0,
      "Non Current Pension And Other Postretirement Benefit Plans": 36000000.0,
      "Tradeand Other Payables Non Current": 165000000.0,
      "Non Current Deferred Liabilities": 3439000000.0,
      "Non Current Deferred Revenue": 36000000.0,
      "Non Current Deferred Taxes Liabilities": 3439000000.0,
      "Long Term Debt And Capital Lease Obligation": 5180000000.0,
      "Long Term Capital Lease Obligation": 45000000.0,
      "Long Term Debt": 5135000000.0,
      "Long Term Provisions": 2000000000.0,
      "Current Liabilities": 2356000000.0,
      "Other Current Liabilities": 187000000.0,
      "Current Deferred Liabilities": null,
      "Current Deferred Revenue": null,
      "Current Debt And Capital Lease Obligation": 43000000.0,
      "Current Capital Lease Obligation": 11000000.0,
      "Current Debt": 32000000.0,
      "Other Current Borrowings": 32000000.0,
      "Pensionand Other Post Retirement Benefit Plans Current": 50000000.0,
      "Current Provisions": 270000000.0,
      "Payables And Accrued Expenses": 1806000000.0,
      "Current Accrued Expenses": 825000000.0,
      "Payables": 981000000.0,
      "Other Payable": null,
      "Total Tax Payable": 303000000.0,
      "Income Tax Payable": 303000000.0,
      "Accounts Payable": 678000000.0,
      "Total Assets": 45811000000.0,
      "Total Non Current Assets": 38373000000.0,
      "Other Non Current Assets": 2979000000.0,
      "Non Current Prepaid Assets": 212000000.0,
      "Non Current Deferred Assets": 0.0,
      "Non Current Deferred Taxes Assets": 0.0,
      "Duefrom Related Parties Non Current": 419000000.0,
      "Non Current Note Receivables": 187000000.0,
      "Non Current Accounts Receivable": 585000000.0,
      "Financial Assets": null,
      "Investments And Advances": 4264000000.0,
      "Other Investments": 131000000.0,
      "Long Term Equity Investment": 4133000000.0,
      "Goodwill And Other Intangible Assets": 3648000000.0,
      "Other Intangible Assets": 67000000.0,
      "Goodwill": 3581000000.0,
      "Net PPE": 26498000000.0,
      "Accumulated Depreciation": -44440000000.0,
      "Gross PPE": 70938000000.0,
      "Other Properties": null,
      "Buildings And Improvements": 19121000000.0,
      "Current Assets": 7438000000.0,
      "Other Current Assets": 127000000.0,
      "Hedging Assets Current": 0.0,
      "Restricted Cash": 0.0,
      "Prepaid Assets": 203000000.0,
      "Inventory": 1782000000.0,
      "Finished Goods": 130000000.0,
      "Work In Process": 148000000.0,
      "Raw Materials": 1504000000.0,
      "Receivables": 1178000000.0,
      "Other Receivables": 447000000.0,
      "Duefrom Related Parties Current": 148000000.0,
      "Taxes Receivable": 337000000.0,
      "Accounts Receivable": 246000000.0,
      "Cash Cash Equivalents And Short Term Investments": 4148000000.0,
      "Cash And Cash Equivalents": 4148000000.0,
      "Cash Equivalents": 1196000000.0,
      "Cash Financial": 2952000000.0
    },
    "2022-12-31T00:00:00": {
      "Ordinary Shares Number": 1755349661.0,
      "Share Issued": 1755349661.0,
      "Net Debt": 740000000.0,
      "Total Debt": 5250000000.0,
      "Tangible Book Value": 19123000000.0,
      "Invested Capital": 27951000000.0,
      "Working Capital": 5345000000.0,
      "Net Tangible Assets": 19123000000.0,
      "Capital Lease Obligations": 70000000.0,
      "Common Stock Equity": 22771000000.0,
      "Total Capitalization": 27919000000.0,
      "Total Equity Gross Minority Interest": 31289000000.0,
      "Minority Interest": 8518000000.0,
      "Stockholders Equity": 22771000000.0,
      "Other Equity Interest": 1913000000.0,
      "Gains Losses Not Affecting Retained Earnings": 26000000.0,
      "Other Equity Adjustments": 26000000.0,
      "Foreign Currency Translation Adjustments": null,
      "Retained Earnings": -7282000000.0,
      "Additional Paid In Capital": null,
      "Capital Stock": 28114000000.0,
      "Common Stock": 28114000000.0,
      "Total Liabilities Net Minority Interest": 14676000000.0,
      "Total Non Current Liabilities Net Minority Interest": 11556000000.0,
      "Other Non Current Liabilities": 661000000.0,
      "Derivative Product Liabilities": null,
      "Employee Benefits": 96000000.0,
      "Non Current Pension And Other Postretirement Benefit Plans": 46000000.0,
      "Tradeand Other Payables Non Current": 200000000.0,
      "Non Current Deferred Liabilities": 3247000000.0,
      "Non Current Deferred Revenue": null,
      "Non Current Deferred Taxes Liabilities": 3247000000.0,
      "Long Term Debt And Capital Lease Obligation": 5205000000.0,
      "Long Term Capital Lease Obligation": 57000000.0,
      "Long Term Debt": 5148000000.0,
      "Long Term Provisions": 2147000000.0,
      "Current Liabilities": 3120000000.0,
      "Other Current Liabilities": 170000000.0,
      "Current Deferred Liabilities": 54000000.0,
      "Current Deferred Revenue": 54000000.0,
      "Current Debt And Capital Lease Obligation": 45000000.0,
      "Current Capital Lease Obligation": 13000000.0,
      "Current Debt": 32000000.0,
      "Other Current Borrowings": 32000000.0,
      "Pensionand Other Post Retirement Benefit Plans Current": 50000000.0,
      "Current Provisions": 191000000.0,
      "Payables And Accrued Expenses": 2664000000.0,
      "Current Accrued Expenses": 815000000.0,
      "Payables": 1849000000.0,
      "Other Payable": 945000000.0,
      "Total Tax Payable": 163000000.0,
      "Income Tax Payable": 163000000.0,
      "Accounts Payable": 741000000.0,
      "Total Assets": 45965000000.0,
      "Total Non Current Assets": 37500000000.0,
      "Other Non Current Assets": 3085000000.0,
      "Non Current Prepaid Assets": 223000000.0,
      "Non Current Deferred Assets": 19000000.0,
      "Non Current Deferred Taxes Assets": 19000000.0,
      "Duefrom Related Parties Non Current": 149000000.0,
      "Non Current Note Receivables": 160000000.0,
      "Non Current Accounts Receivable": 367000000.0,
      "Financial Assets": 0.0,
      "Investments And Advances": 4095000000.0,
      "Other Investments": 112000000.0,
      "Long Term Equity Investment": 3983000000.0,
      "Goodwill And Other Intangible Assets": 3648000000.0,
      "Other Intangible Assets": 67000000.0,
      "Goodwill": 3581000000.0,
      "Net PPE": 25903000000.0,
      "Accumulated Depreciation": -42721000000.0,
      "Gross PPE": 68624000000.0,
      "Other Properties": null,
      "Buildings And Improvements": 18469000000.0,
      "Current Assets": 8465000000.0,
      "Other Current Assets": 91000000.0,
      "Hedging Assets Current": 59000000.0,
      "Restricted Cash": 945000000.0,
      "Prepaid Assets": 243000000.0,
      "Inventory": 1781000000.0,
      "Finished Goods": 99000000.0,
      "Work In Process": 138000000.0,
      "Raw Materials": 1544000000.0,
      "Receivables": 906000000.0,
      "Other Receivables": 366000000.0,
      "Duefrom Related Parties Current": 0.0,
      "Taxes Receivable": 352000000.0,
      "Accounts Receivable": 188000000.0,
      "Cash Cash Equivalents And Short Term Investments": 4440000000.0,
      "Cash And Cash Equivalents": 4440000000.0,
      "Cash Equivalents": 1446000000.0,
      "Cash Financial": 2994000000.0
    },
    "2021-12-31T00:00:00": {
      "Ordinary Shares Number": null,
      "Share Issued": null,
      "Net Debt": 125000000.0,
      "Total Debt": null,
      "Tangible Book Value": null,
      "Invested Capital": null,
      "Working Capital": null,
      "Net Tangible Assets": null,
      "Capital Lease Obligations": null,
      "Common Stock Equity": null,
      "Total Capitalization": null,
      "Total Equity Gross Minority Interest": null,
      "Minority Interest": null,
      "Stockholders Equity": null,
      "Other Equity Interest": null,
      "Gains Losses Not Affecting Retained Earnings": null,
      "Other Equity Adjustments": null,
      "Foreign Currency Translation Adjustments": null,
      "Retained Earnings": null,
      "Additional Paid In Capital": null,
      "Capital Stock": null,
      "Common Stock": null,
      "Total Liabilities Net Minority Interest": null,
      "Total Non Current Liabilities Net Minority Interest": null,
      "Other Non Current Liabilities": null,
      "Derivative Product Liabilities": null,
      "Employee Benefits": null,
      "Non Current Pension And Other Postretirement Benefit Plans": null,
      "Tradeand Other Payables Non Current": null,
      "Non Current Deferred Liabilities": null,
      "Non Current Deferred Revenue": 592000000.0,
      "Non Current Deferred Taxes Liabilities": null,
      "Long Term Debt And Capital Lease Obligation": null,
      "Long Term Capital Lease Obligation": null,
      "Long Term Debt": null,
      "Long Term Provisions": null,
      "Current Liabilities": null,
      "Other Current Liabilities": null,
      "Current Deferred Liabilities": 43000000.0,
      "Current Deferred Revenue": 43000000.0,
      "Current Debt And Capital Lease Obligation": null,
      "Current Capital Lease Obligation": null,
      "Current Debt": null,
      "Other Current Borrowings": null,
      "Pensionand Other Post Retirement Benefit Plans Current": null,
      "Current Provisions": null,
      "Payables And Accrued Expenses": null,
      "Current Accrued Expenses": null,
      "Payables": null,
      "Other Payable": null,
      "Total Tax Payable": null,
      "Income Tax Payable": null,
      "Accounts Payable": null,
      "Total Assets": null,
      "Total Non Current Assets": null,
      "Other Non Current Assets": null,
      "Non Current Prepaid Assets": null,
      "Non Current Deferred Assets": null,
      "Non Current Deferred Taxes Assets": null,
      "Duefrom Related Parties Non Current": null,
      "Non Current Note Receivables": null,
      "Non Current Accounts Receivable": null,
      "Financial Assets": 53000000.0,
      "Investments And Advances": null,
      "Other Investments": null,
      "Long Term Equity Investment": null,
      "Goodwill And Other Intangible Assets": null,
      "Other Intangible Assets": null,
      "Goodwill": null,
      "Net PPE": null,
      "Accumulated Depreciation": null,
      "Gross PPE": null,
      "Other Properties": 17237000000.0,
      "Buildings And Improvements": null,
      "Current Assets": null,
      "Other Current Assets": null,
      "Hedging Assets Current": 0.0,
      "Restricted Cash": 0.0,
      "Prepaid Assets": null,
      "Inventory": null,
      "Finished Goods": null,
      "Work In Process": null,
      "Raw Materials": null,
      "Receivables": null,
      "Other Receivables": null,
      "Duefrom Related Parties Current": null,
      "Taxes Receivable": null,
      "Accounts Receivable": null,
      "Cash Cash Equivalents And Short Term Investments": null,
      "Cash And Cash Equivalents": null,
      "Cash Equivalents": null,
      "Cash Financial": null
    }
  },
  "cashflow": {
    "2025-12-31T00:00:00": {
      "Free Cash Flow": 3868000000.0,
      "Repurchase Of Capital Stock": -1500000000.0,
      "Repayment Of Debt": -35000000.0,
      "Issuance Of Debt": null,
      "Capital Expenditure": -3821000000.0,
      "End Cash Position": 6706000000.0,
      "Beginning Cash Position": 4074000000.0,
      "Effect Of Exchange Rate Changes": 2000000.0,
      "Changes In Cash": 2630000000.0,
      "Financing Cash Flow": -3823000000.0,
      "Cash Flow From Continuing Financing Activities": -3823000000.0,
      "Net Other Financing Charges": -1398000000.0,
      "Cash Dividends Paid": -890000000.0,
      "Common Stock Dividend Paid": -890000000.0,
      "Net Common Stock Issuance": -1500000000.0,
      "Common Stock Payments": -1500000000.0,
      "Net Issuance Payments Of Debt": -35000000.0,
      "Net Long Term Debt Issuance": -35000000.0,
      "Long Term Debt Payments": -35000000.0,
      "Long Term Debt Issuance": null,
      "Investing Cash Flow": -1236000000.0,
      "Cash Flow From Continuing Investing Activities": -1236000000.0,
      "Net Other Investing Changes": 123000000.0,
      "Dividends Received Cfi": 254000000.0,
      "Net Investment Purchase And Sale": 43000000.0,
      "Net Business Purchase And Sale": 2161000000.0,
      "Sale Of Business": 2162000000.0,
      "Purchase Of Business": -1000000.0,
      "Net PPE Purchase And Sale": 4000000.0,
      "Sale Of PPE": 4000000.0,
      "Capital Expenditure Reported": -3821000000.0,
      "Operating Cash Flow": 7689000000.0,
      "Cash Flow From Continuing Operating Activities": 7689000000.0,
      "Taxes Refund Paid": -1468000000.0,
      "Interest Received Cfo": 189000000.0,
      "Interest Paid Cfo": -291000000.0,
      "Change In Working Capital": -23000000.0,
      "Change In Other Working Capital": null,
      "Change In Other Current Liabilities": 102000000.0,
      "Change In Other Current Assets": -69000000.0,
      "Change In Payables And Accrued Expense": -53000000.0,
      "Change In Payable": -53000000.0,
      "Change In Account Payable": -53000000.0,
      "Change In Inventory": 214000000.0,
      "Change In Receivables": -217000000.0,
      "Changes In Account Receivables": -45000000.0,
      "Other Non Cash Items": -422000000.0,
      "Stock Based Compensation": 270000000.0,
      "Asset Impairment Charge": 15000000.0,
      "Deferred Tax": 1651000000.0,
      "Deferred Income Tax": 1651000000.0,
      "Depreciation Amortization Depletion": 1906000000.0,
      "Depreciation And Amortization": 1906000000.0,
      "Depreciation": 1906000000.0,
      "Operating Gains Losses": -1292000000.0,
      "Earnings Losses From Equity Investments": -444000000.0,
      "Gain Loss On Investment Securities": 1000000.0,
      "Net Foreign Currency Exchange Gain Loss": 3000000.0,
      "Gain Loss On Sale Of Business": 625000000.0,
      "Net Income From Continuing Operations": 7154000000.0
    },
    "2024-12-31T00:00:00": {
      "Free Cash Flow": 1317000000.0,
      "Repurchase Of Capital Stock": -498000000.0,
      "Repayment Of Debt": -14000000.0,
      "Issuance Of Debt": 52000000.0,
      "Capital Expenditure": -3174000000.0,
      "End Cash Position": 4074000000.0,
      "Beginning Cash Position": 4148000000.0,
      "Effect Of Exchange Rate Changes": -6000000.0,
      "Changes In Cash": -68000000.0,
      "Financing Cash Flow": -1795000000.0,
      "Cash Flow From Continuing Financing Activities": -1795000000.0,
      "Net Other Financing Charges": -639000000.0,
      "Cash Dividends Paid": -696000000.0,
      "Common Stock Dividend Paid": -696000000.0,
      "Net Common Stock Issuance": -498000000.0,
      "Common Stock Payments": -498000000.0,
      "Net Issuance Payments Of Debt": 38000000.0,
      "Net Long Term Debt Issuance": 38000000.0,
      "Long Term Debt Payments": -14000000.0,
      "Long Term Debt Issuance": 52000000.0,
      "Investing Cash Flow": -2764000000.0,
      "Cash Flow From Continuing Investing Activities": -2764000000.0,
      "Net Other Investing Changes": 155000000.0,
      "Dividends Received Cfi": 198000000.0,
      "Net Investment Purchase And Sale": 97000000.0,
      "Net Business Purchase And Sale": -59000000.0,
      "Sale Of Business": 0.0,
      "Purchase Of Business": -59000000.0,
      "Net PPE Purchase And Sale": 19000000.0,
      "Sale Of PPE": 19000000.0,
      "Capital Expenditure Reported": -3174000000.0,
      "Operating Cash Flow": 4491000000.0,
      "Cash Flow From Continuing Operating Activities": 4491000000.0,
      "Taxes Refund Paid": -776000000.0,
      "Interest Received Cfo": 237000000.0,
      "Interest Paid Cfo": -380000000.0,
      "Change In Working Capital": -382000000.0,
      "Change In Other Working Capital": null,
      "Change In Other Current Liabilities": -15000000.0,
      "Change In Other Current Assets": 59000000.0,
      "Change In Payables And Accrued Expense": 48000000.0,
      "Change In Payable": 48000000.0,
      "Change In Account Payable": 48000000.0,
      "Change In Inventory": -172000000.0,
      "Change In Receivables": -302000000.0,
      "Changes In Account Receivables": -4000000.0,
      "Other Non Cash Items": -139000000.0,
      "Stock Based Compensation": 65000000.0,
      "Asset Impairment Charge": -423000000.0,
      "Deferred Tax": 1520000000.0,
      "Deferred Income Tax": 1520000000.0,
      "Depreciation Amortization Depletion": 1915000000.0,
      "Depreciation And Amortization": 1915000000.0,
      "Depreciation": 1915000000.0,
      "Operating Gains Losses": -234000000.0,
      "Earnings Losses From Equity Investments": -241000000.0,
      "Gain Loss On Investment Securities": -8000000.0,
      "Net Foreign Currency Exchange Gain Loss": 39000000.0,
      "Gain Loss On Sale Of Business": 0.0,
      "Net Income From Continuing Operations": 3088000000.0
    },
    "2023-12-31T00:00:00": {
      "Free Cash Flow": 646000000.0,
      "Repurchase Of Capital Stock": 0.0,
      "Repayment Of Debt": -56000000.0,
      "Issuance Of Debt": 65000000.0,
      "Capital Expenditure": -3086000000.0,
      "End Cash Position": 4148000000.0,
      "Beginning Cash Position": 4440000000.0,
      "Effect Of Exchange Rate Changes": -3000000.0,
      "Changes In Cash": -289000000.0,
      "Financing Cash Flow": -1205000000.0,
      "Cash Flow From Continuing Financing Activities": -1205000000.0,
      "Net Other Financing Charges": -514000000.0,
      "Cash Dividends Paid": -700000000.0,
      "Common Stock Dividend Paid": -700000000.0,
      "Net Common Stock Issuance": 0.0,
      "Common Stock Payments": 0.0,
      "Net Issuance Payments Of Debt": 9000000.0,
      "Net Long Term Debt Issuance": 9000000.0,
      "Long Term Debt Payments": -56000000.0,
      "Long Term Debt Issuance": 65000000.0,
      "Investing Cash Flow": -2816000000.0,
      "Cash Flow From Continuing Investing Activities": -2816000000.0,
      "Net Other Investing Changes": 7000000.0,
      "Dividends Received Cfi": 273000000.0,
      "Net Investment Purchase And Sale": -23000000.0,
      "Net Business Purchase And Sale": 0.0,
      "Sale Of Business": null,
      "Purchase Of Business": 0.0,
      "Net PPE Purchase And Sale": 13000000.0,
      "Sale Of PPE": 13000000.0,
      "Capital Expenditure Reported": -3086000000.0,
      "Operating Cash Flow": 3732000000.0,
      "Cash Flow From Continuing Operating Activities": 3732000000.0,
      "Taxes Refund Paid": -524000000.0,
      "Interest Received Cfo": 237000000.0,
      "Interest Paid Cfo": -300000000.0,
      "Change In Working Capital": -404000000.0,
      "Change In Other Working Capital": null,
      "Change In Other Current Liabilities": 31000000.0,
      "Change In Other Current Assets": 89000000.0,
      "Change In Payables And Accrued Expense": -37000000.0,
      "Change In Payable": -37000000.0,
      "Change In Account Payable": -37000000.0,
      "Change In Inventory": -97000000.0,
      "Change In Receivables": -390000000.0,
      "Changes In Account Receivables": -155000000.0,
      "Other Non Cash Items": -53000000.0,
      "Stock Based Compensation": 66000000.0,
      "Asset Impairment Charge": 352000000.0,
      "Deferred Tax": 861000000.0,
      "Deferred Income Tax": 861000000.0,
      "Depreciation Amortization Depletion": 2043000000.0,
      "Depreciation And Amortization": 2043000000.0,
      "Depreciation": 2043000000.0,
      "Operating Gains Losses": -499000000.0,
      "Earnings Losses From Equity Investments": -232000000.0,
      "Gain Loss On Investment Securities": 4000000.0,
      "Net Foreign Currency Exchange Gain Loss": 93000000.0,
      "Gain Loss On Sale Of Business": null,
      "Net Income From Continuing Operations": 1953000000.0
    },
    "2022-12-31T00:00:00": {
      "Free Cash Flow": 432000000.0,
      "Repurchase Of Capital Stock": -424000000.0,
      "Repayment Of Debt": -395000000.0,
      "Issuance Of Debt": 177000000.0,
      "Capital Expenditure": -3049000000.0,
      "End Cash Position": 4440000000.0,
      "Beginning Cash Position": 5280000000.0,
      "Effect Of Exchange Rate Changes": -6000000.0,
      "Changes In Cash": -834000000.0,
      "Financing Cash Flow": -2604000000.0,
      "Cash Flow From Continuing Financing Activities": -2604000000.0,
      "Net Other Financing Charges": -819000000.0,
      "Cash Dividends Paid": -1143000000.0,
      "Common Stock Dividend Paid": -1143000000.0,
      "Net Common Stock Issuance": -424000000.0,
      "Common Stock Payments": -424000000.0,
      "Net Issuance Payments Of Debt": -218000000.0,
      "Net Long Term Debt Issuance": -218000000.0,
      "Long Term Debt Payments": -395000000.0,
      "Long Term Debt Issuance": 177000000.0,
      "Investing Cash Flow": -1711000000.0,
      "Cash Flow From Continuing Investing Activities": -1711000000.0,
      "Net Other Investing Changes": null,
      "Dividends Received Cfi": 869000000.0,
      "Net Investment Purchase And Sale": 381000000.0,
      "Net Business Purchase And Sale": 0.0,
      "Sale Of Business": 0.0,
      "Purchase Of Business": null,
      "Net PPE Purchase And Sale": 88000000.0,
      "Sale Of PPE": 88000000.0,
      "Capital Expenditure Reported": -3049000000.0,
      "Operating Cash Flow": 3481000000.0,
      "Cash Flow From Continuing Operating Activities": 3481000000.0,
      "Taxes Refund Paid": -767000000.0,
      "Interest Received Cfo": 89000000.0,
      "Interest Paid Cfo": -305000000.0,
      "Change In Working Capital": -322000000.0,
      "Change In Other Working Capital": null,
      "Change In Other Current Liabilities": -24000000.0,
      "Change In Other Current Assets": -261000000.0,
      "Change In Payables And Accrued Expense": 93000000.0,
      "Change In Payable": 93000000.0,
      "Change In Account Payable": 93000000.0,
      "Change In Inventory": -219000000.0,
      "Change In Receivables": 89000000.0,
      "Changes In Account Receivables": 89000000.0,
      "Other Non Cash Items": -13000000.0,
      "Stock Based Compensation": 55000000.0,
      "Asset Impairment Charge": 1737000000.0,
      "Deferred Tax": 664000000.0,
      "Deferred Income Tax": 664000000.0,
      "Depreciation Amortization Depletion": 1997000000.0,
      "Depreciation And Amortization": 1997000000.0,
      "Depreciation": 1997000000.0,
      "Operating Gains Losses": -671000000.0,
      "Earnings Losses From Equity Investments": -258000000.0,
      "Gain Loss On Investment Securities": -10000000.0,
      "Net Foreign Currency Exchange Gain Loss": 16000000.0,
      "Gain Loss On Sale Of Business": null,
      "Net Income From Continuing Operations": 1017000000.0
    },
    "2021-12-31T00:00:00": {
      "Free Cash Flow": null,
      "Repurchase Of Capital Stock": null,
      "Repayment Of Debt": null,
      "Issuance Of Debt": 131000000.0,
      "Capital Expenditure": null,
      "End Cash Position": null,
      "Beginning Cash Position": null,
      "Effect Of Exchange Rate Changes": null,
      "Changes In Cash": null,
      "Financing Cash Flow": null,
      "Cash Flow From Continuing Financing Activities": null,
      "Net Other Financing Charges": null,
      "Cash Dividends Paid": null,
      "Common Stock Dividend Paid": null,
      "Net Common Stock Issuance": null,
      "Common Stock Payments": null,
      "Net Issuance Payments Of Debt": null,
      "Net Long Term Debt Issuance": null,
      "Long Term Debt Payments": null,
      "Long Term Debt Issuance": 131000000.0,
      "Investing Cash Flow": null,
      "Cash Flow From Continuing Investing Activities": null,
      "Net Other Investing Changes": 2000000.0,
      "Dividends Received Cfi": null,
      "Net Investment Purchase And Sale": null,
      "Net Business Purchase And Sale": null,
      "Sale Of Business": 27000000.0,
      "Purchase Of Business": null,
      "Net PPE Purchase And Sale": null,
      "Sale Of PPE": null,
      "Capital Expenditure Reported": null,
      "Operating Cash Flow": null,
      "Cash Flow From Continuing Operating Activities": null,
      "Taxes Refund Paid": null,
      "Interest Received Cfo": null,
      "Interest Paid Cfo": null,
      "Change In Working Capital": null,
      "Change In Other Working Capital": -120000000.0,
      "Change In Other Current Liabilities": null,
      "Change In Other Current Assets": null,
      "Change In Payables And Accrued Expense": null,
      "Change In Payable": null,
      "Change In Account Payable": null,
      "Change In Inventory": null,
      "Change In Receivables": null,
      "Changes In Account Receivables": null,
      "Other Non Cash Items": null,
      "Stock Based Compensation": null,
      "Asset Impairment Charge": null,
      "Deferred Tax": null,
      "Deferred Income Tax": null,
      "Depreciation Amortization Depletion": null,
      "Depreciation And Amortization": null,
      "Depreciation": null,
      "Operating Gains Losses": null,
      "Earnings Losses From Equity Investments": null,
      "Gain Loss On Investment Securities": null,
      "Net Foreign Currency Exchange Gain Loss": null,
      "Gain Loss On Sale Of Business": null,
      "Net Income From Continuing Operations": null
    }
  },
  "earnings_estimate": {
    "avg": {
      "0q": 0.81598,
      "+1q": 0.88619,
      "0y": 3.67709,
      "+1y": 4.16457
    },
    "low": {
      "0q": 0.73,
      "+1q": 0.76,
      "0y": 2.72,
      "+1y": 2.5
    },
    "high": {
      "0q": 0.9525,
      "+1q": 1.03342,
      "0y": 4.66,
      "+1y": 5.15
    },
    "yearAgoEps": {
      "0q": 0.35,
      "+1q": 0.47,
      "0y": 2.42,
      "+1y": 3.67709
    },
    "numberOfAnalysts": {
      "0q": 7,
      "+1q": 7,
      "0y": 18,
      "+1y": 16
    },
    "growth": {
      "0q": 1.3314,
      "+1q": 0.8855,
      "0y": 0.5195,
      "+1y": 0.13260001
    }
  },
  "revenue_estimate": {
    "avg": {
      "0q": 5145946130,
      "+1q": 5548166380,
      "0y": 21778824920,
      "+1y": 23461595100
    },
    "low": {
      "0q": 4532000000,
      "+1q": 5349000000,
      "0y": 18864000000,
      "+1y": 19483730760
    },
    "high": {
      "0q": 5653613760,
      "+1q": 5884596460,
      "0y": 24046000000,
      "+1y": 27291132160
    },
    "numberOfAnalysts": {
      "0q": 5,
      "+1q": 4,
      "0y": 16,
      "+1y": 16
    },
    "yearAgoRevenue": {
      "0q": 3130000000,
      "+1q": 3681000000,
      "0y": 16956000000,
      "+1y": 21778824920
    },
    "growth": {
      "0q": 0.6441,
      "+1q": 0.5072,
      "0y": 0.28440002,
      "+1y": 0.0773
    }
  },
  "growth_estimates": {
    "stockTrend": {
      "0q": 1.3314,
      "+1q": 0.8855,
      "0y": 0.5195,
      "+1y": 0.13260001,
      "LTG": null
    },
    "indexTrend": {
      "0q": 0.1273,
      "+1q": 0.103599995,
      "0y": 0.14310001,
      "+1y": 0.1557,
      "LTG": 0.122
    }
  },
  "revenue_forecasts": null,
  "dividend_rate": 2.29,
  "trailing_dividend_rate": 0.5
}