{
  "ticker": "ACA.PA",
  "name": "Crédit Agricole",
  "country": "france",
  "currency": "EUR",
  "last_fetched": "2026-02-26T20:43:58.101205",
  "market_cap": 57561088000,
  "revenue": 26556999680,
  "net_income": 6598000128,
  "pe_ratio": 8.727064,
  "forward_pe": 7.6873655,
  "dividend_yield": 5.94,
  "profit_margin": 0.26637,
  "roe": 0.06863,
  "debt_to_equity": null,
  "beta": 0.749,
  "ev_to_ebitda": null,
  "sector": "Financial Services",
  "industry": "Banks - Regional",
  "summary": "Crédit Agricole S.A. provides retail and corporate banking, insurance, and investment banking products and services in France, Italy, rest of the European Union, rest of Europe, North America, Central and South America, Africa, the Middle East, the Asia Pacific, and Japan. It operates in five segments: Asset Gathering, Large Customers, Specialized Financial Services, French Retail Banking  LCL, and International Retail Banking. The company offers savings/retirement, death and disability/creditor/group, and property and casualty insurance products; asset management; investment solutions; banking products and services, savings, wealth management, payment, cash flow management, and online banking services; personal finance and mobility; and specialized financial services. It also provides investment banking, structured finance, international trade finance, commercial banking, capital market, and syndication services; leasing, factoring, and energy and territorial financing; and asset servicing solutions for investment products, as well as various asset classes, such as execution, clearing, forex, security lending, custody, depositary banking, fund administration, middle-office outsourcing, fund distribution, and issuer services. In addition, the company offers property services, including transactions, rental, rental management, condominium trustee, and renovation under the Square Habitat brand; property development and management; and low-carbon electricity production. The company serves individuals, SMEs, small businesses, corporates, farmers, financial institutions, local authorities, asset managers, insurance companies, institutional investors, pension and unlisted funds, banks, and brokers. Crédit Agricole S.A. was founded in 1894 and is headquartered in Montrouge, France. Crédit Agricole S.A. is a subsidiary of SAS Rue La Boetie.",
  "website": "https://www.credit-agricole.com",
  "employees": 81948,
  "target_high": 23.5,
  "target_low": 14.5,
  "target_mean": 20.06188,
  "target_median": 20.0,
  "recommendation": "hold",
  "num_analysts": 16,
  "income_stmt": {
    "2025-12-31T00:00:00": {
      "Tax Effect Of Unusual Items": 137385000.0,
      "Tax Rate For Calcs": 0.215,
      "Total Unusual Items": 639000000.0,
      "Total Unusual Items Excluding Goodwill": 639000000.0,
      "Net Income From Continuing Operation Net Minority Interest": 7074000000.0,
      "Reconciled Depreciation": 1343000000.0,
      "Net Interest Income": 15309000000.0,
      "Interest Expense": 39824000000.0,
      "Interest Income": 55133000000.0,
      "Normalized Income": 6572385000.0,
      "Net Income From Continuing And Discontinued Operation": 7074000000.0,
      "Diluted Average Shares": 3027231491.0,
      "Basic Average Shares": 3027231491.0,
      "Diluted EPS": 2.18,
      "Basic EPS": 2.18,
      "Diluted NI Availto Com Stockholders": 6598000000.0,
      "Net Income Common Stockholders": 6598000000.0,
      "Otherunder Preferred Stock Dividend": 476000000.0,
      "Net Income": 7074000000.0,
      "Minority Interests": -979000000.0,
      "Net Income Including Noncontrolling Interests": 8053000000.0,
      "Net Income Discontinuous Operations": 0.0,
      "Net Income Continuous Operations": 8053000000.0,
      "Tax Provision": 2349000000.0,
      "Pretax Income": 10402000000.0,
      "Other Non Operating Income Expenses": -5000000.0,
      "Special Income Charges": 639000000.0,
      "Other Special Charges": -666000000.0,
      "Write Off": 3000000.0,
      "Impairment Of Capital Assets": 24000000.0,
      "Gain On Sale Of Security": 2163000000.0,
      "Operating Expense": 15605000000.0,
      "Other Operating Expenses": 4988000000.0,
      "Depreciation And Amortization In Income Statement": 1319000000.0,
      "Amortization": 572000000.0,
      "Depreciation Income Statement": 747000000.0,
      "Insurance And Claims": -862000000.0,
      "Total Revenue": 26261000000.0,
      "Operating Revenue": 26261000000.0
    },
    "2024-12-31T00:00:00": {
      "Tax Effect Of Unusual Items": 76109100.0,
      "Tax Rate For Calcs": 0.2371,
      "Total Unusual Items": 321000000.0,
      "Total Unusual Items Excluding Goodwill": 321000000.0,
      "Net Income From Continuing Operation Net Minority Interest": 7087000000.0,
      "Reconciled Depreciation": 1245000000.0,
      "Net Interest Income": 14298000000.0,
      "Interest Expense": 49146000000.0,
      "Interest Income": 63444000000.0,
      "Normalized Income": 6842109100.0,
      "Net Income From Continuing And Discontinued Operation": 7087000000.0,
      "Diluted Average Shares": 3015082065.0,
      "Basic Average Shares": 3015082065.0,
      "Diluted EPS": 2.109,
      "Basic EPS": 2.109,
      "Diluted NI Availto Com Stockholders": 6358000000.0,
      "Net Income Common Stockholders": 6358000000.0,
      "Otherunder Preferred Stock Dividend": 729000000.0,
      "Net Income": 7087000000.0,
      "Minority Interests": -1067000000.0,
      "Net Income Including Noncontrolling Interests": 8154000000.0,
      "Net Income Discontinuous Operations": 0.0,
      "Net Income Continuous Operations": 8154000000.0,
      "Tax Provision": 2472000000.0,
      "Pretax Income": 10626000000.0,
      "Other Non Operating Income Expenses": -23000000.0,
      "Special Income Charges": 321000000.0,
      "Other Special Charges": -320000000.0,
      "Write Off": 3000000.0,
      "Impairment Of Capital Assets": -4000000.0,
      "Gain On Sale Of Security": 217000000.0,
      "Operating Expense": 14899000000.0,
      "Other Operating Expenses": 4918000000.0,
      "Depreciation And Amortization In Income Statement": 1249000000.0,
      "Amortization": 527000000.0,
      "Depreciation Income Statement": 722000000.0,
      "Insurance And Claims": -832000000.0,
      "Total Revenue": 25328000000.0,
      "Operating Revenue": 25328000000.0
    },
    "2023-12-31T00:00:00": {
      "Tax Effect Of Unusual Items": 77479500.0,
      "Tax Rate For Calcs": 0.2355,
      "Total Unusual Items": 329000000.0,
      "Total Unusual Items Excluding Goodwill": 329000000.0,
      "Net Income From Continuing Operation Net Minority Interest": 6351000000.0,
      "Reconciled Depreciation": 1151000000.0,
      "Net Interest Income": 14242000000.0,
      "Interest Expense": 44877000000.0,
      "Interest Income": 59119000000.0,
      "Normalized Income": 6097479500.0,
      "Net Income From Continuing And Discontinued Operation": 6348000000.0,
      "Diluted Average Shares": 3031055333.0,
      "Basic Average Shares": 3031055333.0,
      "Diluted EPS": 1.943,
      "Basic EPS": 1.943,
      "Diluted NI Availto Com Stockholders": 5890000000.0,
      "Net Income Common Stockholders": 5890000000.0,
      "Otherunder Preferred Stock Dividend": 458000000.0,
      "Net Income": 6348000000.0,
      "Minority Interests": -995000000.0,
      "Net Income Including Noncontrolling Interests": 7343000000.0,
      "Net Income Discontinuous Operations": -3000000.0,
      "Net Income Continuous Operations": 7346000000.0,
      "Tax Provision": 2200000000.0,
      "Pretax Income": 9546000000.0,
      "Other Non Operating Income Expenses": -15000000.0,
      "Special Income Charges": 329000000.0,
      "Other Special Charges": -304000000.0,
      "Write Off": -20000000.0,
      "Impairment Of Capital Assets": -3000000.0,
      "Gain On Sale Of Security": -866000000.0,
      "Operating Expense": 14145000000.0,
      "Other Operating Expenses": 5131000000.0,
      "Depreciation And Amortization In Income Statement": 1155000000.0,
      "Amortization": 455000000.0,
      "Depreciation Income Statement": 700000000.0,
      "Insurance And Claims": -821000000.0,
      "Total Revenue": 23454000000.0,
      "Operating Revenue": 23454000000.0
    },
    "2022-12-31T00:00:00": {
      "Tax Effect Of Unusual Items": -3131700.0,
      "Tax Rate For Calcs": 0.2409,
      "Total Unusual Items": -13000000.0,
      "Total Unusual Items Excluding Goodwill": -13000000.0,
      "Net Income From Continuing Operation Net Minority Interest": 5185000000.0,
      "Reconciled Depreciation": 1104000000.0,
      "Net Interest Income": 13047000000.0,
      "Interest Expense": 16966000000.0,
      "Interest Income": 30013000000.0,
      "Normalized Income": 5194868300.0,
      "Net Income From Continuing And Discontinued Operation": 5306000000.0,
      "Diluted Average Shares": 2989007006.0,
      "Basic Average Shares": 2989007006.0,
      "Diluted EPS": 1.637,
      "Basic EPS": 1.637,
      "Diluted NI Availto Com Stockholders": 4894000000.0,
      "Net Income Common Stockholders": 4894000000.0,
      "Otherunder Preferred Stock Dividend": 412000000.0,
      "Net Income": 5306000000.0,
      "Minority Interests": -880000000.0,
      "Net Income Including Noncontrolling Interests": 6186000000.0,
      "Net Income Discontinuous Operations": 121000000.0,
      "Net Income Continuous Operations": 6065000000.0,
      "Tax Provision": 1806000000.0,
      "Pretax Income": 7871000000.0,
      "Other Non Operating Income Expenses": -6000000.0,
      "Special Income Charges": -13000000.0,
      "Other Special Charges": 17000000.0,
      "Write Off": -3000000.0,
      "Impairment Of Capital Assets": -1000000.0,
      "Gain On Sale Of Security": -1025000000.0,
      "Operating Expense": 13260000000.0,
      "Other Operating Expenses": 5055000000.0,
      "Depreciation And Amortization In Income Statement": 1105000000.0,
      "Amortization": 389000000.0,
      "Depreciation Income Statement": 716000000.0,
      "Insurance And Claims": -799000000.0,
      "Total Revenue": 20646000000.0,
      "Operating Revenue": 20646000000.0
    }
  },
  "quarterly_income": {
    "2025-12-31T00:00:00": {
      "Tax Effect Of Unusual Items": 150258911.819887,
      "Tax Rate For Calcs": 0.235147,
      "Total Unusual Items": 639000000.0,
      "Total Unusual Items Excluding Goodwill": 639000000.0,
      "Net Income From Continuing Operation Net Minority Interest": 1024000000.0,
      "Normalized Income": 535258911.819887,
      "Net Income From Continuing And Discontinued Operation": 1024000000.0,
      "Diluted Average Shares": 3025000000.0,
      "Basic Average Shares": 3025000000.0,
      "Diluted EPS": 0.540165,
      "Basic EPS": 0.540165,
      "Diluted NI Availto Com Stockholders": 901000000.0,
      "Net Income Common Stockholders": 901000000.0,
      "Otherunder Preferred Stock Dividend": 123000000.0,
      "Net Income": 1024000000.0,
      "Minority Interests": -199000000.0,
      "Net Income Including Noncontrolling Interests": 1224000000.0,
      "Net Income Discontinuous Operations": 0.0,
      "Net Income Continuous Operations": 1223000000.0,
      "Tax Provision": 376000000.0,
      "Pretax Income": 1599000000.0,
      "Special Income Charges": 639000000.0,
      "Operating Expense": 4077000000.0,
      "Other Operating Expenses": -6540000000.0,
      "Total Revenue": 4691000000.0,
      "Operating Revenue": 4691000000.0
    },
    "2025-06-30T00:00:00": {
      "Tax Effect Of Unusual Items": 95765074.626866,
      "Tax Rate For Calcs": 0.161493,
      "Total Unusual Items": 593000000.0,
      "Total Unusual Items Excluding Goodwill": 593000000.0,
      "Net Income From Continuing Operation Net Minority Interest": 2389000000.0,
      "Normalized Income": 1891765074.626866,
      "Net Income From Continuing And Discontinued Operation": 2389000000.0,
      "Diluted Average Shares": 3025000000.0,
      "Basic Average Shares": 3025000000.0,
      "Diluted EPS": 0.74,
      "Basic EPS": 0.74,
      "Diluted NI Availto Com Stockholders": 2252000000.0,
      "Net Income Common Stockholders": 2252000000.0,
      "Otherunder Preferred Stock Dividend": 137000000.0,
      "Net Income": 2389000000.0,
      "Minority Interests": -420000000.0,
      "Net Income Including Noncontrolling Interests": 2809000000.0,
      "Net Income Discontinuous Operations": 0.0,
      "Net Income Continuous Operations": 2809000000.0,
      "Tax Provision": 541000000.0,
      "Pretax Income": 3350000000.0,
      "Special Income Charges": 593000000.0,
      "Operating Expense": 3699000000.0,
      "Other Operating Expenses": -1504000000.0,
      "Total Revenue": 6007000000.0,
      "Operating Revenue": 6007000000.0
    },
    "2025-03-31T00:00:00": {
      "Tax Effect Of Unusual Items": 0.0,
      "Tax Rate For Calcs": 0.29,
      "Total Unusual Items": 0.0,
      "Total Unusual Items Excluding Goodwill": 0.0,
      "Net Income From Continuing Operation Net Minority Interest": 1824000000.0,
      "Normalized Income": 1824000000.0,
      "Net Income From Continuing And Discontinued Operation": 1824000000.0,
      "Diluted Average Shares": 3025000000.0,
      "Basic Average Shares": 3025000000.0,
      "Diluted EPS": 0.56,
      "Basic EPS": 0.56,
      "Diluted NI Availto Com Stockholders": 1695000000.0,
      "Net Income Common Stockholders": 1695000000.0,
      "Otherunder Preferred Stock Dividend": 129000000.0,
      "Net Income": 1824000000.0,
      "Minority Interests": -249000000.0,
      "Net Income Including Noncontrolling Interests": 2073000000.0,
      "Net Income Discontinuous Operations": 0.0,
      "Net Income Continuous Operations": 2073000000.0,
      "Tax Provision": 827000000.0,
      "Pretax Income": 2900000000.0,
      "Special Income Charges": 0.0,
      "Operating Expense": 3991000000.0,
      "Other Operating Expenses": 3991000000.0,
      "Total Revenue": 7257000000.0,
      "Operating Revenue": 7257000000.0
    },
    "2024-12-31T00:00:00": {
      "Tax Effect Of Unusual Items": 83082352.941176,
      "Tax Rate For Calcs": 0.258824,
      "Total Unusual Items": 321000000.0,
      "Total Unusual Items Excluding Goodwill": 321000000.0,
      "Net Income From Continuing Operation Net Minority Interest": 1690000000.0,
      "Normalized Income": 1452082352.941176,
      "Net Income From Continuing And Discontinued Operation": 1690000000.0,
      "Diluted Average Shares": null,
      "Basic Average Shares": null,
      "Diluted EPS": null,
      "Basic EPS": null,
      "Diluted NI Availto Com Stockholders": 1578000000.0,
      "Net Income Common Stockholders": 1578000000.0,
      "Otherunder Preferred Stock Dividend": 112000000.0,
      "Net Income": 1690000000.0,
      "Minority Interests": -264000000.0,
      "Net Income Including Noncontrolling Interests": 1953000000.0,
      "Net Income Discontinuous Operations": 0.0,
      "Net Income Continuous Operations": 1953000000.0,
      "Tax Provision": 682000000.0,
      "Pretax Income": 2635000000.0,
      "Special Income Charges": 321000000.0,
      "Operating Expense": 3921000000.0,
      "Other Operating Expenses": -6060000000.0,
      "Total Revenue": 5234000000.0,
      "Operating Revenue": 5234000000.0
    },
    "2024-09-30T00:00:00": {
      "Tax Effect Of Unusual Items": 0.0,
      "Tax Rate For Calcs": 0.198003,
      "Total Unusual Items": 0.0,
      "Total Unusual Items Excluding Goodwill": 0.0,
      "Net Income From Continuing Operation Net Minority Interest": 1666000000.0,
      "Normalized Income": 1666000000.0,
      "Net Income From Continuing And Discontinued Operation": 1666000000.0,
      "Diluted Average Shares": 3031000000.0,
      "Basic Average Shares": 3031000000.0,
      "Diluted EPS": 0.5,
      "Basic EPS": 0.5,
      "Diluted NI Availto Com Stockholders": 1517000000.0,
      "Net Income Common Stockholders": 1517000000.0,
      "Otherunder Preferred Stock Dividend": 149000000.0,
      "Net Income": 1666000000.0,
      "Minority Interests": -262000000.0,
      "Net Income Including Noncontrolling Interests": 1928000000.0,
      "Net Income Discontinuous Operations": 0.0,
      "Net Income Continuous Operations": 1928000000.0,
      "Tax Provision": 476000000.0,
      "Pretax Income": 2404000000.0,
      "Special Income Charges": 0.0,
      "Operating Expense": 3689000000.0,
      "Other Operating Expenses": 3689000000.0,
      "Total Revenue": 6483000000.0,
      "Operating Revenue": 6483000000.0
    }
  },
  "balance_sheet": {
    "2025-12-31T00:00:00": {
      "Treasury Shares Number": 394529.0,
      "Ordinary Shares Number": 3025507821.0,
      "Share Issued": 3025902350.0,
      "Total Debt": 312979000000.0,
      "Tangible Book Value": 57841000000.0,
      "Invested Capital": 388906000000.0,
      "Net Tangible Assets": 57841000000.0,
      "Common Stock Equity": 77662000000.0,
      "Total Capitalization": 388906000000.0,
      "Total Equity Gross Minority Interest": 85864000000.0,
      "Minority Interest": 8202000000.0,
      "Stockholders Equity": 77662000000.0,
      "Retained Earnings": 7074000000.0,
      "Capital Stock": 31843000000.0,
      "Common Stock": 31843000000.0,
      "Total Liabilities Net Minority Interest": 2288443000000.0,
      "Derivative Product Liabilities": 132002000000.0,
      "Long Term Debt And Capital Lease Obligation": 312979000000.0,
      "Payables": 32077000000.0,
      "Other Payable": null,
      "Total Tax Payable": 1818000000.0,
      "Accounts Payable": 30259000000.0,
      "Total Assets": 2374307000000.0,
      "Investments And Advances": 829463000000.0,
      "Investmentin Financial Assets": 822323000000.0,
      "Available For Sale Securities": 325320000000.0,
      "Financial Assets Designatedas Fair Value Through Profitor Loss Total": 349398000000.0,
      "Trading Securities": null,
      "Long Term Equity Investment": 7140000000.0,
      "Investment Properties": 9838000000.0,
      "Goodwill And Other Intangible Assets": 19821000000.0,
      "Other Intangible Assets": 3415000000.0,
      "Goodwill": 16406000000.0,
      "Net PPE": 10311000000.0,
      "Accumulated Depreciation": -8804000000.0,
      "Gross PPE": 19115000000.0,
      "Prepaid Assets": 1418000000.0,
      "Receivables": 87633000000.0,
      "Taxes Receivable": 2382000000.0,
      "Cash And Cash Equivalents": 579758000000.0,
      "Cash Financial": 1533000000.0,
      "Cash Cash Equivalents And Federal Funds Sold": 764645000000.0
    },
    "2024-12-31T00:00:00": {
      "Treasury Shares Number": 16247289.0,
      "Ordinary Shares Number": 3024783738.0,
      "Share Issued": 3041031027.0,
      "Total Debt": 315576000000.0,
      "Tangible Book Value": 55035000000.0,
      "Invested Capital": 388495000000.0,
      "Net Tangible Assets": 55035000000.0,
      "Common Stock Equity": 74710000000.0,
      "Total Capitalization": 388495000000.0,
      "Total Equity Gross Minority Interest": 83311000000.0,
      "Minority Interest": 8601000000.0,
      "Stockholders Equity": 74710000000.0,
      "Retained Earnings": 7087000000.0,
      "Capital Stock": 30904000000.0,
      "Common Stock": 30904000000.0,
      "Total Liabilities Net Minority Interest": 2226471000000.0,
      "Derivative Product Liabilities": 148727000000.0,
      "Long Term Debt And Capital Lease Obligation": 315576000000.0,
      "Payables": 38148000000.0,
      "Other Payable": null,
      "Total Tax Payable": 1984000000.0,
      "Accounts Payable": 36164000000.0,
      "Total Assets": 2309782000000.0,
      "Investments And Advances": 781621000000.0,
      "Investmentin Financial Assets": 778693000000.0,
      "Available For Sale Securities": 312571000000.0,
      "Financial Assets Designatedas Fair Value Through Profitor Loss Total": 300999000000.0,
      "Trading Securities": 73716000000.0,
      "Long Term Equity Investment": 2928000000.0,
      "Investment Properties": 10363000000.0,
      "Goodwill And Other Intangible Assets": 19675000000.0,
      "Other Intangible Assets": 3412000000.0,
      "Goodwill": 16263000000.0,
      "Net PPE": 9712000000.0,
      "Accumulated Depreciation": -8147000000.0,
      "Gross PPE": 17859000000.0,
      "Prepaid Assets": 1579000000.0,
      "Receivables": 95232000000.0,
      "Taxes Receivable": 2030000000.0,
      "Cash And Cash Equivalents": 581472000000.0,
      "Cash Financial": 1587000000.0,
      "Cash Cash Equivalents And Federal Funds Sold": 755520000000.0
    },
    "2023-12-31T00:00:00": {
      "Treasury Shares Number": 23559181.0,
      "Ordinary Shares Number": 3029178810.0,
      "Share Issued": 3052737991.0,
      "Total Debt": 280246000000.0,
      "Tangible Book Value": 52015000000.0,
      "Invested Capital": 349604000000.0,
      "Net Tangible Assets": 52015000000.0,
      "Common Stock Equity": 71086000000.0,
      "Total Capitalization": 349604000000.0,
      "Total Equity Gross Minority Interest": 79919000000.0,
      "Minority Interest": 8833000000.0,
      "Stockholders Equity": 71086000000.0,
      "Retained Earnings": 6348000000.0,
      "Capital Stock": 30907000000.0,
      "Common Stock": 30907000000.0,
      "Total Liabilities Net Minority Interest": 2109479000000.0,
      "Derivative Product Liabilities": 119429000000.0,
      "Long Term Debt And Capital Lease Obligation": 280246000000.0,
      "Payables": 41965000000.0,
      "Other Payable": null,
      "Total Tax Payable": 2064000000.0,
      "Accounts Payable": 39901000000.0,
      "Total Assets": 2189398000000.0,
      "Investments And Advances": 690110000000.0,
      "Investmentin Financial Assets": 687511000000.0,
      "Available For Sale Securities": 295287000000.0,
      "Financial Assets Designatedas Fair Value Through Profitor Loss Total": 269608000000.0,
      "Trading Securities": null,
      "Long Term Equity Investment": 2599000000.0,
      "Investment Properties": 10824000000.0,
      "Goodwill And Other Intangible Assets": 19071000000.0,
      "Other Intangible Assets": 3142000000.0,
      "Goodwill": 15929000000.0,
      "Net PPE": 8586000000.0,
      "Accumulated Depreciation": -7406000000.0,
      "Gross PPE": 15991000000.0,
      "Prepaid Assets": 1428000000.0,
      "Receivables": 96194000000.0,
      "Taxes Receivable": 2521000000.0,
      "Cash And Cash Equivalents": 598933000000.0,
      "Cash Financial": 1519000000.0,
      "Cash Cash Equivalents And Federal Funds Sold": 759166000000.0
    },
    "2022-12-31T00:00:00": {
      "Treasury Shares Number": 18994580.0,
      "Ordinary Shares Number": 3023566136.0,
      "Share Issued": 3042560716.0,
      "Total Debt": 239899000000.0,
      "Tangible Book Value": 47743000000.0,
      "Invested Capital": 304604000000.0,
      "Net Tangible Assets": 47743000000.0,
      "Common Stock Equity": 66519000000.0,
      "Total Capitalization": 304604000000.0,
      "Total Equity Gross Minority Interest": 75480000000.0,
      "Minority Interest": 8961000000.0,
      "Stockholders Equity": 66519000000.0,
      "Retained Earnings": 5306000000.0,
      "Capital Stock": 29603000000.0,
      "Common Stock": 29603000000.0,
      "Total Liabilities Net Minority Interest": 2062606000000.0,
      "Derivative Product Liabilities": 149805000000.0,
      "Long Term Debt And Capital Lease Obligation": 239899000000.0,
      "Payables": 37438000000.0,
      "Other Payable": 35862000000.0,
      "Total Tax Payable": 1576000000.0,
      "Accounts Payable": 35862000000.0,
      "Total Assets": 2138086000000.0,
      "Investments And Advances": 655181000000.0,
      "Investmentin Financial Assets": 650881000000.0,
      "Available For Sale Securities": 296066000000.0,
      "Financial Assets Designatedas Fair Value Through Profitor Loss Total": 219490000000.0,
      "Trading Securities": null,
      "Long Term Equity Investment": 4300000000.0,
      "Investment Properties": 11974000000.0,
      "Goodwill And Other Intangible Assets": 18776000000.0,
      "Other Intangible Assets": 3094000000.0,
      "Goodwill": 15682000000.0,
      "Net PPE": 6020000000.0,
      "Accumulated Depreciation": -6437000000.0,
      "Gross PPE": 12457000000.0,
      "Prepaid Assets": 1303000000.0,
      "Receivables": 104450000000.0,
      "Taxes Receivable": 1883000000.0,
      "Cash And Cash Equivalents": 654924000000.0,
      "Cash Financial": 1580000000.0,
      "Cash Cash Equivalents And Federal Funds Sold": 778874000000.0
    },
    "2021-12-31T00:00:00": {
      "Treasury Shares Number": null,
      "Ordinary Shares Number": null,
      "Share Issued": null,
      "Total Debt": null,
      "Tangible Book Value": null,
      "Invested Capital": null,
      "Net Tangible Assets": null,
      "Common Stock Equity": null,
      "Total Capitalization": null,
      "Total Equity Gross Minority Interest": null,
      "Minority Interest": null,
      "Stockholders Equity": null,
      "Retained Earnings": null,
      "Capital Stock": null,
      "Common Stock": null,
      "Total Liabilities Net Minority Interest": null,
      "Derivative Product Liabilities": null,
      "Long Term Debt And Capital Lease Obligation": null,
      "Payables": null,
      "Other Payable": 37258000000.0,
      "Total Tax Payable": null,
      "Accounts Payable": null,
      "Total Assets": null,
      "Investments And Advances": null,
      "Investmentin Financial Assets": null,
      "Available For Sale Securities": null,
      "Financial Assets Designatedas Fair Value Through Profitor Loss Total": null,
      "Trading Securities": null,
      "Long Term Equity Investment": null,
      "Investment Properties": null,
      "Goodwill And Other Intangible Assets": null,
      "Other Intangible Assets": null,
      "Goodwill": null,
      "Net PPE": null,
      "Accumulated Depreciation": null,
      "Gross PPE": null,
      "Prepaid Assets": null,
      "Receivables": null,
      "Taxes Receivable": null,
      "Cash And Cash Equivalents": null,
      "Cash Financial": null,
      "Cash Cash Equivalents And Federal Funds Sold": null
    }
  },
  "cashflow": {
    "2025-12-31T00:00:00": {
      "Free Cash Flow": 17896000000.0,
      "Capital Expenditure": -1117000000.0,
      "End Cash Position": 135779000000.0,
      "Other Cash Adjustment Outside Changein Cash": -1000000.0,
      "Beginning Cash Position": 133144000000.0,
      "Effect Of Exchange Rate Changes": -7484000000.0,
      "Changes In Cash": 10120000000.0,
      "Financing Cash Flow": -4491000000.0,
      "Net Other Financing Charges": -967000000.0,
      "Cash Dividends Paid": -3524000000.0,
      "Common Stock Dividend Paid": -3524000000.0,
      "Net Issuance Payments Of Debt": null,
      "Net Long Term Debt Issuance": null,
      "Investing Cash Flow": -4402000000.0,
      "Net Other Investing Changes": null,
      "Net Business Purchase And Sale": -3285000000.0,
      "Net PPE Purchase And Sale": -1117000000.0,
      "Operating Cash Flow": 19013000000.0,
      "Taxes Refund Paid": -1918000000.0,
      "Dividend Received Cfo": 250000000.0,
      "Change In Working Capital": -26951000000.0,
      "Change In Other Current Assets": -26951000000.0,
      "Other Non Cash Items": 6371000000.0,
      "Provisionand Write Offof Assets": 29440000000.0,
      "Depreciation And Amortization": 1343000000.0,
      "Depreciation": 1343000000.0,
      "Gain Loss On Investment Securities": -451000000.0,
      "Net Income From Continuing Operations": 10402000000.0
    },
    "2024-12-31T00:00:00": {
      "Free Cash Flow": -16979000000.0,
      "Capital Expenditure": -1070000000.0,
      "End Cash Position": 133146000000.0,
      "Other Cash Adjustment Outside Changein Cash": 1000000.0,
      "Beginning Cash Position": 142584000000.0,
      "Effect Of Exchange Rate Changes": -1195000000.0,
      "Changes In Cash": -8244000000.0,
      "Financing Cash Flow": 9447000000.0,
      "Net Other Financing Charges": 14588000000.0,
      "Cash Dividends Paid": -5141000000.0,
      "Common Stock Dividend Paid": -5141000000.0,
      "Net Issuance Payments Of Debt": 14589000000.0,
      "Net Long Term Debt Issuance": 14589000000.0,
      "Investing Cash Flow": -1782000000.0,
      "Net Other Investing Changes": null,
      "Net Business Purchase And Sale": -712000000.0,
      "Net PPE Purchase And Sale": -1070000000.0,
      "Operating Cash Flow": -15909000000.0,
      "Taxes Refund Paid": -1187000000.0,
      "Dividend Received Cfo": 54000000.0,
      "Change In Working Capital": -47411000000.0,
      "Change In Other Current Assets": -47411000000.0,
      "Other Non Cash Items": 3727000000.0,
      "Provisionand Write Offof Assets": 17225000000.0,
      "Depreciation And Amortization": 1245000000.0,
      "Depreciation": 1245000000.0,
      "Gain Loss On Investment Securities": 4000000.0,
      "Net Income From Continuing Operations": 10626000000.0
    },
    "2023-12-31T00:00:00": {
      "Free Cash Flow": -37397000000.0,
      "Capital Expenditure": -885000000.0,
      "End Cash Position": 142584000000.0,
      "Other Cash Adjustment Outside Changein Cash": 2000000.0,
      "Beginning Cash Position": 155431000000.0,
      "Effect Of Exchange Rate Changes": -2735000000.0,
      "Changes In Cash": -10114000000.0,
      "Financing Cash Flow": 16546000000.0,
      "Net Other Financing Charges": 20009000000.0,
      "Cash Dividends Paid": -3463000000.0,
      "Common Stock Dividend Paid": -3463000000.0,
      "Net Issuance Payments Of Debt": 20010000000.0,
      "Net Long Term Debt Issuance": 20010000000.0,
      "Investing Cash Flow": 9852000000.0,
      "Net Other Investing Changes": null,
      "Net Business Purchase And Sale": 10737000000.0,
      "Net PPE Purchase And Sale": -885000000.0,
      "Operating Cash Flow": -36512000000.0,
      "Taxes Refund Paid": -1260000000.0,
      "Dividend Received Cfo": 618000000.0,
      "Change In Working Capital": -61147000000.0,
      "Change In Other Current Assets": -61147000000.0,
      "Other Non Cash Items": 5202000000.0,
      "Provisionand Write Offof Assets": 9659000000.0,
      "Depreciation And Amortization": 1151000000.0,
      "Depreciation": 1151000000.0,
      "Gain Loss On Investment Securities": -85000000.0,
      "Net Income From Continuing Operations": 9547000000.0
    },
    "2022-12-31T00:00:00": {
      "Free Cash Flow": 421000000.0,
      "Capital Expenditure": -1042000000.0,
      "End Cash Position": 155431000000.0,
      "Other Cash Adjustment Outside Changein Cash": null,
      "Beginning Cash Position": 159678000000.0,
      "Effect Of Exchange Rate Changes": -1273000000.0,
      "Changes In Cash": -2974000000.0,
      "Financing Cash Flow": 598000000.0,
      "Net Other Financing Charges": 3824000000.0,
      "Cash Dividends Paid": -3226000000.0,
      "Common Stock Dividend Paid": -3226000000.0,
      "Net Issuance Payments Of Debt": 4678000000.0,
      "Net Long Term Debt Issuance": 4678000000.0,
      "Investing Cash Flow": -5035000000.0,
      "Net Other Investing Changes": -387000000.0,
      "Net Business Purchase And Sale": -3606000000.0,
      "Net PPE Purchase And Sale": -1042000000.0,
      "Operating Cash Flow": 1463000000.0,
      "Taxes Refund Paid": -1213000000.0,
      "Dividend Received Cfo": 679000000.0,
      "Change In Working Capital": -1878000000.0,
      "Change In Other Current Assets": -1878000000.0,
      "Other Non Cash Items": 2294000000.0,
      "Provisionand Write Offof Assets": -6882000000.0,
      "Depreciation And Amortization": 1104000000.0,
      "Depreciation": 1104000000.0,
      "Gain Loss On Investment Securities": -14000000.0,
      "Net Income From Continuing Operations": 7871000000.0
    },
    "2021-12-31T00:00:00": {
      "Free Cash Flow": null,
      "Capital Expenditure": null,
      "End Cash Position": null,
      "Other Cash Adjustment Outside Changein Cash": null,
      "Beginning Cash Position": null,
      "Effect Of Exchange Rate Changes": null,
      "Changes In Cash": null,
      "Financing Cash Flow": null,
      "Net Other Financing Charges": null,
      "Cash Dividends Paid": null,
      "Common Stock Dividend Paid": null,
      "Net Issuance Payments Of Debt": 1369000000.0,
      "Net Long Term Debt Issuance": 1369000000.0,
      "Investing Cash Flow": null,
      "Net Other Investing Changes": -100000000.0,
      "Net Business Purchase And Sale": null,
      "Net PPE Purchase And Sale": null,
      "Operating Cash Flow": null,
      "Taxes Refund Paid": null,
      "Dividend Received Cfo": null,
      "Change In Working Capital": null,
      "Change In Other Current Assets": null,
      "Other Non Cash Items": null,
      "Provisionand Write Offof Assets": null,
      "Depreciation And Amortization": null,
      "Depreciation": null,
      "Gain Loss On Investment Securities": null,
      "Net Income From Continuing Operations": null
    }
  },
  "earnings_estimate": {
    "avg": {
      "0q": 0.56791,
      "+1q": 0.59793,
      "0y": 2.31661,
      "+1y": 2.47484
    },
    "low": {
      "0q": 0.55582,
      "+1q": 0.58586,
      "0y": 2.18804,
      "+1y": 2.36177
    },
    "high": {
      "0q": 0.58,
      "+1q": 0.61,
      "0y": 2.43,
      "+1y": 2.63
    },
    "yearAgoEps": {
      "0q": 0.5903,
      "+1q": 0.7465,
      "0y": 2.1854,
      "+1y": 2.31661
    },
    "numberOfAnalysts": {
      "0q": 2,
      "+1q": 2,
      "0y": 13,
      "+1y": 14
    },
    "growth": {
      "0q": -0.0379,
      "+1q": -0.199,
      "0y": 0.06,
      "+1y": 0.0683
    }
  },
  "revenue_estimate": {
    "avg": {
      "0q": 7187859850,
      "+1q": 7084383150,
      "0y": 28356087360,
      "+1y": 29276432210
    },
    "low": {
      "0q": 7174159700,
      "+1q": 7060730000,
      "0y": 27534693410,
      "+1y": 28380609090
    },
    "high": {
      "0q": 7201560000,
      "+1q": 7108036300,
      "0y": 29099000000,
      "+1y": 30025000000
    },
    "numberOfAnalysts": {
      "0q": 2,
      "+1q": 2,
      "0y": 10,
      "+1y": 10
    },
    "yearAgoRevenue": {
      "0q": 7256000000,
      "+1q": 7006000000,
      "0y": 28079000000,
      "+1y": 28356087360
    },
    "growth": {
      "0q": -0.0094,
      "+1q": 0.0112,
      "0y": 0.0099,
      "+1y": 0.0325
    }
  },
  "growth_estimates": {
    "stockTrend": {
      "0q": -0.0379,
      "+1q": -0.199,
      "0y": 0.06,
      "+1y": 0.0683,
      "LTG": null
    },
    "indexTrend": {
      "0q": 0.1273,
      "+1q": 0.103599995,
      "0y": 0.14310001,
      "+1y": 0.1557,
      "LTG": 0.122
    }
  },
  "revenue_forecasts": null,
  "dividend_rate": 1.13,
  "trailing_dividend_rate": 1.13
}