{
  "ticker": "AEM.TO",
  "name": "Agnico Eagle Mines",
  "country": "canada",
  "currency": "CAD",
  "last_fetched": "2026-02-26T20:51:18.029127",
  "market_cap": 167740702720,
  "revenue": 11907851264,
  "net_income": 4461460992,
  "pe_ratio": 27.640148,
  "forward_pe": 18.175,
  "dividend_yield": 0.74,
  "profit_margin": 0.37467,
  "roe": 0.19578,
  "debt_to_equity": 1.299,
  "beta": 0.656,
  "ev_to_ebitda": 19.743,
  "sector": "Basic Materials",
  "industry": "Gold",
  "summary": "Agnico Eagle Mines Limited, a gold mining company, engages in the exploration, development, and production of precious metals. It explores for gold, silver, copper, and zinc. The company's mines are located in Canada, Australia, Finland, and Mexico; and with exploration and development activities in Canada, Australia, Europe, Latin America, and the United States. Agnico Eagle Mines Limited was incorporated in 1953 and is headquartered in Toronto, Canada.",
  "website": "https://www.agnicoeagle.com",
  "employees": null,
  "target_high": 375.1097,
  "target_low": 125.21714,
  "target_mean": 325.71472,
  "target_median": 344.73602,
  "recommendation": "buy",
  "num_analysts": 11,
  "income_stmt": {
    "2025-12-31T00:00:00": {
      "Tax Effect Of Unusual Items": 130111660.007121,
      "Tax Rate For Calcs": 0.334499,
      "Normalized EBITDA": 7988123000.0,
      "Total Unusual Items": 388975000.0,
      "Total Unusual Items Excluding Goodwill": 388975000.0,
      "Net Income From Continuing Operation Net Minority Interest": 4461461000.0,
      "Reconciled Depreciation": 1645297000.0,
      "Reconciled Cost Of Revenue": 4985981000.0,
      "EBITDA": 8377098000.0,
      "EBIT": 6731801000.0,
      "Net Interest Income": 13481000.0,
      "Interest Expense": 27890000.0,
      "Interest Income": 52592000.0,
      "Normalized Income": 4202597660.007121,
      "Net Income From Continuing And Discontinued Operation": 4461461000.0,
      "Total Expenses": 5579890000.0,
      "Diluted Average Shares": 503434000.0,
      "Basic Average Shares": 501993000.0,
      "Diluted EPS": 8.86,
      "Basic EPS": 8.89,
      "Diluted NI Availto Com Stockholders": 4461461000.0,
      "Average Dilution Earnings": null,
      "Net Income Common Stockholders": 4461461000.0,
      "Net Income": 4461461000.0,
      "Net Income Including Noncontrolling Interests": 4461461000.0,
      "Net Income Continuous Operations": 4461461000.0,
      "Tax Provision": 2242450000.0,
      "Pretax Income": 6703911000.0,
      "Other Income Expense": 362469000.0,
      "Other Non Operating Income Expenses": -26506000.0,
      "Special Income Charges": 179536000.0,
      "Gain On Sale Of Ppe": -41219000.0,
      "Other Special Charges": 8245000.0,
      "Impairment Of Capital Assets": -229000000.0,
      "Restructuring And Mergern Acquisition": null,
      "Gain On Sale Of Security": 209439000.0,
      "Net Non Operating Interest Income Expense": 13481000.0,
      "Total Other Finance Cost": 11221000.0,
      "Interest Expense Non Operating": 27890000.0,
      "Interest Income Non Operating": 52592000.0,
      "Operating Income": 6327961000.0,
      "Operating Expense": 593909000.0,
      "Other Operating Expenses": 288160000.0,
      "Selling General And Administration": 235947000.0,
      "General And Administrative Expense": 235947000.0,
      "Other Gand A": 235947000.0,
      "Gross Profit": 6921870000.0,
      "Cost Of Revenue": 4985981000.0,
      "Total Revenue": 11907851000.0,
      "Operating Revenue": 11880601000.0
    },
    "2024-12-31T00:00:00": {
      "Tax Effect Of Unusual Items": -66577922.937529,
      "Tax Rate For Calcs": 0.328179,
      "Normalized EBITDA": 4624979000.0,
      "Total Unusual Items": -202871000.0,
      "Total Unusual Items Excluding Goodwill": -202871000.0,
      "Net Income From Continuing Operation Net Minority Interest": 1895581000.0,
      "Reconciled Depreciation": 1514076000.0,
      "Reconciled Cost Of Revenue": 4600156000.0,
      "EBITDA": 4422108000.0,
      "EBIT": 2908032000.0,
      "Net Interest Income": -74749000.0,
      "Interest Expense": 86477000.0,
      "Interest Income": 21740000.0,
      "Normalized Income": 2031874077.062471,
      "Net Income From Continuing And Discontinued Operation": 1895581000.0,
      "Total Expenses": 5136324000.0,
      "Diluted Average Shares": 500861000.0,
      "Basic Average Shares": 499904000.0,
      "Diluted EPS": 3.78,
      "Basic EPS": 3.79,
      "Diluted NI Availto Com Stockholders": 1895581000.0,
      "Average Dilution Earnings": 0.0,
      "Net Income Common Stockholders": 1895581000.0,
      "Net Income": 1895581000.0,
      "Net Income Including Noncontrolling Interests": 1895581000.0,
      "Net Income Continuous Operations": 1895581000.0,
      "Tax Provision": 925974000.0,
      "Pretax Income": 2821555000.0,
      "Other Income Expense": -253125000.0,
      "Other Non Operating Income Expenses": -50254000.0,
      "Special Income Charges": -37669000.0,
      "Gain On Sale Of Ppe": -37669000.0,
      "Other Special Charges": null,
      "Impairment Of Capital Assets": 0.0,
      "Restructuring And Mergern Acquisition": 0.0,
      "Gain On Sale Of Security": -165202000.0,
      "Net Non Operating Interest Income Expense": -74749000.0,
      "Total Other Finance Cost": 10012000.0,
      "Interest Expense Non Operating": 86477000.0,
      "Interest Income Non Operating": 21740000.0,
      "Operating Income": 3149429000.0,
      "Operating Expense": 536168000.0,
      "Other Operating Expenses": 268144000.0,
      "Selling General And Administration": 207450000.0,
      "General And Administrative Expense": 207450000.0,
      "Other Gand A": 207450000.0,
      "Gross Profit": 3685597000.0,
      "Cost Of Revenue": 4600156000.0,
      "Total Revenue": 8285753000.0,
      "Operating Revenue": 8285815000.0
    },
    "2023-12-31T00:00:00": {
      "Tax Effect Of Unusual Items": 137513424.0,
      "Tax Rate For Calcs": 0.177,
      "Normalized EBITDA": 3165144000.0,
      "Total Unusual Items": 776912000.0,
      "Total Unusual Items Excluding Goodwill": 776912000.0,
      "Net Income From Continuing Operation Net Minority Interest": 1941307000.0,
      "Reconciled Depreciation": 1491771000.0,
      "Reconciled Cost Of Revenue": 4425034000.0,
      "EBITDA": 3942056000.0,
      "EBIT": 2450285000.0,
      "Net Interest Income": -89222000.0,
      "Interest Expense": 91216000.0,
      "Interest Income": 11658000.0,
      "Normalized Income": 1301908424.0,
      "Net Income From Continuing And Discontinued Operation": 1941307000.0,
      "Total Expenses": 4932276000.0,
      "Diluted Average Shares": 489913000.0,
      "Basic Average Shares": 488723000.0,
      "Diluted EPS": 3.95,
      "Basic EPS": 3.97,
      "Diluted NI Availto Com Stockholders": 1936571000.0,
      "Average Dilution Earnings": -4736000.0,
      "Net Income Common Stockholders": 1941307000.0,
      "Net Income": 1941307000.0,
      "Net Income Including Noncontrolling Interests": 1941307000.0,
      "Net Income Continuous Operations": 1941307000.0,
      "Tax Provision": 417762000.0,
      "Pretax Income": 2359069000.0,
      "Other Income Expense": 753658000.0,
      "Other Non Operating Income Expenses": -23254000.0,
      "Special Income Charges": 708152000.0,
      "Gain On Sale Of Ppe": -26759000.0,
      "Other Special Charges": null,
      "Impairment Of Capital Assets": 787000000.0,
      "Restructuring And Mergern Acquisition": -1521911000.0,
      "Gain On Sale Of Security": 68760000.0,
      "Net Non Operating Interest Income Expense": -89222000.0,
      "Total Other Finance Cost": 9664000.0,
      "Interest Expense Non Operating": 91216000.0,
      "Interest Income Non Operating": 11658000.0,
      "Operating Income": 1694633000.0,
      "Operating Expense": 507242000.0,
      "Other Operating Expenses": 251399000.0,
      "Selling General And Administration": 208451000.0,
      "General And Administrative Expense": 208451000.0,
      "Other Gand A": 208451000.0,
      "Gross Profit": 2201875000.0,
      "Cost Of Revenue": 4425034000.0,
      "Total Revenue": 6626909000.0,
      "Operating Revenue": 6628073000.0
    },
    "2022-12-31T00:00:00": {
      "Tax Effect Of Unusual Items": -97625325.0,
      "Tax Rate For Calcs": 0.399,
      "Normalized EBITDA": 2516162000.0,
      "Total Unusual Items": -244675000.0,
      "Total Unusual Items Excluding Goodwill": -244675000.0,
      "Net Income From Continuing Operation Net Minority Interest": 670249000.0,
      "Reconciled Depreciation": 1094691000.0,
      "Reconciled Cost Of Revenue": 3738012000.0,
      "EBITDA": 2271487000.0,
      "EBIT": 1176796000.0,
      "Net Interest Income": -57164000.0,
      "Interest Expense": 61373000.0,
      "Interest Income": 11110000.0,
      "Normalized Income": 817298675.0,
      "Net Income From Continuing And Discontinued Operation": 670249000.0,
      "Total Expenses": 4298253000.0,
      "Diluted Average Shares": 438533000.0,
      "Basic Average Shares": 437678000.0,
      "Diluted EPS": 1.53,
      "Basic EPS": 1.53,
      "Diluted NI Availto Com Stockholders": 670249000.0,
      "Average Dilution Earnings": 0.0,
      "Net Income Common Stockholders": 670249000.0,
      "Net Income": 670249000.0,
      "Net Income Including Noncontrolling Interests": 670249000.0,
      "Net Income Continuous Operations": 670249000.0,
      "Tax Provision": 445174000.0,
      "Pretax Income": 1115423000.0,
      "Other Income Expense": -270322000.0,
      "Other Non Operating Income Expenses": -25647000.0,
      "Special Income Charges": -170064000.0,
      "Gain On Sale Of Ppe": -8754000.0,
      "Other Special Charges": 11275000.0,
      "Impairment Of Capital Assets": 55000000.0,
      "Restructuring And Mergern Acquisition": 95035000.0,
      "Gain On Sale Of Security": -74611000.0,
      "Net Non Operating Interest Income Expense": -57164000.0,
      "Total Other Finance Cost": 6901000.0,
      "Interest Expense Non Operating": 61373000.0,
      "Interest Income Non Operating": 11110000.0,
      "Operating Income": 1442909000.0,
      "Operating Expense": 560241000.0,
      "Other Operating Expenses": 297485000.0,
      "Selling General And Administration": 220861000.0,
      "General And Administrative Expense": 220861000.0,
      "Other Gand A": 220861000.0,
      "Gross Profit": 2003150000.0,
      "Cost Of Revenue": 3738012000.0,
      "Total Revenue": 5741162000.0,
      "Operating Revenue": 5742768000.0
    },
    "2021-12-31T00:00:00": {
      "Tax Effect Of Unusual Items": null,
      "Tax Rate For Calcs": null,
      "Normalized EBITDA": null,
      "Total Unusual Items": null,
      "Total Unusual Items Excluding Goodwill": null,
      "Net Income From Continuing Operation Net Minority Interest": null,
      "Reconciled Depreciation": null,
      "Reconciled Cost Of Revenue": null,
      "EBITDA": null,
      "EBIT": null,
      "Net Interest Income": null,
      "Interest Expense": null,
      "Interest Income": null,
      "Normalized Income": null,
      "Net Income From Continuing And Discontinued Operation": null,
      "Total Expenses": null,
      "Diluted Average Shares": null,
      "Basic Average Shares": null,
      "Diluted EPS": null,
      "Basic EPS": null,
      "Diluted NI Availto Com Stockholders": null,
      "Average Dilution Earnings": null,
      "Net Income Common Stockholders": null,
      "Net Income": null,
      "Net Income Including Noncontrolling Interests": null,
      "Net Income Continuous Operations": null,
      "Tax Provision": null,
      "Pretax Income": null,
      "Other Income Expense": null,
      "Other Non Operating Income Expenses": null,
      "Special Income Charges": null,
      "Gain On Sale Of Ppe": null,
      "Other Special Charges": 13353000.0,
      "Impairment Of Capital Assets": null,
      "Restructuring And Mergern Acquisition": 12943000.0,
      "Gain On Sale Of Security": null,
      "Net Non Operating Interest Income Expense": null,
      "Total Other Finance Cost": null,
      "Interest Expense Non Operating": null,
      "Interest Income Non Operating": null,
      "Operating Income": null,
      "Operating Expense": null,
      "Other Operating Expenses": null,
      "Selling General And Administration": null,
      "General And Administrative Expense": null,
      "Other Gand A": null,
      "Gross Profit": null,
      "Cost Of Revenue": null,
      "Total Revenue": null,
      "Operating Revenue": null
    }
  },
  "quarterly_income": {
    "2025-12-31T00:00:00": {
      "Tax Effect Of Unusual Items": 67479312.401037,
      "Tax Rate For Calcs": 0.342702,
      "Normalized EBITDA": 2495706000.0,
      "Total Unusual Items": 196904000.0,
      "Total Unusual Items Excluding Goodwill": 196904000.0,
      "Net Income From Continuing Operation Net Minority Interest": 1523061000.0,
      "Reconciled Depreciation": 421594000.0,
      "Reconciled Cost Of Revenue": 1366037000.0,
      "EBITDA": 2692610000.0,
      "EBIT": 2271016000.0,
      "Net Interest Income": 87508000.0,
      "Interest Expense": -46137000.0,
      "Interest Income": null,
      "Normalized Income": 1393636312.401037,
      "Net Income From Continuing And Discontinued Operation": 1523061000.0,
      "Total Expenses": 1572602000.0,
      "Diluted Average Shares": 502732000.0,
      "Basic Average Shares": 500803000.0,
      "Diluted EPS": 3.04,
      "Basic EPS": 3.04,
      "Diluted NI Availto Com Stockholders": 1523061000.0,
      "Average Dilution Earnings": null,
      "Net Income Common Stockholders": 1523061000.0,
      "Net Income": 1523061000.0,
      "Net Income Including Noncontrolling Interests": 1523061000.0,
      "Net Income Continuous Operations": 1523061000.0,
      "Tax Provision": 794092000.0,
      "Pretax Income": 2317153000.0,
      "Other Income Expense": 238274000.0,
      "Other Non Operating Income Expenses": 41370000.0,
      "Special Income Charges": null,
      "Gain On Sale Of Ppe": null,
      "Restructuring And Mergern Acquisition": null,
      "Gain On Sale Of Security": 17368000.0,
      "Net Non Operating Interest Income Expense": 87508000.0,
      "Interest Expense Non Operating": -46137000.0,
      "Interest Income Non Operating": null,
      "Operating Income": 1991371000.0,
      "Operating Expense": 206565000.0,
      "Other Operating Expenses": 134625000.0,
      "Selling General And Administration": 49587000.0,
      "General And Administrative Expense": 49587000.0,
      "Other Gand A": 49587000.0,
      "Gross Profit": 2197936000.0,
      "Cost Of Revenue": 1366037000.0,
      "Total Revenue": 3563973000.0,
      "Operating Revenue": 3536723000.0
    },
    "2025-09-30T00:00:00": {
      "Tax Effect Of Unusual Items": -4515390.0,
      "Tax Rate For Calcs": 0.33,
      "Normalized EBITDA": 2043352000.0,
      "Total Unusual Items": -13683000.0,
      "Total Unusual Items Excluding Goodwill": -13683000.0,
      "Net Income From Continuing Operation Net Minority Interest": 1054958000.0,
      "Reconciled Depreciation": 429947000.0,
      "Reconciled Cost Of Revenue": 1269268000.0,
      "EBITDA": 2029669000.0,
      "EBIT": 1599722000.0,
      "Net Interest Income": -24154000.0,
      "Interest Expense": 24154000.0,
      "Interest Income": 16203000.0,
      "Normalized Income": 1064125610.0,
      "Net Income From Continuing And Discontinued Operation": 1054958000.0,
      "Total Expenses": 1414525000.0,
      "Diluted Average Shares": null,
      "Basic Average Shares": null,
      "Diluted EPS": null,
      "Basic EPS": null,
      "Diluted NI Availto Com Stockholders": 1054958000.0,
      "Average Dilution Earnings": 0.0,
      "Net Income Common Stockholders": 1054958000.0,
      "Net Income": 1054958000.0,
      "Net Income Including Noncontrolling Interests": 1054958000.0,
      "Net Income Continuous Operations": 1054958000.0,
      "Tax Provision": 520610000.0,
      "Pretax Income": 1575568000.0,
      "Other Income Expense": -45282000.0,
      "Other Non Operating Income Expenses": -31599000.0,
      "Special Income Charges": -5719000.0,
      "Gain On Sale Of Ppe": -5719000.0,
      "Restructuring And Mergern Acquisition": null,
      "Gain On Sale Of Security": -13683000.0,
      "Net Non Operating Interest Income Expense": -24154000.0,
      "Interest Expense Non Operating": 24154000.0,
      "Interest Income Non Operating": 16203000.0,
      "Operating Income": 1645004000.0,
      "Operating Expense": 145257000.0,
      "Other Operating Expenses": 59630000.0,
      "Selling General And Administration": 67761000.0,
      "General And Administrative Expense": 67761000.0,
      "Other Gand A": 67761000.0,
      "Gross Profit": 1790261000.0,
      "Cost Of Revenue": 1269268000.0,
      "Total Revenue": 3059529000.0,
      "Operating Revenue": 3059529000.0
    },
    "2025-06-30T00:00:00": {
      "Tax Effect Of Unusual Items": 44197464.0,
      "Tax Rate For Calcs": 0.339,
      "Normalized EBITDA": 1890628000.0,
      "Total Unusual Items": 130376000.0,
      "Total Unusual Items Excluding Goodwill": 130376000.0,
      "Net Income From Continuing Operation Net Minority Interest": 1068711000.0,
      "Reconciled Depreciation": 376956000.0,
      "Reconciled Cost Of Revenue": 1166143000.0,
      "EBITDA": 2021004000.0,
      "EBIT": 1644048000.0,
      "Net Interest Income": -16426000.0,
      "Interest Expense": 27429000.0,
      "Interest Income": 11003000.0,
      "Normalized Income": 982532464.0,
      "Net Income From Continuing And Discontinued Operation": 1068711000.0,
      "Total Expenses": 1306049000.0,
      "Diluted Average Shares": 504360000.0,
      "Basic Average Shares": 502579000.0,
      "Diluted EPS": 2.12,
      "Basic EPS": 2.13,
      "Diluted NI Availto Com Stockholders": 1071650000.0,
      "Average Dilution Earnings": 2939000.0,
      "Net Income Common Stockholders": 1068711000.0,
      "Net Income": 1068711000.0,
      "Net Income Including Noncontrolling Interests": 1068711000.0,
      "Net Income Continuous Operations": 1068711000.0,
      "Tax Provision": 547908000.0,
      "Pretax Income": 1616619000.0,
      "Other Income Expense": 122993000.0,
      "Other Non Operating Income Expenses": -7383000.0,
      "Special Income Charges": -6459000.0,
      "Gain On Sale Of Ppe": -6459000.0,
      "Restructuring And Mergern Acquisition": null,
      "Gain On Sale Of Security": 136835000.0,
      "Net Non Operating Interest Income Expense": -16426000.0,
      "Interest Expense Non Operating": 27429000.0,
      "Interest Income Non Operating": 11003000.0,
      "Operating Income": 1510052000.0,
      "Operating Expense": 139906000.0,
      "Other Operating Expenses": 66334000.0,
      "Selling General And Administration": 57890000.0,
      "General And Administrative Expense": 57890000.0,
      "Other Gand A": 57890000.0,
      "Gross Profit": 1649958000.0,
      "Cost Of Revenue": 1166143000.0,
      "Total Revenue": 2816101000.0,
      "Operating Revenue": 2812391000.0
    },
    "2025-03-31T00:00:00": {
      "Tax Effect Of Unusual Items": 20120814.0,
      "Tax Rate For Calcs": 0.318,
      "Normalized EBITDA": 1570542000.0,
      "Total Unusual Items": 63273000.0,
      "Total Unusual Items Excluding Goodwill": 63273000.0,
      "Net Income From Continuing Operation Net Minority Interest": 814731000.0,
      "Reconciled Depreciation": 416800000.0,
      "Reconciled Cost Of Revenue": 1184533000.0,
      "EBITDA": 1633815000.0,
      "EBIT": 1217015000.0,
      "Net Interest Income": -15064000.0,
      "Interest Expense": 22444000.0,
      "Interest Income": 7380000.0,
      "Normalized Income": 771578814.0,
      "Net Income From Continuing And Discontinued Operation": 814731000.0,
      "Total Expenses": 1308678000.0,
      "Diluted Average Shares": 503773000.0,
      "Basic Average Shares": 502410000.0,
      "Diluted EPS": 1.62,
      "Basic EPS": 1.62,
      "Diluted NI Availto Com Stockholders": 814731000.0,
      "Average Dilution Earnings": 0.0,
      "Net Income Common Stockholders": 814731000.0,
      "Net Income": 814731000.0,
      "Net Income Including Noncontrolling Interests": 814731000.0,
      "Net Income Continuous Operations": 814731000.0,
      "Tax Provision": 379840000.0,
      "Pretax Income": 1194571000.0,
      "Other Income Expense": 50065000.0,
      "Other Non Operating Income Expenses": -13208000.0,
      "Special Income Charges": -5646000.0,
      "Gain On Sale Of Ppe": -5646000.0,
      "Restructuring And Mergern Acquisition": null,
      "Gain On Sale Of Security": 68919000.0,
      "Net Non Operating Interest Income Expense": -15064000.0,
      "Interest Expense Non Operating": 22444000.0,
      "Interest Income Non Operating": 7380000.0,
      "Operating Income": 1159570000.0,
      "Operating Expense": 124145000.0,
      "Other Operating Expenses": 49535000.0,
      "Selling General And Administration": 60709000.0,
      "General And Administrative Expense": 60709000.0,
      "Other Gand A": 60709000.0,
      "Gross Profit": 1283715000.0,
      "Cost Of Revenue": 1184533000.0,
      "Total Revenue": 2468248000.0,
      "Operating Revenue": 2466455000.0
    },
    "2024-12-31T00:00:00": {
      "Tax Effect Of Unusual Items": -45202018.128819,
      "Tax Rate For Calcs": 0.349204,
      "Normalized EBITDA": 1287383000.0,
      "Total Unusual Items": -129443000.0,
      "Total Unusual Items Excluding Goodwill": -129443000.0,
      "Net Income From Continuing Operation Net Minority Interest": 509255000.0,
      "Reconciled Depreciation": 388217000.0,
      "Reconciled Cost Of Revenue": 1135075000.0,
      "EBITDA": 1157940000.0,
      "EBIT": 769723000.0,
      "Net Interest Income": 13481000.0,
      "Interest Expense": -12788000.0,
      "Interest Income": 10705000.0,
      "Normalized Income": 593495981.871181,
      "Net Income From Continuing And Discontinued Operation": 509255000.0,
      "Total Expenses": 1312740000.0,
      "Diluted Average Shares": 502880000.0,
      "Basic Average Shares": 501585000.0,
      "Diluted EPS": 1.01,
      "Basic EPS": 1.02,
      "Diluted NI Availto Com Stockholders": 509255000.0,
      "Average Dilution Earnings": 0.0,
      "Net Income Common Stockholders": 509255000.0,
      "Net Income": 509255000.0,
      "Net Income Including Noncontrolling Interests": 509255000.0,
      "Net Income Continuous Operations": 509255000.0,
      "Tax Provision": 273256000.0,
      "Pretax Income": 782511000.0,
      "Other Income Expense": -141930000.0,
      "Other Non Operating Income Expenses": -12487000.0,
      "Special Income Charges": -11883000.0,
      "Gain On Sale Of Ppe": -11883000.0,
      "Restructuring And Mergern Acquisition": 0.0,
      "Gain On Sale Of Security": -117560000.0,
      "Net Non Operating Interest Income Expense": 13481000.0,
      "Interest Expense Non Operating": -12788000.0,
      "Interest Income Non Operating": 10705000.0,
      "Operating Income": 910960000.0,
      "Operating Expense": 177665000.0,
      "Other Operating Expenses": 90155000.0,
      "Selling General And Administration": 62014000.0,
      "General And Administrative Expense": 62014000.0,
      "Other Gand A": 62014000.0,
      "Gross Profit": 1088625000.0,
      "Cost Of Revenue": 1135075000.0,
      "Total Revenue": 2223700000.0,
      "Operating Revenue": 2223108000.0
    },
    "2024-09-30T00:00:00": {
      "Tax Effect Of Unusual Items": null,
      "Tax Rate For Calcs": null,
      "Normalized EBITDA": null,
      "Total Unusual Items": null,
      "Total Unusual Items Excluding Goodwill": null,
      "Net Income From Continuing Operation Net Minority Interest": null,
      "Reconciled Depreciation": null,
      "Reconciled Cost Of Revenue": null,
      "EBITDA": null,
      "EBIT": null,
      "Net Interest Income": null,
      "Interest Expense": null,
      "Interest Income": 4549000.0,
      "Normalized Income": null,
      "Net Income From Continuing And Discontinued Operation": null,
      "Total Expenses": null,
      "Diluted Average Shares": 502106000.0,
      "Basic Average Shares": 500974000.0,
      "Diluted EPS": 1.13,
      "Basic EPS": 1.13,
      "Diluted NI Availto Com Stockholders": null,
      "Average Dilution Earnings": 0.0,
      "Net Income Common Stockholders": null,
      "Net Income": null,
      "Net Income Including Noncontrolling Interests": null,
      "Net Income Continuous Operations": null,
      "Tax Provision": null,
      "Pretax Income": null,
      "Other Income Expense": null,
      "Other Non Operating Income Expenses": null,
      "Special Income Charges": -5420000.0,
      "Gain On Sale Of Ppe": -5420000.0,
      "Restructuring And Mergern Acquisition": 0.0,
      "Gain On Sale Of Security": null,
      "Net Non Operating Interest Income Expense": null,
      "Interest Expense Non Operating": null,
      "Interest Income Non Operating": 4549000.0,
      "Operating Income": null,
      "Operating Expense": null,
      "Other Operating Expenses": null,
      "Selling General And Administration": null,
      "General And Administrative Expense": null,
      "Other Gand A": null,
      "Gross Profit": null,
      "Cost Of Revenue": null,
      "Total Revenue": null,
      "Operating Revenue": null
    },
    "2024-06-30T00:00:00": {
      "Tax Effect Of Unusual Items": null,
      "Tax Rate For Calcs": null,
      "Normalized EBITDA": null,
      "Total Unusual Items": null,
      "Total Unusual Items Excluding Goodwill": null,
      "Net Income From Continuing Operation Net Minority Interest": null,
      "Reconciled Depreciation": null,
      "Reconciled Cost Of Revenue": null,
      "EBITDA": null,
      "EBIT": null,
      "Net Interest Income": null,
      "Interest Expense": null,
      "Interest Income": null,
      "Normalized Income": null,
      "Net Income From Continuing And Discontinued Operation": null,
      "Total Expenses": null,
      "Diluted Average Shares": null,
      "Basic Average Shares": null,
      "Diluted EPS": null,
      "Basic EPS": null,
      "Diluted NI Availto Com Stockholders": null,
      "Average Dilution Earnings": null,
      "Net Income Common Stockholders": null,
      "Net Income": null,
      "Net Income Including Noncontrolling Interests": null,
      "Net Income Continuous Operations": null,
      "Tax Provision": null,
      "Pretax Income": null,
      "Other Income Expense": null,
      "Other Non Operating Income Expenses": null,
      "Special Income Charges": null,
      "Gain On Sale Of Ppe": null,
      "Restructuring And Mergern Acquisition": 0.0,
      "Gain On Sale Of Security": null,
      "Net Non Operating Interest Income Expense": null,
      "Interest Expense Non Operating": null,
      "Interest Income Non Operating": null,
      "Operating Income": null,
      "Operating Expense": null,
      "Other Operating Expenses": null,
      "Selling General And Administration": null,
      "General And Administrative Expense": null,
      "Other Gand A": null,
      "Gross Profit": null,
      "Cost Of Revenue": null,
      "Total Revenue": null,
      "Operating Revenue": null
    }
  },
  "balance_sheet": {
    "2025-12-31T00:00:00": {
      "Treasury Shares Number": 721800.0,
      "Ordinary Shares Number": 500046600.0,
      "Share Issued": 500768400.0,
      "Net Debt": null,
      "Total Debt": 321470000.0,
      "Tangible Book Value": 20584792000.0,
      "Invested Capital": 24938735000.0,
      "Working Capital": 2521736000.0,
      "Net Tangible Assets": 20584792000.0,
      "Capital Lease Obligations": 125199000.0,
      "Common Stock Equity": 24742464000.0,
      "Total Capitalization": 24938735000.0,
      "Total Equity Gross Minority Interest": 24742464000.0,
      "Stockholders Equity": 24742464000.0,
      "Other Equity Interest": 166775000.0,
      "Gains Losses Not Affecting Retained Earnings": 411921000.0,
      "Other Equity Adjustments": 411921000.0,
      "Unrealized Gain Loss": null,
      "Retained Earnings": 5463906000.0,
      "Additional Paid In Capital": null,
      "Capital Stock": 18699862000.0,
      "Common Stock": 18699862000.0,
      "Total Liabilities Net Minority Interest": 9728827000.0,
      "Total Non Current Liabilities Net Minority Interest": 7256621000.0,
      "Other Non Current Liabilities": 154048000.0,
      "Employee Benefits": 89406000.0,
      "Non Current Pension And Other Postretirement Benefit Plans": 65485000.0,
      "Tradeand Other Payables Non Current": null,
      "Non Current Deferred Liabilities": 5403701000.0,
      "Non Current Deferred Revenue": 30688000.0,
      "Non Current Deferred Taxes Liabilities": 5373013000.0,
      "Long Term Debt And Capital Lease Obligation": 290990000.0,
      "Long Term Capital Lease Obligation": 94719000.0,
      "Long Term Debt": 196271000.0,
      "Long Term Provisions": 1318476000.0,
      "Current Liabilities": 2472206000.0,
      "Other Current Liabilities": 266807000.0,
      "Current Debt And Capital Lease Obligation": 30480000.0,
      "Current Capital Lease Obligation": 30480000.0,
      "Current Debt": null,
      "Other Current Borrowings": null,
      "Pensionand Other Post Retirement Benefit Plans Current": 31722000.0,
      "Current Provisions": 144537000.0,
      "Payables And Accrued Expenses": 1998660000.0,
      "Current Accrued Expenses": 283883000.0,
      "Interest Payable": null,
      "Payables": 1714777000.0,
      "Other Payable": 143824000.0,
      "Total Tax Payable": 1226347000.0,
      "Income Tax Payable": 1226347000.0,
      "Accounts Payable": 344606000.0,
      "Total Assets": 34471291000.0,
      "Total Non Current Assets": 29477349000.0,
      "Other Non Current Assets": 883429000.0,
      "Non Current Prepaid Assets": 43346000.0,
      "Non Current Deferred Assets": 17821000.0,
      "Non Current Deferred Taxes Assets": 17821000.0,
      "Non Current Note Receivables": 9203000.0,
      "Non Current Accounts Receivable": null,
      "Financial Assets": 84753000.0,
      "Investments And Advances": 1430585000.0,
      "Investmentin Financial Assets": 1423499000.0,
      "Available For Sale Securities": 1423499000.0,
      "Financial Assets Designatedas Fair Value Through Profitor Loss Total": null,
      "Long Term Equity Investment": 7086000.0,
      "Investmentsin Associatesat Cost": 7086000.0,
      "Goodwill And Other Intangible Assets": 4157672000.0,
      "Other Intangible Assets": null,
      "Goodwill": 4157672000.0,
      "Net PPE": 22850540000.0,
      "Accumulated Depreciation": -14249617000.0,
      "Gross PPE": 37100157000.0,
      "Machinery Furniture Equipment": 14133150000.0,
      "Current Assets": 4993942000.0,
      "Other Current Assets": 38925000.0,
      "Hedging Assets Current": 34428000.0,
      "Prepaid Assets": 140040000.0,
      "Inventory": 1698830000.0,
      "Finished Goods": 292746000.0,
      "Raw Materials": 1406084000.0,
      "Receivables": 206810000.0,
      "Other Receivables": null,
      "Taxes Receivable": 188120000.0,
      "Accounts Receivable": 18690000.0,
      "Cash Cash Equivalents And Short Term Investments": 2874909000.0,
      "Other Short Term Investments": 8856000.0,
      "Cash And Cash Equivalents": 2866053000.0
    },
    "2024-12-31T00:00:00": {
      "Treasury Shares Number": 710831.0,
      "Ordinary Shares Number": 501729505.0,
      "Share Issued": 502440336.0,
      "Net Debt": 216525000.0,
      "Total Debt": 1282182000.0,
      "Tangible Book Value": 16675228000.0,
      "Invested Capital": 21975856000.0,
      "Working Capital": 1293316000.0,
      "Net Tangible Assets": 16675228000.0,
      "Capital Lease Obligations": 139226000.0,
      "Common Stock Equity": 20832900000.0,
      "Total Capitalization": 21885856000.0,
      "Total Equity Gross Minority Interest": 20832900000.0,
      "Stockholders Equity": 20832900000.0,
      "Other Equity Interest": 172145000.0,
      "Gains Losses Not Affecting Retained Earnings": -41147000.0,
      "Other Equity Adjustments": -41147000.0,
      "Unrealized Gain Loss": null,
      "Retained Earnings": 2026242000.0,
      "Additional Paid In Capital": 0.0,
      "Capital Stock": 18675660000.0,
      "Common Stock": 18675660000.0,
      "Total Liabilities Net Minority Interest": 9154118000.0,
      "Total Non Current Liabilities Net Minority Interest": 7642153000.0,
      "Other Non Current Liabilities": 202213000.0,
      "Employee Benefits": 64298000.0,
      "Non Current Pension And Other Postretirement Benefit Plans": 51793000.0,
      "Tradeand Other Payables Non Current": null,
      "Non Current Deferred Liabilities": 5197137000.0,
      "Non Current Deferred Revenue": 34888000.0,
      "Non Current Deferred Taxes Liabilities": 5162249000.0,
      "Long Term Debt And Capital Lease Obligation": 1151877000.0,
      "Long Term Capital Lease Obligation": 98921000.0,
      "Long Term Debt": 1052956000.0,
      "Long Term Provisions": 1026628000.0,
      "Current Liabilities": 1511965000.0,
      "Other Current Liabilities": 242992000.0,
      "Current Debt And Capital Lease Obligation": 130305000.0,
      "Current Capital Lease Obligation": 40305000.0,
      "Current Debt": 90000000.0,
      "Other Current Borrowings": 90000000.0,
      "Pensionand Other Post Retirement Benefit Plans Current": 27290000.0,
      "Current Provisions": 58579000.0,
      "Payables And Accrued Expenses": 1052799000.0,
      "Current Accrued Expenses": 276462000.0,
      "Interest Payable": 5763000.0,
      "Payables": 776337000.0,
      "Other Payable": 108142000.0,
      "Total Tax Payable": 372197000.0,
      "Income Tax Payable": 372197000.0,
      "Accounts Payable": 295998000.0,
      "Total Assets": 29987018000.0,
      "Total Non Current Assets": 27181737000.0,
      "Other Non Current Assets": 832641000.0,
      "Non Current Prepaid Assets": 58438000.0,
      "Non Current Deferred Assets": 29198000.0,
      "Non Current Deferred Taxes Assets": 29198000.0,
      "Non Current Note Receivables": 12039000.0,
      "Non Current Accounts Receivable": null,
      "Financial Assets": 53724000.0,
      "Investments And Advances": 571526000.0,
      "Investmentin Financial Assets": 559165000.0,
      "Available For Sale Securities": 559165000.0,
      "Financial Assets Designatedas Fair Value Through Profitor Loss Total": null,
      "Long Term Equity Investment": 12361000.0,
      "Investmentsin Associatesat Cost": 12361000.0,
      "Goodwill And Other Intangible Assets": 4157672000.0,
      "Other Intangible Assets": null,
      "Goodwill": 4157672000.0,
      "Net PPE": 21466499000.0,
      "Accumulated Depreciation": -12858390000.0,
      "Gross PPE": 34324889000.0,
      "Machinery Furniture Equipment": 13291636000.0,
      "Current Assets": 2805281000.0,
      "Other Current Assets": 45288000.0,
      "Hedging Assets Current": 1348000.0,
      "Prepaid Assets": 124566000.0,
      "Inventory": 1510716000.0,
      "Finished Goods": 255516000.0,
      "Raw Materials": 1255200000.0,
      "Receivables": 189626000.0,
      "Other Receivables": null,
      "Taxes Receivable": 181980000.0,
      "Accounts Receivable": 7646000.0,
      "Cash Cash Equivalents And Short Term Investments": 933737000.0,
      "Other Short Term Investments": 7306000.0,
      "Cash And Cash Equivalents": 926431000.0
    },
    "2023-12-31T00:00:00": {
      "Treasury Shares Number": 671083.0,
      "Ordinary Shares Number": 497299441.0,
      "Share Issued": 497970524.0,
      "Net Debt": 1504438000.0,
      "Total Debt": 2004634000.0,
      "Tangible Book Value": 15265243000.0,
      "Invested Capital": 21266001000.0,
      "Working Capital": 1143126000.0,
      "Net Tangible Assets": 15265243000.0,
      "Capital Lease Obligations": 161548000.0,
      "Common Stock Equity": 19422915000.0,
      "Total Capitalization": 21166001000.0,
      "Total Equity Gross Minority Interest": 19422915000.0,
      "Stockholders Equity": 19422915000.0,
      "Other Equity Interest": 201755000.0,
      "Gains Losses Not Affecting Retained Earnings": -98955000.0,
      "Other Equity Adjustments": -98955000.0,
      "Unrealized Gain Loss": null,
      "Retained Earnings": 963172000.0,
      "Additional Paid In Capital": 22074000.0,
      "Capital Stock": 18334869000.0,
      "Common Stock": 18334869000.0,
      "Total Liabilities Net Minority Interest": 9262034000.0,
      "Total Non Current Liabilities Net Minority Interest": 8214008000.0,
      "Other Non Current Liabilities": 241805000.0,
      "Employee Benefits": 67408000.0,
      "Non Current Pension And Other Postretirement Benefit Plans": 56255000.0,
      "Tradeand Other Payables Non Current": 4973271000.0,
      "Non Current Deferred Liabilities": 4997317000.0,
      "Non Current Deferred Revenue": 24046000.0,
      "Non Current Deferred Taxes Liabilities": 4973271000.0,
      "Long Term Debt And Capital Lease Obligation": 1858240000.0,
      "Long Term Capital Lease Obligation": 115154000.0,
      "Long Term Debt": 1743086000.0,
      "Long Term Provisions": 1049238000.0,
      "Current Liabilities": 1048026000.0,
      "Other Current Liabilities": 109540000.0,
      "Current Debt And Capital Lease Obligation": 146394000.0,
      "Current Capital Lease Obligation": 46394000.0,
      "Current Debt": 100000000.0,
      "Other Current Borrowings": 100000000.0,
      "Pensionand Other Post Retirement Benefit Plans Current": 24316000.0,
      "Current Provisions": 24266000.0,
      "Payables And Accrued Expenses": 743510000.0,
      "Current Accrued Expenses": 250032000.0,
      "Interest Payable": 14226000.0,
      "Payables": 493478000.0,
      "Other Payable": 94368000.0,
      "Total Tax Payable": 81222000.0,
      "Income Tax Payable": 81222000.0,
      "Accounts Payable": 317888000.0,
      "Total Assets": 28684949000.0,
      "Total Non Current Assets": 26493797000.0,
      "Other Non Current Assets": 641003000.0,
      "Non Current Prepaid Assets": 53191000.0,
      "Non Current Deferred Assets": 53796000.0,
      "Non Current Deferred Taxes Assets": 53796000.0,
      "Non Current Note Receivables": 10108000.0,
      "Non Current Accounts Receivable": null,
      "Financial Assets": 21546000.0,
      "Investments And Advances": 334576000.0,
      "Investmentin Financial Assets": 323711000.0,
      "Available For Sale Securities": 323711000.0,
      "Financial Assets Designatedas Fair Value Through Profitor Loss Total": 21546000.0,
      "Long Term Equity Investment": 10865000.0,
      "Investmentsin Associatesat Cost": 10865000.0,
      "Goodwill And Other Intangible Assets": 4157672000.0,
      "Other Intangible Assets": null,
      "Goodwill": 4157672000.0,
      "Net PPE": 21221905000.0,
      "Accumulated Depreciation": -11248516000.0,
      "Gross PPE": 32470421000.0,
      "Machinery Furniture Equipment": 12458000000.0,
      "Current Assets": 2191152000.0,
      "Other Current Assets": 35934000.0,
      "Hedging Assets Current": 50786000.0,
      "Prepaid Assets": 151741000.0,
      "Inventory": 1418941000.0,
      "Finished Goods": 237805000.0,
      "Raw Materials": 1181136000.0,
      "Receivables": 184903000.0,
      "Other Receivables": null,
      "Taxes Receivable": 176755000.0,
      "Accounts Receivable": 8148000.0,
      "Cash Cash Equivalents And Short Term Investments": 348847000.0,
      "Other Short Term Investments": 10199000.0,
      "Cash And Cash Equivalents": 338648000.0
    },
    "2022-12-31T00:00:00": {
      "Treasury Shares Number": 694808.0,
      "Ordinary Shares Number": 456465296.0,
      "Share Issued": 457160104.0,
      "Net Debt": 683445000.0,
      "Total Debt": 1493412000.0,
      "Tangible Book Value": 14183904000.0,
      "Invested Capital": 17583415000.0,
      "Working Capital": 1233637000.0,
      "Net Tangible Assets": 14183904000.0,
      "Capital Lease Obligations": 151342000.0,
      "Common Stock Equity": 16241345000.0,
      "Total Capitalization": 17483415000.0,
      "Total Equity Gross Minority Interest": 16241345000.0,
      "Stockholders Equity": 16241345000.0,
      "Other Equity Interest": 197430000.0,
      "Gains Losses Not Affecting Retained Earnings": -29006000.0,
      "Other Equity Adjustments": -29006000.0,
      "Unrealized Gain Loss": null,
      "Retained Earnings": -201580000.0,
      "Additional Paid In Capital": 23280000.0,
      "Capital Stock": 16251221000.0,
      "Common Stock": 16251221000.0,
      "Total Liabilities Net Minority Interest": 7253463000.0,
      "Total Non Current Liabilities Net Minority Interest": 6307041000.0,
      "Other Non Current Liabilities": 5636000.0,
      "Employee Benefits": 70301000.0,
      "Non Current Pension And Other Postretirement Benefit Plans": 53024000.0,
      "Tradeand Other Payables Non Current": 3981875000.0,
      "Non Current Deferred Liabilities": 3995830000.0,
      "Non Current Deferred Revenue": 13955000.0,
      "Non Current Deferred Taxes Liabilities": 3981875000.0,
      "Long Term Debt And Capital Lease Obligation": 1356946000.0,
      "Long Term Capital Lease Obligation": 114876000.0,
      "Long Term Debt": 1242070000.0,
      "Long Term Provisions": 878328000.0,
      "Current Liabilities": 946422000.0,
      "Other Current Liabilities": 78114000.0,
      "Current Debt And Capital Lease Obligation": 136466000.0,
      "Current Capital Lease Obligation": 36466000.0,
      "Current Debt": 100000000.0,
      "Other Current Borrowings": 100000000.0,
      "Pensionand Other Post Retirement Benefit Plans Current": 15148000.0,
      "Current Provisions": 23508000.0,
      "Payables And Accrued Expenses": 693186000.0,
      "Current Accrued Expenses": 330025000.0,
      "Interest Payable": 16496000.0,
      "Payables": 363161000.0,
      "Other Payable": 99972000.0,
      "Total Tax Payable": 4187000.0,
      "Income Tax Payable": 4187000.0,
      "Accounts Payable": 259002000.0,
      "Total Assets": 23494808000.0,
      "Total Non Current Assets": 21314749000.0,
      "Other Non Current Assets": 412819000.0,
      "Non Current Prepaid Assets": 26102000.0,
      "Non Current Deferred Assets": 11574000.0,
      "Non Current Deferred Taxes Assets": 11574000.0,
      "Non Current Note Receivables": 3939000.0,
      "Non Current Accounts Receivable": null,
      "Financial Assets": 28124000.0,
      "Investments And Advances": 315350000.0,
      "Investmentin Financial Assets": 304618000.0,
      "Available For Sale Securities": 304618000.0,
      "Financial Assets Designatedas Fair Value Through Profitor Loss Total": 28124000.0,
      "Long Term Equity Investment": 10732000.0,
      "Investmentsin Associatesat Cost": 10732000.0,
      "Goodwill And Other Intangible Assets": 2057441000.0,
      "Other Intangible Assets": 13318000.0,
      "Goodwill": 2044123000.0,
      "Net PPE": 18459400000.0,
      "Accumulated Depreciation": -7618460000.0,
      "Gross PPE": 26077860000.0,
      "Machinery Furniture Equipment": 10490684000.0,
      "Current Assets": 2180059000.0,
      "Other Current Assets": 39140000.0,
      "Hedging Assets Current": 8774000.0,
      "Prepaid Assets": 110649000.0,
      "Inventory": 1209075000.0,
      "Finished Goods": 184841000.0,
      "Raw Materials": 1024234000.0,
      "Receivables": 143900000.0,
      "Other Receivables": null,
      "Taxes Receivable": 135321000.0,
      "Accounts Receivable": 8579000.0,
      "Cash Cash Equivalents And Short Term Investments": 668521000.0,
      "Other Short Term Investments": 9896000.0,
      "Cash And Cash Equivalents": 658625000.0
    },
    "2021-12-31T00:00:00": {
      "Treasury Shares Number": null,
      "Ordinary Shares Number": null,
      "Share Issued": null,
      "Net Debt": 1379437000.0,
      "Total Debt": null,
      "Tangible Book Value": null,
      "Invested Capital": null,
      "Working Capital": null,
      "Net Tangible Assets": null,
      "Capital Lease Obligations": null,
      "Common Stock Equity": null,
      "Total Capitalization": null,
      "Total Equity Gross Minority Interest": null,
      "Stockholders Equity": null,
      "Other Equity Interest": null,
      "Gains Losses Not Affecting Retained Earnings": null,
      "Other Equity Adjustments": null,
      "Unrealized Gain Loss": 65065000.0,
      "Retained Earnings": null,
      "Additional Paid In Capital": 37254000.0,
      "Capital Stock": null,
      "Common Stock": null,
      "Total Liabilities Net Minority Interest": null,
      "Total Non Current Liabilities Net Minority Interest": null,
      "Other Non Current Liabilities": null,
      "Employee Benefits": null,
      "Non Current Pension And Other Postretirement Benefit Plans": null,
      "Tradeand Other Payables Non Current": 1223128000.0,
      "Non Current Deferred Liabilities": null,
      "Non Current Deferred Revenue": null,
      "Non Current Deferred Taxes Liabilities": null,
      "Long Term Debt And Capital Lease Obligation": null,
      "Long Term Capital Lease Obligation": null,
      "Long Term Debt": null,
      "Long Term Provisions": null,
      "Current Liabilities": null,
      "Other Current Liabilities": null,
      "Current Debt And Capital Lease Obligation": null,
      "Current Capital Lease Obligation": null,
      "Current Debt": 225000000.0,
      "Other Current Borrowings": 225000000.0,
      "Pensionand Other Post Retirement Benefit Plans Current": null,
      "Current Provisions": null,
      "Payables And Accrued Expenses": null,
      "Current Accrued Expenses": null,
      "Interest Payable": 12303000.0,
      "Payables": null,
      "Other Payable": null,
      "Total Tax Payable": null,
      "Income Tax Payable": null,
      "Accounts Payable": null,
      "Total Assets": null,
      "Total Non Current Assets": null,
      "Other Non Current Assets": null,
      "Non Current Prepaid Assets": null,
      "Non Current Deferred Assets": null,
      "Non Current Deferred Taxes Assets": null,
      "Non Current Note Receivables": null,
      "Non Current Accounts Receivable": 10098000.0,
      "Financial Assets": null,
      "Investments And Advances": null,
      "Investmentin Financial Assets": null,
      "Available For Sale Securities": null,
      "Financial Assets Designatedas Fair Value Through Profitor Loss Total": 74559000.0,
      "Long Term Equity Investment": null,
      "Investmentsin Associatesat Cost": null,
      "Goodwill And Other Intangible Assets": null,
      "Other Intangible Assets": null,
      "Goodwill": null,
      "Net PPE": null,
      "Accumulated Depreciation": null,
      "Gross PPE": null,
      "Machinery Furniture Equipment": null,
      "Current Assets": null,
      "Other Current Assets": null,
      "Hedging Assets Current": null,
      "Prepaid Assets": null,
      "Inventory": null,
      "Finished Goods": null,
      "Raw Materials": null,
      "Receivables": null,
      "Other Receivables": 24594000.0,
      "Taxes Receivable": null,
      "Accounts Receivable": null,
      "Cash Cash Equivalents And Short Term Investments": null,
      "Other Short Term Investments": null,
      "Cash And Cash Equivalents": null
    }
  },
  "cashflow": {
    "2025-12-31T00:00:00": {
      "Free Cash Flow": 4261981000.0,
      "Repurchase Of Capital Stock": -682890000.0,
      "Repayment Of Debt": -986043000.0,
      "Issuance Of Debt": 0.0,
      "Issuance Of Capital Stock": 42363000.0,
      "Capital Expenditure": -2555132000.0,
      "Interest Paid Supplemental Data": 46875000.0,
      "Income Tax Paid Supplemental Data": 1177927000.0,
      "End Cash Position": 2866053000.0,
      "Beginning Cash Position": 926431000.0,
      "Effect Of Exchange Rate Changes": 7947000.0,
      "Changes In Cash": 1931675000.0,
      "Financing Cash Flow": -2287143000.0,
      "Cash Flow From Continuing Financing Activities": -2287143000.0,
      "Net Other Financing Charges": -8245000.0,
      "Proceeds From Stock Option Exercised": 75749000.0,
      "Cash Dividends Paid": -728077000.0,
      "Common Stock Dividend Paid": -728077000.0,
      "Net Common Stock Issuance": -640527000.0,
      "Common Stock Payments": -682890000.0,
      "Common Stock Issuance": 42363000.0,
      "Net Issuance Payments Of Debt": -986043000.0,
      "Net Short Term Debt Issuance": null,
      "Short Term Debt Payments": null,
      "Short Term Debt Issuance": null,
      "Net Long Term Debt Issuance": -986043000.0,
      "Long Term Debt Payments": -986043000.0,
      "Long Term Debt Issuance": 0.0,
      "Investing Cash Flow": -2598295000.0,
      "Cash Flow From Continuing Investing Activities": -2598295000.0,
      "Net Other Investing Changes": 1611000.0,
      "Net Investment Purchase And Sale": -44774000.0,
      "Sale Of Investment": 402720000.0,
      "Purchase Of Investment": -447494000.0,
      "Net Business Purchase And Sale": null,
      "Sale Of Business": null,
      "Purchase Of Business": null,
      "Net PPE Purchase And Sale": -2555132000.0,
      "Sale Of PPE": null,
      "Purchase Of PPE": -2555132000.0,
      "Operating Cash Flow": 6817113000.0,
      "Cash Flow From Continuing Operating Activities": 6817113000.0,
      "Change In Working Capital": 804297000.0,
      "Change In Other Working Capital": 886371000.0,
      "Change In Other Current Assets": -43969000.0,
      "Change In Payables And Accrued Expense": 122639000.0,
      "Change In Accrued Expense": null,
      "Change In Interest Payable": null,
      "Change In Payable": null,
      "Change In Account Payable": null,
      "Change In Inventory": -160744000.0,
      "Change In Receivables": null,
      "Changes In Account Receivables": null,
      "Other Non Cash Items": 139797000.0,
      "Stock Based Compensation": 97545000.0,
      "Asset Impairment Charge": -229000000.0,
      "Deferred Tax": 162158000.0,
      "Deferred Income Tax": 162158000.0,
      "Depreciation Amortization Depletion": 1645297000.0,
      "Depreciation And Amortization": 1645297000.0,
      "Depreciation": 1645297000.0,
      "Operating Gains Losses": -264442000.0,
      "Gain Loss On Investment Securities": -238788000.0,
      "Net Foreign Currency Exchange Gain Loss": -25654000.0,
      "Net Income From Continuing Operations": 4461461000.0
    },
    "2024-12-31T00:00:00": {
      "Free Cash Flow": 2126647000.0,
      "Repurchase Of Capital Stock": -169357000.0,
      "Repayment Of Debt": -1347319000.0,
      "Issuance Of Debt": 600000000.0,
      "Issuance Of Capital Stock": 37012000.0,
      "Capital Expenditure": -1834245000.0,
      "Interest Paid Supplemental Data": 103692000.0,
      "Income Tax Paid Supplemental Data": 474028000.0,
      "End Cash Position": 926431000.0,
      "Beginning Cash Position": 338648000.0,
      "Effect Of Exchange Rate Changes": -9664000.0,
      "Changes In Cash": 597447000.0,
      "Financing Cash Flow": -1356331000.0,
      "Cash Flow From Continuing Financing Activities": -1356331000.0,
      "Net Other Financing Charges": -3544000.0,
      "Proceeds From Stock Option Exercised": 198532000.0,
      "Cash Dividends Paid": -671655000.0,
      "Common Stock Dividend Paid": -671655000.0,
      "Net Common Stock Issuance": -132345000.0,
      "Common Stock Payments": -169357000.0,
      "Common Stock Issuance": 37012000.0,
      "Net Issuance Payments Of Debt": -747319000.0,
      "Net Short Term Debt Issuance": null,
      "Short Term Debt Payments": null,
      "Short Term Debt Issuance": null,
      "Net Long Term Debt Issuance": -747319000.0,
      "Long Term Debt Payments": -1347319000.0,
      "Long Term Debt Issuance": 600000000.0,
      "Investing Cash Flow": -2007114000.0,
      "Cash Flow From Continuing Investing Activities": -2007114000.0,
      "Net Other Investing Changes": 10152000.0,
      "Net Investment Purchase And Sale": -183021000.0,
      "Sale Of Investment": 0.0,
      "Purchase Of Investment": -183021000.0,
      "Net Business Purchase And Sale": 0.0,
      "Sale Of Business": null,
      "Purchase Of Business": 0.0,
      "Net PPE Purchase And Sale": -1834245000.0,
      "Sale Of PPE": null,
      "Purchase Of PPE": -1834245000.0,
      "Operating Cash Flow": 3960892000.0,
      "Cash Flow From Continuing Operating Activities": 3960892000.0,
      "Change In Working Capital": 80024000.0,
      "Change In Other Working Capital": 259327000.0,
      "Change In Other Current Assets": 1166000.0,
      "Change In Payables And Accrued Expense": 27831000.0,
      "Change In Accrued Expense": -8895000.0,
      "Change In Interest Payable": -8895000.0,
      "Change In Payable": 36726000.0,
      "Change In Account Payable": 36726000.0,
      "Change In Inventory": -208300000.0,
      "Change In Receivables": null,
      "Changes In Account Receivables": null,
      "Other Non Cash Items": 48566000.0,
      "Stock Based Compensation": 77404000.0,
      "Asset Impairment Charge": 0.0,
      "Deferred Tax": 213845000.0,
      "Deferred Income Tax": 213845000.0,
      "Depreciation Amortization Depletion": 1514076000.0,
      "Depreciation And Amortization": 1514076000.0,
      "Depreciation": 1514076000.0,
      "Operating Gains Losses": 131396000.0,
      "Gain Loss On Investment Securities": 122013000.0,
      "Net Foreign Currency Exchange Gain Loss": 9383000.0,
      "Net Income From Continuing Operations": 1895581000.0
    },
    "2023-12-31T00:00:00": {
      "Free Cash Flow": -64134000.0,
      "Repurchase Of Capital Stock": -47003000.0,
      "Repayment Of Debt": -1447589000.0,
      "Issuance Of Debt": 1898958000.0,
      "Issuance Of Capital Stock": 29941000.0,
      "Capital Expenditure": -2665696000.0,
      "Interest Paid Supplemental Data": 104845000.0,
      "Income Tax Paid Supplemental Data": 290525000.0,
      "End Cash Position": 338648000.0,
      "Beginning Cash Position": 658625000.0,
      "Effect Of Exchange Rate Changes": 3202000.0,
      "Changes In Cash": -323179000.0,
      "Financing Cash Flow": -163958000.0,
      "Cash Flow From Continuing Financing Activities": -163958000.0,
      "Net Other Financing Charges": null,
      "Proceeds From Stock Option Exercised": 40377000.0,
      "Cash Dividends Paid": -638642000.0,
      "Common Stock Dividend Paid": -638642000.0,
      "Net Common Stock Issuance": -17062000.0,
      "Common Stock Payments": -47003000.0,
      "Common Stock Issuance": 29941000.0,
      "Net Issuance Payments Of Debt": 451369000.0,
      "Net Short Term Debt Issuance": null,
      "Short Term Debt Payments": null,
      "Short Term Debt Issuance": null,
      "Net Long Term Debt Issuance": 451369000.0,
      "Long Term Debt Payments": -1447589000.0,
      "Long Term Debt Issuance": 1898958000.0,
      "Investing Cash Flow": -2760783000.0,
      "Cash Flow From Continuing Investing Activities": -2760783000.0,
      "Net Other Investing Changes": 9651000.0,
      "Net Investment Purchase And Sale": -104738000.0,
      "Sale Of Investment": null,
      "Purchase Of Investment": -104738000.0,
      "Net Business Purchase And Sale": 0.0,
      "Sale Of Business": 0.0,
      "Purchase Of Business": -1000617000.0,
      "Net PPE Purchase And Sale": -2665696000.0,
      "Sale Of PPE": null,
      "Purchase Of PPE": -2665696000.0,
      "Operating Cash Flow": 2601562000.0,
      "Cash Flow From Continuing Operating Activities": 2601562000.0,
      "Change In Working Capital": -146396000.0,
      "Change In Other Working Capital": 103850000.0,
      "Change In Other Current Assets": -80931000.0,
      "Change In Payables And Accrued Expense": -147000.0,
      "Change In Accrued Expense": -2925000.0,
      "Change In Interest Payable": -2925000.0,
      "Change In Payable": 2778000.0,
      "Change In Account Payable": 2778000.0,
      "Change In Inventory": -169168000.0,
      "Change In Receivables": 7458000.0,
      "Changes In Account Receivables": 7458000.0,
      "Other Non Cash Items": -1493680000.0,
      "Stock Based Compensation": 71553000.0,
      "Asset Impairment Charge": 787000000.0,
      "Deferred Tax": 52041000.0,
      "Deferred Income Tax": 52041000.0,
      "Depreciation Amortization Depletion": 1491771000.0,
      "Depreciation And Amortization": 1491771000.0,
      "Depreciation": 1491771000.0,
      "Operating Gains Losses": -102034000.0,
      "Gain Loss On Investment Securities": -101706000.0,
      "Net Foreign Currency Exchange Gain Loss": -328000.0,
      "Net Income From Continuing Operations": 1941307000.0
    },
    "2022-12-31T00:00:00": {
      "Free Cash Flow": 558399000.0,
      "Repurchase Of Capital Stock": -109955000.0,
      "Repayment Of Debt": -358701000.0,
      "Issuance Of Debt": 100000000.0,
      "Issuance Of Capital Stock": 20265000.0,
      "Capital Expenditure": -1538237000.0,
      "Interest Paid Supplemental Data": 67510000.0,
      "Income Tax Paid Supplemental Data": 316743000.0,
      "End Cash Position": 658625000.0,
      "Beginning Cash Position": 185786000.0,
      "Effect Of Exchange Rate Changes": 1514000.0,
      "Changes In Cash": 471325000.0,
      "Financing Cash Flow": -914853000.0,
      "Cash Flow From Continuing Financing Activities": -914853000.0,
      "Net Other Financing Charges": null,
      "Proceeds From Stock Option Exercised": 41845000.0,
      "Cash Dividends Paid": -608307000.0,
      "Common Stock Dividend Paid": -608307000.0,
      "Net Common Stock Issuance": -89690000.0,
      "Common Stock Payments": -109955000.0,
      "Common Stock Issuance": 20265000.0,
      "Net Issuance Payments Of Debt": -258701000.0,
      "Net Short Term Debt Issuance": null,
      "Short Term Debt Payments": null,
      "Short Term Debt Issuance": null,
      "Net Long Term Debt Issuance": -258701000.0,
      "Long Term Debt Payments": -358701000.0,
      "Long Term Debt Issuance": 100000000.0,
      "Investing Cash Flow": -710458000.0,
      "Cash Flow From Continuing Investing Activities": -710458000.0,
      "Net Other Investing Changes": 36411000.0,
      "Net Investment Purchase And Sale": -47364000.0,
      "Sale Of Investment": 0.0,
      "Purchase Of Investment": -47364000.0,
      "Net Business Purchase And Sale": 838732000.0,
      "Sale Of Business": 838732000.0,
      "Purchase Of Business": 0.0,
      "Net PPE Purchase And Sale": -1538237000.0,
      "Sale Of PPE": 1019000.0,
      "Purchase Of PPE": -1538237000.0,
      "Operating Cash Flow": 2096636000.0,
      "Cash Flow From Continuing Operating Activities": 2096636000.0,
      "Change In Working Capital": -19232000.0,
      "Change In Other Working Capital": -35010000.0,
      "Change In Other Current Assets": -10756000.0,
      "Change In Payables And Accrued Expense": 60660000.0,
      "Change In Accrued Expense": 1200000.0,
      "Change In Interest Payable": 1200000.0,
      "Change In Payable": 59460000.0,
      "Change In Account Payable": 59460000.0,
      "Change In Inventory": -46236000.0,
      "Change In Receivables": 12110000.0,
      "Changes In Account Receivables": 12110000.0,
      "Other Non Cash Items": 25965000.0,
      "Stock Based Compensation": 48570000.0,
      "Asset Impairment Charge": 55000000.0,
      "Deferred Tax": 168098000.0,
      "Deferred Income Tax": 168098000.0,
      "Depreciation Amortization Depletion": 1094691000.0,
      "Depreciation And Amortization": 1094691000.0,
      "Depreciation": 1094691000.0,
      "Operating Gains Losses": 53295000.0,
      "Gain Loss On Investment Securities": 69376000.0,
      "Net Foreign Currency Exchange Gain Loss": -16081000.0,
      "Net Income From Continuing Operations": 670249000.0
    },
    "2021-12-31T00:00:00": {
      "Free Cash Flow": null,
      "Repurchase Of Capital Stock": null,
      "Repayment Of Debt": null,
      "Issuance Of Debt": null,
      "Issuance Of Capital Stock": null,
      "Capital Expenditure": null,
      "Interest Paid Supplemental Data": null,
      "Income Tax Paid Supplemental Data": null,
      "End Cash Position": null,
      "Beginning Cash Position": null,
      "Effect Of Exchange Rate Changes": null,
      "Changes In Cash": null,
      "Financing Cash Flow": null,
      "Cash Flow From Continuing Financing Activities": null,
      "Net Other Financing Charges": -2553000.0,
      "Proceeds From Stock Option Exercised": null,
      "Cash Dividends Paid": null,
      "Common Stock Dividend Paid": null,
      "Net Common Stock Issuance": null,
      "Common Stock Payments": null,
      "Common Stock Issuance": null,
      "Net Issuance Payments Of Debt": null,
      "Net Short Term Debt Issuance": 0.0,
      "Short Term Debt Payments": -595000000.0,
      "Short Term Debt Issuance": 595000000.0,
      "Net Long Term Debt Issuance": null,
      "Long Term Debt Payments": null,
      "Long Term Debt Issuance": null,
      "Investing Cash Flow": null,
      "Cash Flow From Continuing Investing Activities": null,
      "Net Other Investing Changes": null,
      "Net Investment Purchase And Sale": null,
      "Sale Of Investment": 5361000.0,
      "Purchase Of Investment": null,
      "Net Business Purchase And Sale": -185898000.0,
      "Sale Of Business": 0.0,
      "Purchase Of Business": -185898000.0,
      "Net PPE Purchase And Sale": null,
      "Sale Of PPE": 2696000.0,
      "Purchase Of PPE": null,
      "Operating Cash Flow": null,
      "Cash Flow From Continuing Operating Activities": null,
      "Change In Working Capital": null,
      "Change In Other Working Capital": null,
      "Change In Other Current Assets": null,
      "Change In Payables And Accrued Expense": null,
      "Change In Accrued Expense": -583000.0,
      "Change In Interest Payable": -583000.0,
      "Change In Payable": -75000.0,
      "Change In Account Payable": -75000.0,
      "Change In Inventory": null,
      "Change In Receivables": -1678000.0,
      "Changes In Account Receivables": -1678000.0,
      "Other Non Cash Items": null,
      "Stock Based Compensation": null,
      "Asset Impairment Charge": null,
      "Deferred Tax": null,
      "Deferred Income Tax": null,
      "Depreciation Amortization Depletion": null,
      "Depreciation And Amortization": null,
      "Depreciation": null,
      "Operating Gains Losses": null,
      "Gain Loss On Investment Securities": null,
      "Net Foreign Currency Exchange Gain Loss": null,
      "Net Income From Continuing Operations": null
    }
  },
  "earnings_estimate": {
    "avg": {
      "0q": 3.31646,
      "+1q": 3.35726,
      "0y": 13.65472,
      "+1y": 13.19282
    },
    "low": {
      "0q": 3.01,
      "+1q": 3.01,
      "0y": 11.39,
      "+1y": 9.09495
    },
    "high": {
      "0q": 3.67523,
      "+1q": 3.69085,
      "0y": 19.58,
      "+1y": 20.86218
    },
    "yearAgoEps": {
      "0q": 1.53,
      "+1q": 1.94,
      "0y": 8.31,
      "+1y": 13.65472
    },
    "numberOfAnalysts": {
      "0q": 7,
      "+1q": 7,
      "0y": 14,
      "+1y": 15
    },
    "growth": {
      "0q": 1.1676,
      "+1q": 0.73050004,
      "0y": 0.6432,
      "+1y": -0.033800002
    }
  },
  "revenue_estimate": {
    "avg": {
      "0q": 3931292280,
      "+1q": 4098397740,
      "0y": 16167923840,
      "+1y": 15770025870
    },
    "low": {
      "0q": 3678000000,
      "+1q": 3815347140,
      "0y": 15003000000,
      "+1y": 12768000000
    },
    "high": {
      "0q": 4344134650,
      "+1q": 4413846090,
      "0y": 17665941410,
      "+1y": 18457410350
    },
    "numberOfAnalysts": {
      "0q": 4,
      "+1q": 3,
      "0y": 14,
      "+1y": 15
    },
    "yearAgoRevenue": {
      "0q": 2468248000,
      "+1q": 2816101000,
      "0y": 11907851000,
      "+1y": 16167923840
    },
    "growth": {
      "0q": 0.5927,
      "+1q": 0.45529997,
      "0y": 0.35779998,
      "+1y": -0.024600001
    }
  },
  "growth_estimates": {
    "stockTrend": {
      "0q": 1.1676,
      "+1q": 0.73050004,
      "0y": 0.6432,
      "+1y": -0.033800002,
      "LTG": null
    },
    "indexTrend": {
      "0q": 0.1273,
      "+1q": 0.103599995,
      "0y": 0.14310001,
      "+1y": 0.1557,
      "LTG": 0.122
    }
  },
  "revenue_forecasts": null,
  "dividend_rate": 2.44,
  "trailing_dividend_rate": 1.6
}