{
  "ticker": "ALV.DE",
  "name": "Allianz",
  "country": "germany",
  "currency": "EUR",
  "last_fetched": "2026-02-26T20:47:17.577800",
  "market_cap": 148321599488,
  "revenue": 109019996160,
  "net_income": 10067999744,
  "pe_ratio": 14.200812,
  "forward_pe": 11.681782,
  "dividend_yield": 4.04,
  "profit_margin": 0.09363,
  "roe": 0.18179001,
  "debt_to_equity": 60.95,
  "beta": 0.661,
  "ev_to_ebitda": 3.29,
  "sector": "Financial Services",
  "industry": "Insurance - Diversified",
  "summary": "Allianz SE, together with its subsidiaries, provides property-casualty insurance, life/health insurance, and asset management products and services Internationally. The company's Property-Casualty segment offers various insurance products, including motor liability, accident, fire and property, legal expense, credit, and travel to private and corporate customers. Its Life/Health segment provides a range of life and health insurance products on an individual and a group basis, such as annuities, endowment and term insurance, and unit-linked and investment-oriented products, as well as private and supplemental health, and long-term care insurance products. The company's Asset Management segment offers institutional and retail asset management products and services to third-party investors comprising equity and fixed income funds, cash, and multi-assets; and alternative investment products that include real estate, infrastructure debt/equity, real assets, and liquid alternatives. Its Corporate and Other segment provides banking services for retail clients, as well as digital investment services. Allianz SE was founded in 1890 and is headquartered in Munich, Germany.",
  "website": "https://www.allianz.com",
  "employees": 156626,
  "target_high": 459.0,
  "target_low": 325.0,
  "target_mean": 389.57266,
  "target_median": 394.33,
  "recommendation": "buy",
  "num_analysts": 18,
  "income_stmt": {
    "2024-12-31T00:00:00": {
      "Tax Effect Of Unusual Items": -173600000.0,
      "Tax Rate For Calcs": 0.248,
      "Total Unusual Items": -700000000.0,
      "Total Unusual Items Excluding Goodwill": -700000000.0,
      "Net Income From Continuing Operation Net Minority Interest": 9931000000.0,
      "Reconciled Depreciation": 2154000000.0,
      "EBIT": 14778000000.0,
      "Net Interest Income": -762000000.0,
      "Interest Expense": 762000000.0,
      "Interest Income": 28019000000.0,
      "Normalized Income": 10457400000.0,
      "Net Income From Continuing And Discontinued Operation": 9931000000.0,
      "Total Expenses": 122901000000.0,
      "Diluted Average Shares": 388583250.0,
      "Basic Average Shares": 388462381.0,
      "Diluted EPS": 25.18,
      "Basic EPS": 25.2,
      "Diluted NI Availto Com Stockholders": 9783000000.0,
      "Average Dilution Earnings": -5000000.0,
      "Net Income Common Stockholders": 9788000000.0,
      "Otherunder Preferred Stock Dividend": 143000000.0,
      "Net Income": 9931000000.0,
      "Minority Interests": -609000000.0,
      "Net Income Including Noncontrolling Interests": 10540000000.0,
      "Net Income Continuous Operations": 10540000000.0,
      "Tax Provision": 3476000000.0,
      "Pretax Income": 14016000000.0,
      "Other Income Expense": 3833000000.0,
      "Special Income Charges": -700000000.0,
      "Other Special Charges": 0.0,
      "Write Off": null,
      "Restructuring And Mergern Acquisition": 700000000.0,
      "Net Non Operating Interest Income Expense": -762000000.0,
      "Interest Expense Non Operating": 762000000.0,
      "Other Operating Expenses": -89000000.0,
      "Depreciation And Amortization In Income Statement": 296000000.0,
      "Amortization": 296000000.0,
      "Selling General And Administration": null,
      "General And Administrative Expense": null,
      "Total Revenue": 136916000000.0,
      "Operating Revenue": 136916000000.0,
      "Net Policyholder Benefits And Claims": 34819000000.0
    },
    "2023-12-31T00:00:00": {
      "Tax Effect Of Unusual Items": -124960000.0,
      "Tax Rate For Calcs": 0.22,
      "Total Unusual Items": -568000000.0,
      "Total Unusual Items Excluding Goodwill": -568000000.0,
      "Net Income From Continuing Operation Net Minority Interest": 8541000000.0,
      "Reconciled Depreciation": 2272000000.0,
      "EBIT": 12213000000.0,
      "Net Interest Income": -631000000.0,
      "Interest Expense": 631000000.0,
      "Interest Income": 25386000000.0,
      "Normalized Income": 8984040000.0,
      "Net Income From Continuing And Discontinued Operation": 8541000000.0,
      "Total Expenses": 108087000000.0,
      "Diluted Average Shares": 396315983.0,
      "Basic Average Shares": 396190104.0,
      "Diluted EPS": 21.18,
      "Basic EPS": 21.2,
      "Diluted NI Availto Com Stockholders": 8393000000.0,
      "Average Dilution Earnings": -6000000.0,
      "Net Income Common Stockholders": 8399000000.0,
      "Otherunder Preferred Stock Dividend": 142000000.0,
      "Net Income": 8541000000.0,
      "Minority Interests": -491000000.0,
      "Net Income Including Noncontrolling Interests": 9032000000.0,
      "Net Income Continuous Operations": 9032000000.0,
      "Tax Provision": 2550000000.0,
      "Pretax Income": 11582000000.0,
      "Other Income Expense": -1980000000.0,
      "Special Income Charges": -568000000.0,
      "Other Special Charges": 0.0,
      "Write Off": null,
      "Restructuring And Mergern Acquisition": 568000000.0,
      "Net Non Operating Interest Income Expense": -631000000.0,
      "Interest Expense Non Operating": 631000000.0,
      "Other Operating Expenses": 46000000.0,
      "Depreciation And Amortization In Income Statement": 319000000.0,
      "Amortization": 319000000.0,
      "Selling General And Administration": null,
      "General And Administrative Expense": null,
      "Total Revenue": 119667000000.0,
      "Operating Revenue": 119667000000.0,
      "Net Policyholder Benefits And Claims": 34643000000.0
    },
    "2022-12-31T00:00:00": {
      "Tax Effect Of Unusual Items": -276741000.0,
      "Tax Rate For Calcs": 0.291,
      "Total Unusual Items": -951000000.0,
      "Total Unusual Items Excluding Goodwill": -951000000.0,
      "Net Income From Continuing Operation Net Minority Interest": 6421000000.0,
      "Reconciled Depreciation": 2179000000.0,
      "EBIT": 11087000000.0,
      "Net Interest Income": -1438000000.0,
      "Interest Expense": 1438000000.0,
      "Interest Income": 24801000000.0,
      "Normalized Income": 7095259000.0,
      "Net Income From Continuing And Discontinued Operation": 6421000000.0,
      "Total Expenses": 70195000000.0,
      "Diluted Average Shares": 406260704.0,
      "Basic Average Shares": 404793132.0,
      "Diluted EPS": 15.48,
      "Basic EPS": 15.57,
      "Diluted NI Availto Com Stockholders": 6289000000.0,
      "Average Dilution Earnings": -13000000.0,
      "Net Income Common Stockholders": 6302000000.0,
      "Otherunder Preferred Stock Dividend": 119000000.0,
      "Net Income": 6421000000.0,
      "Minority Interests": -435000000.0,
      "Net Income Including Noncontrolling Interests": 6856000000.0,
      "Net Income Continuous Operations": 6856000000.0,
      "Tax Provision": 2808000000.0,
      "Pretax Income": 9664000000.0,
      "Other Income Expense": 3728000000.0,
      "Special Income Charges": -951000000.0,
      "Other Special Charges": 0.0,
      "Write Off": 436000000.0,
      "Restructuring And Mergern Acquisition": 951000000.0,
      "Net Non Operating Interest Income Expense": -1438000000.0,
      "Interest Expense Non Operating": 1438000000.0,
      "Other Operating Expenses": 424000000.0,
      "Depreciation And Amortization In Income Statement": 323000000.0,
      "Amortization": 323000000.0,
      "Selling General And Administration": 11173000000.0,
      "General And Administrative Expense": 11173000000.0,
      "Total Revenue": 79860000000.0,
      "Operating Revenue": 79860000000.0,
      "Net Policyholder Benefits And Claims": 33833000000.0
    },
    "2021-12-31T00:00:00": {
      "Tax Effect Of Unusual Items": -169164000.0,
      "Tax Rate For Calcs": 0.254,
      "Total Unusual Items": -666000000.0,
      "Total Unusual Items Excluding Goodwill": -666000000.0,
      "Net Income From Continuing Operation Net Minority Interest": 6610000000.0,
      "Reconciled Depreciation": 2525000000.0,
      "EBIT": 10679000000.0,
      "Net Interest Income": -1159000000.0,
      "Interest Expense": 1159000000.0,
      "Interest Income": 22044000000.0,
      "Normalized Income": 7106836000.0,
      "Net Income From Continuing And Discontinued Operation": 6610000000.0,
      "Total Expenses": 109395000000.0,
      "Diluted Average Shares": 411689041.0,
      "Basic Average Shares": 410924074.0,
      "Diluted EPS": 15.83,
      "Basic EPS": 15.96,
      "Diluted NI Availto Com Stockholders": 6518000000.0,
      "Average Dilution Earnings": -42000000.0,
      "Net Income Common Stockholders": 6560000000.0,
      "Otherunder Preferred Stock Dividend": 50000000.0,
      "Net Income": 6610000000.0,
      "Minority Interests": -495000000.0,
      "Net Income Including Noncontrolling Interests": 7105000000.0,
      "Net Income Continuous Operations": 7105000000.0,
      "Tax Provision": 2415000000.0,
      "Pretax Income": 9520000000.0,
      "Other Income Expense": 5554000000.0,
      "Special Income Charges": -666000000.0,
      "Other Special Charges": 0.0,
      "Write Off": 0.0,
      "Restructuring And Mergern Acquisition": 666000000.0,
      "Net Non Operating Interest Income Expense": -1159000000.0,
      "Interest Expense Non Operating": 1159000000.0,
      "Other Operating Expenses": 2000000.0,
      "Depreciation And Amortization In Income Statement": 307000000.0,
      "Amortization": 307000000.0,
      "Selling General And Administration": 12483000000.0,
      "General And Administrative Expense": 12483000000.0,
      "Total Revenue": 118911000000.0,
      "Operating Revenue": 118911000000.0,
      "Net Policyholder Benefits And Claims": 57122000000.0
    }
  },
  "quarterly_income": {
    "2025-09-30T00:00:00": {
      "Tax Effect Of Unusual Items": -35942028.985507,
      "Tax Rate For Calcs": 0.247876,
      "Total Unusual Items": -145000000.0,
      "Total Unusual Items Excluding Goodwill": -145000000.0,
      "Net Income From Continuing Operation Net Minority Interest": 2847000000.0,
      "Reconciled Depreciation": 66000000.0,
      "EBIT": 4188000000.0,
      "Net Interest Income": -186000000.0,
      "Interest Expense": 186000000.0,
      "Normalized Income": 2956057971.014493,
      "Net Income From Continuing And Discontinued Operation": 2847000000.0,
      "Total Expenses": 35779000000.0,
      "Diluted Average Shares": 381442531.0,
      "Basic Average Shares": 381391281.0,
      "Diluted EPS": 7.4,
      "Basic EPS": 7.4,
      "Diluted NI Availto Com Stockholders": 2821000000.0,
      "Average Dilution Earnings": -1000000.0,
      "Net Income Common Stockholders": 2822000000.0,
      "Otherunder Preferred Stock Dividend": 25000000.0,
      "Net Income": 2847000000.0,
      "Minority Interests": -163000000.0,
      "Net Income Including Noncontrolling Interests": 3010000000.0,
      "Net Income Continuous Operations": 3010000000.0,
      "Tax Provision": 992000000.0,
      "Pretax Income": 4002000000.0,
      "Other Income Expense": 0.0,
      "Special Income Charges": -145000000.0,
      "Other Special Charges": 0.0,
      "Restructuring And Mergern Acquisition": 145000000.0,
      "Net Non Operating Interest Income Expense": -186000000.0,
      "Interest Expense Non Operating": 186000000.0,
      "Other Operating Expenses": 1725000000.0,
      "Depreciation And Amortization In Income Statement": 66000000.0,
      "Amortization": 66000000.0,
      "Total Revenue": 39782000000.0,
      "Operating Revenue": 39782000000.0,
      "Net Policyholder Benefits And Claims": 15994000000.0
    },
    "2025-06-30T00:00:00": {
      "Tax Effect Of Unusual Items": -42810336.421258,
      "Tax Rate For Calcs": 0.264261,
      "Total Unusual Items": -162000000.0,
      "Total Unusual Items Excluding Goodwill": -162000000.0,
      "Net Income From Continuing Operation Net Minority Interest": 2841000000.0,
      "Reconciled Depreciation": 77000000.0,
      "EBIT": null,
      "Net Interest Income": null,
      "Interest Expense": null,
      "Normalized Income": 2960189663.578742,
      "Net Income From Continuing And Discontinued Operation": 2841000000.0,
      "Total Expenses": 28988000000.0,
      "Diluted Average Shares": null,
      "Basic Average Shares": null,
      "Diluted EPS": null,
      "Basic EPS": null,
      "Diluted NI Availto Com Stockholders": 2701000000.0,
      "Average Dilution Earnings": -1000000.0,
      "Net Income Common Stockholders": 2702000000.0,
      "Otherunder Preferred Stock Dividend": null,
      "Net Income": 2841000000.0,
      "Minority Interests": -177000000.0,
      "Net Income Including Noncontrolling Interests": 3018000000.0,
      "Net Income Continuous Operations": 3018000000.0,
      "Tax Provision": 1084000000.0,
      "Pretax Income": 4102000000.0,
      "Other Income Expense": -7330000000.0,
      "Special Income Charges": -162000000.0,
      "Other Special Charges": 0.0,
      "Restructuring And Mergern Acquisition": 162000000.0,
      "Net Non Operating Interest Income Expense": null,
      "Interest Expense Non Operating": null,
      "Other Operating Expenses": -1579000000.0,
      "Depreciation And Amortization In Income Statement": 77000000.0,
      "Amortization": 77000000.0,
      "Total Revenue": 33090000000.0,
      "Operating Revenue": 33090000000.0,
      "Net Policyholder Benefits And Claims": -1192000000.0
    },
    "2025-03-31T00:00:00": {
      "Tax Effect Of Unusual Items": -39453164.556962,
      "Tax Rate For Calcs": 0.27398,
      "Total Unusual Items": -144000000.0,
      "Total Unusual Items Excluding Goodwill": -144000000.0,
      "Net Income From Continuing Operation Net Minority Interest": 2423000000.0,
      "Reconciled Depreciation": 68000000.0,
      "EBIT": 3745000000.0,
      "Net Interest Income": -190000000.0,
      "Interest Expense": 190000000.0,
      "Normalized Income": 2527546835.443038,
      "Net Income From Continuing And Discontinued Operation": 2423000000.0,
      "Total Expenses": 23368000000.0,
      "Diluted Average Shares": 385997442.0,
      "Basic Average Shares": 385901408.0,
      "Diluted EPS": 6.27,
      "Basic EPS": 6.28,
      "Diluted NI Availto Com Stockholders": 2422000000.0,
      "Average Dilution Earnings": -1000000.0,
      "Net Income Common Stockholders": 2423000000.0,
      "Otherunder Preferred Stock Dividend": null,
      "Net Income": 2423000000.0,
      "Minority Interests": -158000000.0,
      "Net Income Including Noncontrolling Interests": 2581000000.0,
      "Net Income Continuous Operations": 2581000000.0,
      "Tax Provision": 974000000.0,
      "Pretax Income": 3555000000.0,
      "Other Income Expense": 153000000.0,
      "Special Income Charges": -144000000.0,
      "Other Special Charges": 0.0,
      "Restructuring And Mergern Acquisition": 144000000.0,
      "Net Non Operating Interest Income Expense": -190000000.0,
      "Interest Expense Non Operating": 190000000.0,
      "Other Operating Expenses": 1731000000.0,
      "Depreciation And Amortization In Income Statement": 68000000.0,
      "Amortization": 68000000.0,
      "Total Revenue": 26925000000.0,
      "Operating Revenue": 26925000000.0,
      "Net Policyholder Benefits And Claims": 15542000000.0
    },
    "2024-12-31T00:00:00": {
      "Tax Effect Of Unusual Items": -63500000.0,
      "Tax Rate For Calcs": 0.25,
      "Total Unusual Items": -254000000.0,
      "Total Unusual Items Excluding Goodwill": -254000000.0,
      "Net Income From Continuing Operation Net Minority Interest": 2472000000.0,
      "Reconciled Depreciation": 74000000.0,
      "EBIT": 3722000000.0,
      "Net Interest Income": -204000000.0,
      "Interest Expense": 204000000.0,
      "Normalized Income": 2662500000.0,
      "Net Income From Continuing And Discontinued Operation": 2472000000.0,
      "Total Expenses": 32411000000.0,
      "Diluted Average Shares": 387807471.0,
      "Basic Average Shares": 385853086.0,
      "Diluted EPS": 6.4,
      "Basic EPS": 6.41,
      "Diluted NI Availto Com Stockholders": 2482000000.0,
      "Average Dilution Earnings": 9000000.0,
      "Net Income Common Stockholders": 2472000000.0,
      "Otherunder Preferred Stock Dividend": null,
      "Net Income": 2472000000.0,
      "Minority Interests": -163000000.0,
      "Net Income Including Noncontrolling Interests": 2635000000.0,
      "Net Income Continuous Operations": 2635000000.0,
      "Tax Provision": 883000000.0,
      "Pretax Income": 3518000000.0,
      "Other Income Expense": 86000000.0,
      "Special Income Charges": -254000000.0,
      "Other Special Charges": 0.0,
      "Restructuring And Mergern Acquisition": 254000000.0,
      "Net Non Operating Interest Income Expense": -204000000.0,
      "Interest Expense Non Operating": 204000000.0,
      "Other Operating Expenses": 1857000000.0,
      "Depreciation And Amortization In Income Statement": 74000000.0,
      "Amortization": 74000000.0,
      "Total Revenue": 35929000000.0,
      "Operating Revenue": 35929000000.0,
      "Net Policyholder Benefits And Claims": 16864000000.0
    },
    "2024-09-30T00:00:00": {
      "Tax Effect Of Unusual Items": -52206759.44334,
      "Tax Rate For Calcs": 0.258449,
      "Total Unusual Items": -202000000.0,
      "Total Unusual Items Excluding Goodwill": -202000000.0,
      "Net Income From Continuing Operation Net Minority Interest": 2471000000.0,
      "Reconciled Depreciation": 73000000.0,
      "EBIT": 3713000000.0,
      "Net Interest Income": -192000000.0,
      "Interest Expense": 192000000.0,
      "Normalized Income": 2620793240.55666,
      "Net Income From Continuing And Discontinued Operation": 2471000000.0,
      "Total Expenses": 31862000000.0,
      "Diluted Average Shares": 387392324.0,
      "Basic Average Shares": 387329274.0,
      "Diluted EPS": 6.38,
      "Basic EPS": 6.38,
      "Diluted NI Availto Com Stockholders": 2470000000.0,
      "Average Dilution Earnings": -1000000.0,
      "Net Income Common Stockholders": 2471000000.0,
      "Otherunder Preferred Stock Dividend": null,
      "Net Income": 2471000000.0,
      "Minority Interests": -141000000.0,
      "Net Income Including Noncontrolling Interests": 2611000000.0,
      "Net Income Continuous Operations": 2611000000.0,
      "Tax Provision": 910000000.0,
      "Pretax Income": 3521000000.0,
      "Other Income Expense": 294000000.0,
      "Special Income Charges": -202000000.0,
      "Other Special Charges": 0.0,
      "Restructuring And Mergern Acquisition": 202000000.0,
      "Net Non Operating Interest Income Expense": -192000000.0,
      "Interest Expense Non Operating": 192000000.0,
      "Other Operating Expenses": 1431000000.0,
      "Depreciation And Amortization In Income Statement": 73000000.0,
      "Amortization": 73000000.0,
      "Total Revenue": 35384000000.0,
      "Operating Revenue": 35384000000.0,
      "Net Policyholder Benefits And Claims": 15464000000.0
    }
  },
  "balance_sheet": {
    "2024-12-31T00:00:00": {
      "Treasury Shares Number": 247239.0,
      "Ordinary Shares Number": 385919437.0,
      "Share Issued": 386166676.0,
      "Net Debt": 610000000.0,
      "Total Debt": 32247000000.0,
      "Tangible Book Value": 41162000000.0,
      "Invested Capital": 92534000000.0,
      "Net Tangible Assets": 41162000000.0,
      "Capital Lease Obligations": null,
      "Common Stock Equity": 60287000000.0,
      "Total Capitalization": 92534000000.0,
      "Total Equity Gross Minority Interest": 64076000000.0,
      "Minority Interest": 3789000000.0,
      "Stockholders Equity": 60287000000.0,
      "Other Equity Interest": 4916000000.0,
      "Treasury Stock": 38000000.0,
      "Retained Earnings": 33354000000.0,
      "Additional Paid In Capital": 27732000000.0,
      "Capital Stock": 1170000000.0,
      "Common Stock": 1170000000.0,
      "Total Liabilities Net Minority Interest": 980502000000.0,
      "Derivative Product Liabilities": 14242000000.0,
      "Non Current Pension And Other Postretirement Benefit Plans": 12289000000.0,
      "Non Current Deferred Revenue": 743000000.0,
      "Non Current Deferred Taxes Liabilities": 2257000000.0,
      "Long Term Debt And Capital Lease Obligation": 32247000000.0,
      "Long Term Capital Lease Obligation": null,
      "Long Term Debt": 32247000000.0,
      "Long Term Provisions": 3212000000.0,
      "Payables": 5768000000.0,
      "Other Payable": 917000000.0,
      "Total Tax Payable": 4851000000.0,
      "Accounts Payable": null,
      "Total Assets": 1044578000000.0,
      "Non Current Deferred Taxes Assets": 6055000000.0,
      "Financial Assets": 18222000000.0,
      "Investments And Advances": 727409000000.0,
      "Investmentin Financial Assets": 130221000000.0,
      "Held To Maturity Securities": null,
      "Available For Sale Securities": 10172000000.0,
      "Financial Assets Designatedas Fair Value Through Profitor Loss Total": 101827000000.0,
      "Trading Securities": null,
      "Long Term Equity Investment": 22306000000.0,
      "Investment Properties": 22496000000.0,
      "Goodwill And Other Intangible Assets": 19125000000.0,
      "Other Intangible Assets": 2063000000.0,
      "Goodwill": 17062000000.0,
      "Net PPE": 13181000000.0,
      "Accumulated Depreciation": -14490000000.0,
      "Gross PPE": 27671000000.0,
      "Other Properties": 10987000000.0,
      "Machinery Furniture Equipment": 12366000000.0,
      "Properties": 4318000000.0,
      "Prepaid Assets": 849000000.0,
      "Other Receivables": null,
      "Taxes Receivable": 4679000000.0,
      "Accounts Receivable": 8076000000.0,
      "Cash Cash Equivalents And Short Term Investments": 606519000000.0,
      "Other Short Term Investments": 574882000000.0,
      "Cash And Cash Equivalents": 31637000000.0
    },
    "2023-12-31T00:00:00": {
      "Treasury Shares Number": 260394.0,
      "Ordinary Shares Number": 391458589.0,
      "Share Issued": 391718983.0,
      "Net Debt": 774000000.0,
      "Total Debt": 29983000000.0,
      "Tangible Book Value": 39590000000.0,
      "Invested Capital": 88222000000.0,
      "Net Tangible Assets": 39590000000.0,
      "Capital Lease Obligations": null,
      "Common Stock Equity": 58239000000.0,
      "Total Capitalization": 88222000000.0,
      "Total Equity Gross Minority Interest": 61560000000.0,
      "Minority Interest": 3321000000.0,
      "Stockholders Equity": 58239000000.0,
      "Other Equity Interest": 4764000000.0,
      "Treasury Stock": 38000000.0,
      "Retained Earnings": 30502000000.0,
      "Additional Paid In Capital": 27732000000.0,
      "Capital Stock": 1170000000.0,
      "Common Stock": 1170000000.0,
      "Total Liabilities Net Minority Interest": 921614000000.0,
      "Derivative Product Liabilities": 10194000000.0,
      "Non Current Pension And Other Postretirement Benefit Plans": 12288000000.0,
      "Non Current Deferred Revenue": 672000000.0,
      "Non Current Deferred Taxes Liabilities": 2124000000.0,
      "Long Term Debt And Capital Lease Obligation": 29983000000.0,
      "Long Term Capital Lease Obligation": null,
      "Long Term Debt": 29983000000.0,
      "Long Term Provisions": 2800000000.0,
      "Payables": 5214000000.0,
      "Other Payable": 873000000.0,
      "Total Tax Payable": 4341000000.0,
      "Accounts Payable": null,
      "Total Assets": 983174000000.0,
      "Non Current Deferred Taxes Assets": 5992000000.0,
      "Financial Assets": 15114000000.0,
      "Investments And Advances": 695025000000.0,
      "Investmentin Financial Assets": 113105000000.0,
      "Held To Maturity Securities": null,
      "Available For Sale Securities": 8829000000.0,
      "Financial Assets Designatedas Fair Value Through Profitor Loss Total": 89162000000.0,
      "Trading Securities": null,
      "Long Term Equity Investment": 21187000000.0,
      "Investment Properties": 23924000000.0,
      "Goodwill And Other Intangible Assets": 18649000000.0,
      "Other Intangible Assets": 2028000000.0,
      "Goodwill": 16621000000.0,
      "Net PPE": 13070000000.0,
      "Accumulated Depreciation": -13017000000.0,
      "Gross PPE": 26087000000.0,
      "Other Properties": 10619000000.0,
      "Machinery Furniture Equipment": 11286000000.0,
      "Properties": 4182000000.0,
      "Prepaid Assets": 788000000.0,
      "Other Receivables": null,
      "Taxes Receivable": 5414000000.0,
      "Accounts Receivable": 7943000000.0,
      "Cash Cash Equivalents And Short Term Investments": 589942000000.0,
      "Other Short Term Investments": 560733000000.0,
      "Cash And Cash Equivalents": 29209000000.0
    },
    "2022-12-31T00:00:00": {
      "Treasury Shares Number": 1724834.0,
      "Ordinary Shares Number": 401589162.0,
      "Share Issued": 403313996.0,
      "Net Debt": 6602000000.0,
      "Total Debt": 29498000000.0,
      "Tangible Book Value": 35973000000.0,
      "Invested Capital": 83913000000.0,
      "Net Tangible Assets": 35973000000.0,
      "Capital Lease Obligations": 2740000000.0,
      "Common Stock Equity": 54415000000.0,
      "Total Capitalization": 83913000000.0,
      "Total Equity Gross Minority Interest": 58735000000.0,
      "Minority Interest": 4320000000.0,
      "Stockholders Equity": 54415000000.0,
      "Other Equity Interest": 4843000000.0,
      "Treasury Stock": 333000000.0,
      "Retained Earnings": 29687000000.0,
      "Additional Paid In Capital": 27732000000.0,
      "Capital Stock": 1170000000.0,
      "Common Stock": 1170000000.0,
      "Total Liabilities Net Minority Interest": 877162000000.0,
      "Derivative Product Liabilities": 6586000000.0,
      "Non Current Pension And Other Postretirement Benefit Plans": 11455000000.0,
      "Non Current Deferred Revenue": 610000000.0,
      "Non Current Deferred Taxes Liabilities": 2158000000.0,
      "Long Term Debt And Capital Lease Obligation": 29498000000.0,
      "Long Term Capital Lease Obligation": 2740000000.0,
      "Long Term Debt": 29498000000.0,
      "Long Term Provisions": 2963000000.0,
      "Payables": 4662000000.0,
      "Other Payable": 804000000.0,
      "Total Tax Payable": 3858000000.0,
      "Accounts Payable": 11825000000.0,
      "Total Assets": 935897000000.0,
      "Non Current Deferred Taxes Assets": 6369000000.0,
      "Financial Assets": 9547000000.0,
      "Investments And Advances": 662697000000.0,
      "Investmentin Financial Assets": 95368000000.0,
      "Held To Maturity Securities": 2867000000.0,
      "Available For Sale Securities": 7870000000.0,
      "Financial Assets Designatedas Fair Value Through Profitor Loss Total": 77951000000.0,
      "Trading Securities": 801000000.0,
      "Long Term Equity Investment": 22437000000.0,
      "Investment Properties": 25861000000.0,
      "Goodwill And Other Intangible Assets": 18442000000.0,
      "Other Intangible Assets": 2187000000.0,
      "Goodwill": 16255000000.0,
      "Net PPE": 12787000000.0,
      "Accumulated Depreciation": -12190000000.0,
      "Gross PPE": 24977000000.0,
      "Other Properties": 9991000000.0,
      "Machinery Furniture Equipment": 10716000000.0,
      "Properties": 4270000000.0,
      "Prepaid Assets": 921000000.0,
      "Other Receivables": 5758000000.0,
      "Taxes Receivable": 4870000000.0,
      "Accounts Receivable": 7098000000.0,
      "Cash Cash Equivalents And Short Term Investments": 567788000000.0,
      "Other Short Term Investments": 544892000000.0,
      "Cash And Cash Equivalents": 22896000000.0
    },
    "2021-12-31T00:00:00": {
      "Treasury Shares Number": 238720.0,
      "Ordinary Shares Number": 408219153.0,
      "Share Issued": 408457873.0,
      "Net Debt": 11935000000.0,
      "Total Debt": 35569000000.0,
      "Tangible Book Value": 42971000000.0,
      "Invested Capital": 61157000000.0,
      "Net Tangible Assets": 42971000000.0,
      "Capital Lease Obligations": 2790000000.0,
      "Common Stock Equity": 61157000000.0,
      "Total Capitalization": 61157000000.0,
      "Total Equity Gross Minority Interest": 65392000000.0,
      "Minority Interest": 4235000000.0,
      "Stockholders Equity": 61157000000.0,
      "Other Equity Interest": 4700000000.0,
      "Treasury Stock": 32000000.0,
      "Retained Earnings": 32784000000.0,
      "Additional Paid In Capital": 27732000000.0,
      "Capital Stock": 1170000000.0,
      "Common Stock": 1170000000.0,
      "Total Liabilities Net Minority Interest": 1031378000000.0,
      "Derivative Product Liabilities": 994000000.0,
      "Non Current Pension And Other Postretirement Benefit Plans": 14645000000.0,
      "Non Current Deferred Revenue": 593000000.0,
      "Non Current Deferred Taxes Liabilities": 2368000000.0,
      "Long Term Debt And Capital Lease Obligation": 35569000000.0,
      "Long Term Capital Lease Obligation": 2790000000.0,
      "Long Term Debt": 32779000000.0,
      "Long Term Provisions": 6344000000.0,
      "Payables": 18114000000.0,
      "Other Payable": 800000000.0,
      "Total Tax Payable": 4774000000.0,
      "Accounts Payable": 12540000000.0,
      "Total Assets": 1096770000000.0,
      "Non Current Deferred Taxes Assets": 4709000000.0,
      "Financial Assets": 331000000.0,
      "Investments And Advances": 837869000000.0,
      "Investmentin Financial Assets": 837869000000.0,
      "Held To Maturity Securities": 2749000000.0,
      "Available For Sale Securities": null,
      "Financial Assets Designatedas Fair Value Through Profitor Loss Total": 19604000000.0,
      "Trading Securities": 771000000.0,
      "Long Term Equity Investment": 15416000000.0,
      "Investment Properties": 16923000000.0,
      "Goodwill And Other Intangible Assets": 18186000000.0,
      "Other Intangible Assets": 18186000000.0,
      "Goodwill": 15945000000.0,
      "Net PPE": 12214000000.0,
      "Accumulated Depreciation": -11470000000.0,
      "Gross PPE": 23684000000.0,
      "Other Properties": 9882000000.0,
      "Machinery Furniture Equipment": 10038000000.0,
      "Properties": 3764000000.0,
      "Prepaid Assets": 3212000000.0,
      "Other Receivables": 5716000000.0,
      "Taxes Receivable": 4494000000.0,
      "Accounts Receivable": 23546000000.0,
      "Cash Cash Equivalents And Short Term Investments": 24247000000.0,
      "Other Short Term Investments": 627306000000.0,
      "Cash And Cash Equivalents": 24247000000.0
    }
  },
  "cashflow": {
    "2024-12-31T00:00:00": {
      "Free Cash Flow": 29988000000.0,
      "Repurchase Of Capital Stock": null,
      "Repayment Of Debt": -6087000000.0,
      "Issuance Of Debt": 9206000000.0,
      "Issuance Of Capital Stock": null,
      "Capital Expenditure": -1915000000.0,
      "End Cash Position": 31637000000.0,
      "Other Cash Adjustment Outside Changein Cash": 137000000.0,
      "Beginning Cash Position": 29210000000.0,
      "Effect Of Exchange Rate Changes": 426000000.0,
      "Changes In Cash": 1864000000.0,
      "Financing Cash Flow": -4364000000.0,
      "Net Other Financing Charges": 172000000.0,
      "Cash Dividends Paid": -5751000000.0,
      "Common Stock Dividend Paid": -5751000000.0,
      "Net Common Stock Issuance": -1500000000.0,
      "Common Stock Payments": null,
      "Common Stock Issuance": null,
      "Net Issuance Payments Of Debt": 3119000000.0,
      "Net Long Term Debt Issuance": 3119000000.0,
      "Long Term Debt Payments": -6087000000.0,
      "Long Term Debt Issuance": 9206000000.0,
      "Investing Cash Flow": -25675000000.0,
      "Net Other Investing Changes": 536000000.0,
      "Net Investment Purchase And Sale": -23795000000.0,
      "Sale Of Investment": 257692000000.0,
      "Purchase Of Investment": -281487000000.0,
      "Net Investment Properties Purchase And Sale": -48000000.0,
      "Sale Of Investment Properties": 821000000.0,
      "Purchase Of Investment Properties": -869000000.0,
      "Net Business Purchase And Sale": -725000000.0,
      "Sale Of Business": 464000000.0,
      "Purchase Of Business": -1189000000.0,
      "Net PPE Purchase And Sale": -1643000000.0,
      "Sale Of PPE": 272000000.0,
      "Purchase Of PPE": -1915000000.0,
      "Operating Cash Flow": 31903000000.0,
      "Change In Working Capital": 16799000000.0,
      "Change In Other Current Liabilities": 623000000.0,
      "Change In Other Current Assets": 13212000000.0,
      "Other Non Cash Items": -4617000000.0,
      "Provisionand Write Offof Assets": null,
      "Depreciation And Amortization": 2154000000.0,
      "Depreciation": 2154000000.0,
      "Gain Loss On Investment Securities": 4434000000.0,
      "Net Income From Continuing Operations": 10540000000.0
    },
    "2023-12-31T00:00:00": {
      "Free Cash Flow": 22322000000.0,
      "Repurchase Of Capital Stock": -2202000000.0,
      "Repayment Of Debt": -5619000000.0,
      "Issuance Of Debt": 6869000000.0,
      "Issuance Of Capital Stock": 0.0,
      "Capital Expenditure": -2140000000.0,
      "End Cash Position": 29210000000.0,
      "Other Cash Adjustment Outside Changein Cash": 51000000.0,
      "Beginning Cash Position": 22896000000.0,
      "Effect Of Exchange Rate Changes": -468000000.0,
      "Changes In Cash": 6731000000.0,
      "Financing Cash Flow": -5724000000.0,
      "Net Other Financing Charges": 560000000.0,
      "Cash Dividends Paid": -4931000000.0,
      "Common Stock Dividend Paid": -4931000000.0,
      "Net Common Stock Issuance": -2202000000.0,
      "Common Stock Payments": -2202000000.0,
      "Common Stock Issuance": 0.0,
      "Net Issuance Payments Of Debt": 1250000000.0,
      "Net Long Term Debt Issuance": 1250000000.0,
      "Long Term Debt Payments": -5619000000.0,
      "Long Term Debt Issuance": 6869000000.0,
      "Investing Cash Flow": -12007000000.0,
      "Net Other Investing Changes": -228000000.0,
      "Net Investment Purchase And Sale": -8523000000.0,
      "Sale Of Investment": 205596000000.0,
      "Purchase Of Investment": -214119000000.0,
      "Net Investment Properties Purchase And Sale": -446000000.0,
      "Sale Of Investment Properties": 1064000000.0,
      "Purchase Of Investment Properties": -1510000000.0,
      "Net Business Purchase And Sale": -858000000.0,
      "Sale Of Business": 339000000.0,
      "Purchase Of Business": -1197000000.0,
      "Net PPE Purchase And Sale": -1952000000.0,
      "Sale Of PPE": 188000000.0,
      "Purchase Of PPE": -2140000000.0,
      "Operating Cash Flow": 24462000000.0,
      "Change In Working Capital": 4360000000.0,
      "Change In Other Current Liabilities": 13000000.0,
      "Change In Other Current Assets": 3703000000.0,
      "Other Non Cash Items": 2131000000.0,
      "Provisionand Write Offof Assets": null,
      "Depreciation And Amortization": 2272000000.0,
      "Depreciation": 2272000000.0,
      "Gain Loss On Investment Securities": 7254000000.0,
      "Net Income From Continuing Operations": 9032000000.0
    },
    "2022-12-31T00:00:00": {
      "Free Cash Flow": 16334000000.0,
      "Repurchase Of Capital Stock": -1311000000.0,
      "Repayment Of Debt": -6455000000.0,
      "Issuance Of Debt": 8823000000.0,
      "Issuance Of Capital Stock": 0.0,
      "Capital Expenditure": -1618000000.0,
      "End Cash Position": 22896000000.0,
      "Other Cash Adjustment Outside Changein Cash": -1000000.0,
      "Beginning Cash Position": 24036000000.0,
      "Effect Of Exchange Rate Changes": 268000000.0,
      "Changes In Cash": -1407000000.0,
      "Financing Cash Flow": -4367000000.0,
      "Net Other Financing Charges": -104000000.0,
      "Cash Dividends Paid": -4870000000.0,
      "Common Stock Dividend Paid": -4870000000.0,
      "Net Common Stock Issuance": -1311000000.0,
      "Common Stock Payments": -1311000000.0,
      "Common Stock Issuance": 0.0,
      "Net Issuance Payments Of Debt": 2368000000.0,
      "Net Long Term Debt Issuance": 2368000000.0,
      "Long Term Debt Payments": -6455000000.0,
      "Long Term Debt Issuance": 8823000000.0,
      "Investing Cash Flow": -14992000000.0,
      "Net Other Investing Changes": 98000000.0,
      "Net Investment Purchase And Sale": 10666000000.0,
      "Sale Of Investment": 274952000000.0,
      "Purchase Of Investment": -264286000000.0,
      "Net Investment Properties Purchase And Sale": -1169000000.0,
      "Sale Of Investment Properties": 602000000.0,
      "Purchase Of Investment Properties": -1771000000.0,
      "Net Business Purchase And Sale": -1311000000.0,
      "Sale Of Business": 1376000000.0,
      "Purchase Of Business": -2687000000.0,
      "Net PPE Purchase And Sale": -1398000000.0,
      "Sale Of PPE": 220000000.0,
      "Purchase Of PPE": -1618000000.0,
      "Operating Cash Flow": 17952000000.0,
      "Change In Working Capital": -6800000000.0,
      "Change In Other Current Liabilities": 418000000.0,
      "Change In Other Current Assets": 180000000.0,
      "Other Non Cash Items": -1732000000.0,
      "Provisionand Write Offof Assets": 5000000.0,
      "Depreciation And Amortization": 2179000000.0,
      "Depreciation": 2179000000.0,
      "Gain Loss On Investment Securities": 23782000000.0,
      "Net Income From Continuing Operations": 6856000000.0
    },
    "2021-12-31T00:00:00": {
      "Free Cash Flow": 23713000000.0,
      "Repurchase Of Capital Stock": null,
      "Repayment Of Debt": -6299000000.0,
      "Issuance Of Debt": 6047000000.0,
      "Issuance Of Capital Stock": 2305000000.0,
      "Capital Expenditure": -1411000000.0,
      "End Cash Position": 24214000000.0,
      "Other Cash Adjustment Outside Changein Cash": null,
      "Beginning Cash Position": 22443000000.0,
      "Effect Of Exchange Rate Changes": 216000000.0,
      "Changes In Cash": 1555000000.0,
      "Financing Cash Flow": -3786000000.0,
      "Net Other Financing Charges": -1173000000.0,
      "Cash Dividends Paid": -4270000000.0,
      "Common Stock Dividend Paid": -4270000000.0,
      "Net Common Stock Issuance": 2305000000.0,
      "Common Stock Payments": null,
      "Common Stock Issuance": 2305000000.0,
      "Net Issuance Payments Of Debt": -252000000.0,
      "Net Long Term Debt Issuance": -252000000.0,
      "Long Term Debt Payments": -6299000000.0,
      "Long Term Debt Issuance": 6047000000.0,
      "Investing Cash Flow": -19783000000.0,
      "Net Other Investing Changes": 93000000.0,
      "Net Investment Purchase And Sale": -10683000000.0,
      "Sale Of Investment": 183592000000.0,
      "Purchase Of Investment": -194275000000.0,
      "Net Investment Properties Purchase And Sale": -518000000.0,
      "Sale Of Investment Properties": 1045000000.0,
      "Purchase Of Investment Properties": -1563000000.0,
      "Net Business Purchase And Sale": -3755000000.0,
      "Sale Of Business": 942000000.0,
      "Purchase Of Business": -4697000000.0,
      "Net PPE Purchase And Sale": -1280000000.0,
      "Sale Of PPE": 131000000.0,
      "Purchase Of PPE": -1411000000.0,
      "Operating Cash Flow": 25124000000.0,
      "Change In Working Capital": 11719000000.0,
      "Change In Other Current Liabilities": -358000000.0,
      "Change In Other Current Assets": -8575000000.0,
      "Other Non Cash Items": 7084000000.0,
      "Provisionand Write Offof Assets": 11000000.0,
      "Depreciation And Amortization": 2525000000.0,
      "Depreciation": 2525000000.0,
      "Gain Loss On Investment Securities": -1177000000.0,
      "Net Income From Continuing Operations": 7105000000.0
    }
  },
  "earnings_estimate": {
    "avg": {
      "0q": 7.38657,
      "+1q": 7.53105,
      "0y": 30.92154,
      "+1y": 32.93162
    },
    "low": {
      "0q": 7.38657,
      "+1q": 7.53105,
      "0y": 29.24,
      "+1y": 31.27
    },
    "high": {
      "0q": 7.38657,
      "+1q": 7.53105,
      "0y": 33.33,
      "+1y": 35.02
    },
    "yearAgoEps": {
      "0q": 6.6,
      "+1q": 7.38,
      "0y": 28.59,
      "+1y": 30.92154
    },
    "numberOfAnalysts": {
      "0q": 1,
      "+1q": 1,
      "0y": 10,
      "+1y": 9
    },
    "growth": {
      "0q": 0.1192,
      "+1q": 0.020499999,
      "0y": 0.081599995,
      "+1y": 0.065
    }
  },
  "revenue_estimate": {
    "avg": {
      "0q": 0,
      "+1q": 0,
      "0y": 180687250000,
      "+1y": 188276750000
    },
    "low": {
      "0q": 0,
      "+1q": 0,
      "0y": 162378000000,
      "+1y": 167847000000
    },
    "high": {
      "0q": 0,
      "+1q": 0,
      "0y": 196721000000,
      "+1y": 206312000000
    },
    "numberOfAnalysts": {
      "0q": 0,
      "+1q": 0,
      "0y": 4,
      "+1y": 4
    },
    "yearAgoRevenue": {
      "0q": null,
      "+1q": null,
      "0y": 186938000000.0,
      "+1y": 180687250000.0
    },
    "growth": {
      "0q": null,
      "+1q": null,
      "0y": -0.0334,
      "+1y": 0.042
    }
  },
  "growth_estimates": {
    "stockTrend": {
      "0q": 0.1192,
      "+1q": 0.020499999,
      "0y": 0.081599995,
      "+1y": 0.065,
      "LTG": null
    },
    "indexTrend": {
      "0q": 0.1273,
      "+1q": 0.103599995,
      "0y": 0.14310001,
      "+1y": 0.1557,
      "LTG": 0.122
    }
  },
  "revenue_forecasts": null,
  "dividend_rate": 15.4,
  "trailing_dividend_rate": 15.4
}