{
  "ticker": "AMP.MI",
  "name": "Amplifon",
  "country": "italy",
  "currency": "EUR",
  "last_fetched": "2026-02-26T20:49:39.491149",
  "market_cap": 2947162368,
  "revenue": 2408230912,
  "net_income": 115616000,
  "pe_ratio": 26.27451,
  "forward_pe": 16.477503,
  "dividend_yield": 2.24,
  "profit_margin": 0.048010003,
  "roe": 0.11093,
  "debt_to_equity": 195.114,
  "beta": 0.82,
  "ev_to_ebitda": 13.761,
  "sector": "Healthcare",
  "industry": "Medical Distribution",
  "summary": "Amplifon S.p.A. engages in the distribution of hearing solutions and the fitting of customized products that helps people to rediscover various emotions of sound in Europe, the Middle East, Africa, the Americas, and the Asia Pacific. The company operates Ampli-care, a platform to deliver audiological care experience; and Amplifon App to manage the device functions in real-time directly from smartphone. It also offers Ampli-easy, Ampli-connect, Ampli-energy, and Ampli-mini hearing devices. The company was founded in 1950 and is headquartered in Milan, Italy.",
  "website": "https://www.amplifon.com",
  "employees": 11603,
  "target_high": 23.0,
  "target_low": 14.0,
  "target_mean": 16.91176,
  "target_median": 16.9,
  "recommendation": "hold",
  "num_analysts": 17,
  "income_stmt": {
    "2024-12-31T00:00:00": {
      "Tax Effect Of Unusual Items": 773240.0,
      "Tax Rate For Calcs": 0.26,
      "Normalized EBITDA": 554280000.0,
      "Total Unusual Items": 2974000.0,
      "Total Unusual Items Excluding Goodwill": 2974000.0,
      "Net Income From Continuing Operation Net Minority Interest": 145374000.0,
      "Reconciled Depreciation": 302718000.0,
      "Reconciled Cost Of Revenue": 1045406000.0,
      "EBITDA": 557254000.0,
      "EBIT": 254536000.0,
      "Net Interest Income": -57062000.0,
      "Interest Expense": 57756000.0,
      "Interest Income": 3878000.0,
      "Normalized Income": 143173240.0,
      "Net Income From Continuing And Discontinued Operation": 145374000.0,
      "Total Expenses": 2155951000.0,
      "Rent Expense Supplemental": 19656000.0,
      "Total Operating Income As Reported": 256814000.0,
      "Diluted Average Shares": 225320371.0,
      "Basic Average Shares": 225320371.0,
      "Diluted EPS": 0.645188,
      "Basic EPS": 0.645188,
      "Diluted NI Availto Com Stockholders": 145374000.0,
      "Net Income Common Stockholders": 145374000.0,
      "Otherunder Preferred Stock Dividend": 0.0,
      "Net Income": 145374000.0,
      "Minority Interests": -196000.0,
      "Net Income Including Noncontrolling Interests": 145570000.0,
      "Net Income Discontinuous Operations": null,
      "Net Income Continuous Operations": 145570000.0,
      "Tax Provision": 51210000.0,
      "Pretax Income": 196780000.0,
      "Other Non Operating Income Expenses": null,
      "Special Income Charges": 3524000.0,
      "Other Special Charges": null,
      "Write Off": null,
      "Impairment Of Capital Assets": 2918000.0,
      "Restructuring And Mergern Acquisition": -6442000.0,
      "Net Non Operating Interest Income Expense": -57062000.0,
      "Total Other Finance Cost": 3184000.0,
      "Interest Expense Non Operating": 57756000.0,
      "Interest Income Non Operating": 3878000.0,
      "Operating Income": 253290000.0,
      "Operating Expense": 1110545000.0,
      "Other Operating Expenses": 472346000.0,
      "Depreciation And Amortization In Income Statement": 301358000.0,
      "Amortization": 108062000.0,
      "Depreciation Income Statement": 193296000.0,
      "Rent And Landing Fees": 6248000.0,
      "Gross Profit": 1363835000.0,
      "Cost Of Revenue": 1045406000.0,
      "Total Revenue": 2409241000.0,
      "Operating Revenue": 2409241000.0
    },
    "2023-12-31T00:00:00": {
      "Tax Effect Of Unusual Items": 2670002.183583,
      "Tax Rate For Calcs": 0.260895,
      "Normalized EBITDA": 511772000.0,
      "Total Unusual Items": 10234000.0,
      "Total Unusual Items Excluding Goodwill": 10234000.0,
      "Net Income From Continuing Operation Net Minority Interest": 155139000.0,
      "Reconciled Depreciation": 267637000.0,
      "Reconciled Cost Of Revenue": 990216000.0,
      "EBITDA": 522006000.0,
      "EBIT": 254369000.0,
      "Net Interest Income": -48511000.0,
      "Interest Expense": 44622000.0,
      "Interest Income": 2077000.0,
      "Normalized Income": 147575002.183583,
      "Net Income From Continuing And Discontinued Operation": 155139000.0,
      "Total Expenses": 2009443000.0,
      "Rent Expense Supplemental": 15936000.0,
      "Total Operating Income As Reported": 259212000.0,
      "Diluted Average Shares": 225746472.0,
      "Basic Average Shares": 225746472.0,
      "Diluted EPS": 0.687227,
      "Basic EPS": 0.687227,
      "Diluted NI Availto Com Stockholders": 155139000.0,
      "Net Income Common Stockholders": 155139000.0,
      "Otherunder Preferred Stock Dividend": 0.0,
      "Net Income": 155139000.0,
      "Minority Interests": 114000.0,
      "Net Income Including Noncontrolling Interests": 155025000.0,
      "Net Income Discontinuous Operations": null,
      "Net Income Continuous Operations": 155025000.0,
      "Tax Provision": 54722000.0,
      "Pretax Income": 209747000.0,
      "Other Non Operating Income Expenses": null,
      "Special Income Charges": 8571000.0,
      "Other Special Charges": null,
      "Write Off": null,
      "Impairment Of Capital Assets": 506000.0,
      "Restructuring And Mergern Acquisition": -9077000.0,
      "Net Non Operating Interest Income Expense": -48511000.0,
      "Total Other Finance Cost": 5966000.0,
      "Interest Expense Non Operating": 44622000.0,
      "Interest Income Non Operating": 2077000.0,
      "Operating Income": 250641000.0,
      "Operating Expense": 1019227000.0,
      "Other Operating Expenses": 451462000.0,
      "Depreciation And Amortization In Income Statement": 267131000.0,
      "Amortization": 93448000.0,
      "Depreciation Income Statement": 173683000.0,
      "Rent And Landing Fees": 2747000.0,
      "Gross Profit": 1269868000.0,
      "Cost Of Revenue": 990216000.0,
      "Total Revenue": 2260084000.0,
      "Operating Revenue": 2260084000.0
    },
    "2022-12-31T00:00:00": {
      "Tax Effect Of Unusual Items": 3060087.0,
      "Tax Rate For Calcs": 0.267,
      "Normalized EBITDA": 503004000.0,
      "Total Unusual Items": 11461000.0,
      "Total Unusual Items Excluding Goodwill": 11461000.0,
      "Net Income From Continuing Operation Net Minority Interest": 178525000.0,
      "Reconciled Depreciation": 240041000.0,
      "Reconciled Cost Of Revenue": 943777000.0,
      "EBITDA": 514465000.0,
      "EBIT": 274424000.0,
      "Net Interest Income": -32480000.0,
      "Interest Expense": 30688000.0,
      "Interest Income": 598000.0,
      "Normalized Income": 170124087.0,
      "Net Income From Continuing And Discontinued Operation": 178525000.0,
      "Total Expenses": 1851963000.0,
      "Rent Expense Supplemental": 12490000.0,
      "Total Operating Income As Reported": 278669000.0,
      "Diluted Average Shares": 226845503.0,
      "Basic Average Shares": 224363318.0,
      "Diluted EPS": 0.78699,
      "Basic EPS": 0.7957,
      "Diluted NI Availto Com Stockholders": 178525000.0,
      "Net Income Common Stockholders": 178525000.0,
      "Otherunder Preferred Stock Dividend": 0.0,
      "Net Income": 178525000.0,
      "Minority Interests": -255000.0,
      "Net Income Including Noncontrolling Interests": 178780000.0,
      "Net Income Discontinuous Operations": 0.0,
      "Net Income Continuous Operations": 178780000.0,
      "Tax Provision": 64956000.0,
      "Pretax Income": 243736000.0,
      "Other Non Operating Income Expenses": 9826000.0,
      "Special Income Charges": 11506000.0,
      "Other Special Charges": null,
      "Write Off": 333000.0,
      "Impairment Of Capital Assets": 333000.0,
      "Restructuring And Mergern Acquisition": -11839000.0,
      "Net Non Operating Interest Income Expense": -32480000.0,
      "Total Other Finance Cost": 2390000.0,
      "Interest Expense Non Operating": 30688000.0,
      "Interest Income Non Operating": 598000.0,
      "Operating Income": 267163000.0,
      "Operating Expense": 908186000.0,
      "Other Operating Expenses": 430648000.0,
      "Depreciation And Amortization In Income Statement": 239707000.0,
      "Amortization": 80085000.0,
      "Depreciation Income Statement": 159622000.0,
      "Rent And Landing Fees": 1738000.0,
      "Gross Profit": 1175349000.0,
      "Cost Of Revenue": 943777000.0,
      "Total Revenue": 2119126000.0,
      "Operating Revenue": 2119126000.0
    },
    "2021-12-31T00:00:00": {
      "Tax Effect Of Unusual Items": 518312.0,
      "Tax Rate For Calcs": 0.268,
      "Normalized EBITDA": 471524000.0,
      "Total Unusual Items": 1934000.0,
      "Total Unusual Items Excluding Goodwill": 1934000.0,
      "Net Income From Continuing Operation Net Minority Interest": 163540000.0,
      "Reconciled Depreciation": 222421000.0,
      "Reconciled Cost Of Revenue": 854223000.0,
      "EBITDA": 473458000.0,
      "EBIT": 251037000.0,
      "Net Interest Income": -29245000.0,
      "Interest Expense": 27677000.0,
      "Interest Income": 198000.0,
      "Normalized Income": 162124312.0,
      "Net Income From Continuing And Discontinued Operation": 157785000.0,
      "Total Expenses": 1704210000.0,
      "Rent Expense Supplemental": 10800000.0,
      "Total Operating Income As Reported": 246000000.0,
      "Diluted Average Shares": 227326771.0,
      "Basic Average Shares": 224823927.0,
      "Diluted EPS": 0.69409,
      "Basic EPS": 0.70182,
      "Diluted NI Availto Com Stockholders": 157785000.0,
      "Net Income Common Stockholders": 157785000.0,
      "Otherunder Preferred Stock Dividend": 0.0,
      "Net Income": 157785000.0,
      "Minority Interests": -58000.0,
      "Net Income Including Noncontrolling Interests": 157843000.0,
      "Net Income Discontinuous Operations": -5755000.0,
      "Net Income Continuous Operations": 163598000.0,
      "Tax Provision": 59762000.0,
      "Pretax Income": 223360000.0,
      "Other Non Operating Income Expenses": 4512000.0,
      "Special Income Charges": -2377000.0,
      "Other Special Charges": -450000.0,
      "Write Off": 2827000.0,
      "Impairment Of Capital Assets": 2827000.0,
      "Restructuring And Mergern Acquisition": null,
      "Net Non Operating Interest Income Expense": -29245000.0,
      "Total Other Finance Cost": 1766000.0,
      "Interest Expense Non Operating": 27677000.0,
      "Interest Income Non Operating": 198000.0,
      "Operating Income": 243865000.0,
      "Operating Expense": 849987000.0,
      "Other Operating Expenses": 388026000.0,
      "Depreciation And Amortization In Income Statement": 219499000.0,
      "Amortization": 74706000.0,
      "Depreciation Income Statement": 144793000.0,
      "Rent And Landing Fees": 1780000.0,
      "Gross Profit": 1093852000.0,
      "Cost Of Revenue": 854223000.0,
      "Total Revenue": 1948075000.0,
      "Operating Revenue": 1948075000.0
    }
  },
  "quarterly_income": {
    "2025-06-30T00:00:00": {
      "Tax Effect Of Unusual Items": -396273.774881,
      "Tax Rate For Calcs": 0.315505,
      "Normalized EBITDA": 145439000.0,
      "Total Unusual Items": -1256000.0,
      "Total Unusual Items Excluding Goodwill": -1256000.0,
      "Net Income From Continuing Operation Net Minority Interest": 35235000.0,
      "Reconciled Depreciation": 78640000.0,
      "Reconciled Cost Of Revenue": 446384000.0,
      "EBITDA": 144183000.0,
      "EBIT": 65543000.0,
      "Net Interest Income": -14705000.0,
      "Interest Expense": 13997000.0,
      "Normalized Income": 36094726.225119,
      "Net Income From Continuing And Discontinued Operation": 35235000.0,
      "Total Expenses": 523689000.0,
      "Total Operating Income As Reported": 67545000.0,
      "Diluted Average Shares": 221822735.0,
      "Basic Average Shares": 221822735.0,
      "Diluted EPS": 0.158848,
      "Basic EPS": 0.158848,
      "Diluted NI Availto Com Stockholders": 35235000.0,
      "Net Income Common Stockholders": 35235000.0,
      "Otherunder Preferred Stock Dividend": 0.0,
      "Net Income": 35235000.0,
      "Minority Interests": -48000.0,
      "Net Income Including Noncontrolling Interests": 35283000.0,
      "Net Income Continuous Operations": 35283000.0,
      "Tax Provision": 16263000.0,
      "Pretax Income": 51546000.0,
      "Other Non Operating Income Expenses": -131000.0,
      "Special Income Charges": -1335000.0,
      "Impairment Of Capital Assets": null,
      "Net Non Operating Interest Income Expense": -14705000.0,
      "Total Other Finance Cost": 708000.0,
      "Interest Expense Non Operating": 13997000.0,
      "Operating Income": 69011000.0,
      "Operating Expense": 77305000.0,
      "Depreciation And Amortization In Income Statement": 77305000.0,
      "Amortization": 26713000.0,
      "Depreciation Income Statement": 50592000.0,
      "Gross Profit": 146316000.0,
      "Cost Of Revenue": 446384000.0,
      "Total Revenue": 592700000.0,
      "Operating Revenue": 592700000.0
    },
    "2025-03-31T00:00:00": {
      "Tax Effect Of Unusual Items": 158415.0,
      "Tax Rate For Calcs": 0.295,
      "Normalized EBITDA": 138932000.0,
      "Total Unusual Items": 537000.0,
      "Total Unusual Items Excluding Goodwill": 537000.0,
      "Net Income From Continuing Operation Net Minority Interest": 32885000.0,
      "Reconciled Depreciation": 79355000.0,
      "Reconciled Cost Of Revenue": 449771000.0,
      "EBITDA": 139469000.0,
      "EBIT": 60114000.0,
      "Net Interest Income": -14149000.0,
      "Interest Expense": 13380000.0,
      "Normalized Income": 32506415.0,
      "Net Income From Continuing And Discontinued Operation": 32885000.0,
      "Total Expenses": 529034000.0,
      "Total Operating Income As Reported": 61441000.0,
      "Diluted Average Shares": 224930571.0,
      "Basic Average Shares": 224930571.0,
      "Diluted EPS": 0.146201,
      "Basic EPS": 0.146201,
      "Diluted NI Availto Com Stockholders": 32885000.0,
      "Net Income Common Stockholders": 32885000.0,
      "Otherunder Preferred Stock Dividend": 0.0,
      "Net Income": 32885000.0,
      "Minority Interests": -51000.0,
      "Net Income Including Noncontrolling Interests": 32936000.0,
      "Net Income Continuous Operations": 32936000.0,
      "Tax Provision": 13798000.0,
      "Pretax Income": 46734000.0,
      "Other Non Operating Income Expenses": 2777000.0,
      "Special Income Charges": -92000.0,
      "Impairment Of Capital Assets": 92000.0,
      "Net Non Operating Interest Income Expense": -14149000.0,
      "Total Other Finance Cost": 769000.0,
      "Interest Expense Non Operating": 13380000.0,
      "Operating Income": 58756000.0,
      "Operating Expense": 79263000.0,
      "Depreciation And Amortization In Income Statement": 79263000.0,
      "Amortization": 28937000.0,
      "Depreciation Income Statement": 50326000.0,
      "Gross Profit": 138019000.0,
      "Cost Of Revenue": 449771000.0,
      "Total Revenue": 587790000.0,
      "Operating Revenue": 587790000.0
    },
    "2024-12-31T00:00:00": {
      "Tax Effect Of Unusual Items": 690315.057345,
      "Tax Rate For Calcs": 0.219217,
      "Normalized EBITDA": 149913000.0,
      "Total Unusual Items": 3149000.0,
      "Total Unusual Items Excluding Goodwill": 3149000.0,
      "Net Income From Continuing Operation Net Minority Interest": 41193000.0,
      "Reconciled Depreciation": 82444000.0,
      "Reconciled Cost Of Revenue": -296774000.0,
      "EBITDA": 153062000.0,
      "EBIT": 70618000.0,
      "Net Interest Income": -15428000.0,
      "Interest Expense": 17780000.0,
      "Normalized Income": 38734315.057345,
      "Net Income From Continuing And Discontinued Operation": 41193000.0,
      "Total Expenses": 594185000.0,
      "Total Operating Income As Reported": 69275000.0,
      "Diluted Average Shares": 225320371.0,
      "Basic Average Shares": 225320371.0,
      "Diluted EPS": 0.18282,
      "Basic EPS": 0.18282,
      "Diluted NI Availto Com Stockholders": 41193000.0,
      "Net Income Common Stockholders": 41193000.0,
      "Otherunder Preferred Stock Dividend": 0.0,
      "Net Income": 41193000.0,
      "Minority Interests": -62000.0,
      "Net Income Including Noncontrolling Interests": 41255000.0,
      "Net Income Continuous Operations": 41255000.0,
      "Tax Provision": 11583000.0,
      "Pretax Income": 52838000.0,
      "Other Non Operating Income Expenses": null,
      "Special Income Charges": 4212000.0,
      "Impairment Of Capital Assets": 2230000.0,
      "Net Non Operating Interest Income Expense": -15428000.0,
      "Total Other Finance Cost": 1526000.0,
      "Interest Expense Non Operating": 17780000.0,
      "Operating Income": 65063000.0,
      "Operating Expense": 890959000.0,
      "Depreciation And Amortization In Income Statement": 81772000.0,
      "Amortization": 31026000.0,
      "Depreciation Income Statement": 50746000.0,
      "Gross Profit": 956022000.0,
      "Cost Of Revenue": -296774000.0,
      "Total Revenue": 659248000.0,
      "Operating Revenue": 659248000.0
    },
    "2024-09-30T00:00:00": {
      "Tax Effect Of Unusual Items": 167160.373167,
      "Tax Rate For Calcs": 0.269614,
      "Normalized EBITDA": 111681000.0,
      "Total Unusual Items": 620000.0,
      "Total Unusual Items Excluding Goodwill": 620000.0,
      "Net Income From Continuing Operation Net Minority Interest": 16388000.0,
      "Reconciled Depreciation": 75448000.0,
      "Reconciled Cost Of Revenue": 454495000.0,
      "EBITDA": 112301000.0,
      "EBIT": 36853000.0,
      "Net Interest Income": -15294000.0,
      "Interest Expense": 14343000.0,
      "Normalized Income": 15935160.373167,
      "Net Income From Continuing And Discontinued Operation": 16388000.0,
      "Total Expenses": 529900000.0,
      "Total Operating Income As Reported": 38592000.0,
      "Diluted Average Shares": null,
      "Basic Average Shares": null,
      "Diluted EPS": null,
      "Basic EPS": null,
      "Diluted NI Availto Com Stockholders": 16388000.0,
      "Net Income Common Stockholders": 16388000.0,
      "Otherunder Preferred Stock Dividend": 0.0,
      "Net Income": 16388000.0,
      "Minority Interests": -53000.0,
      "Net Income Including Noncontrolling Interests": 16441000.0,
      "Net Income Continuous Operations": 16441000.0,
      "Tax Provision": 6069000.0,
      "Pretax Income": 22510000.0,
      "Other Non Operating Income Expenses": null,
      "Special Income Charges": -43000.0,
      "Impairment Of Capital Assets": 43000.0,
      "Net Non Operating Interest Income Expense": -15294000.0,
      "Total Other Finance Cost": 951000.0,
      "Interest Expense Non Operating": 14343000.0,
      "Operating Income": 42842000.0,
      "Operating Expense": 75405000.0,
      "Depreciation And Amortization In Income Statement": 75405000.0,
      "Amortization": 26983000.0,
      "Depreciation Income Statement": 48422000.0,
      "Gross Profit": 118247000.0,
      "Cost Of Revenue": 454495000.0,
      "Total Revenue": 572742000.0,
      "Operating Revenue": 572742000.0
    },
    "2024-06-30T00:00:00": {
      "Tax Effect Of Unusual Items": 16015.774553,
      "Tax Rate For Calcs": 0.262554,
      "Normalized EBITDA": 157454000.0,
      "Total Unusual Items": 61000.0,
      "Total Unusual Items Excluding Goodwill": 61000.0,
      "Net Income From Continuing Operation Net Minority Interest": 52929000.0,
      "Reconciled Depreciation": 73764000.0,
      "Reconciled Cost Of Revenue": 446994000.0,
      "EBITDA": 157515000.0,
      "EBIT": 83751000.0,
      "Net Interest Income": -12629000.0,
      "Interest Expense": 12497000.0,
      "Normalized Income": 52884015.774553,
      "Net Income From Continuing And Discontinued Operation": 52929000.0,
      "Total Expenses": 520632000.0,
      "Total Operating Income As Reported": 84314000.0,
      "Diluted Average Shares": 226183821.0,
      "Basic Average Shares": 226183821.0,
      "Diluted EPS": 0.234009,
      "Basic EPS": 0.234009,
      "Diluted NI Availto Com Stockholders": 52929000.0,
      "Net Income Common Stockholders": 52929000.0,
      "Otherunder Preferred Stock Dividend": 0.0,
      "Net Income": 52929000.0,
      "Minority Interests": 383000.0,
      "Net Income Including Noncontrolling Interests": 52546000.0,
      "Net Income Continuous Operations": 52546000.0,
      "Tax Provision": 18708000.0,
      "Pretax Income": 71254000.0,
      "Other Non Operating Income Expenses": 930000.0,
      "Special Income Charges": -126000.0,
      "Impairment Of Capital Assets": 126000.0,
      "Net Non Operating Interest Income Expense": -12629000.0,
      "Total Other Finance Cost": 132000.0,
      "Interest Expense Non Operating": 12497000.0,
      "Operating Income": 83510000.0,
      "Operating Expense": 73638000.0,
      "Depreciation And Amortization In Income Statement": 73638000.0,
      "Amortization": 25756000.0,
      "Depreciation Income Statement": 47882000.0,
      "Gross Profit": 157148000.0,
      "Cost Of Revenue": 446994000.0,
      "Total Revenue": 604142000.0,
      "Operating Revenue": 604142000.0
    }
  },
  "balance_sheet": {
    "2024-12-31T00:00:00": {
      "Treasury Shares Number": 1068249.0,
      "Ordinary Shares Number": 225320371.0,
      "Share Issued": 226388620.0,
      "Net Debt": 918347000.0,
      "Total Debt": 1721518000.0,
      "Tangible Book Value": -1223853000.0,
      "Invested Capital": 2357183000.0,
      "Working Capital": -445080000.0,
      "Net Tangible Assets": -1223853000.0,
      "Capital Lease Obligations": 514337000.0,
      "Common Stock Equity": 1150002000.0,
      "Total Capitalization": 2102285000.0,
      "Total Equity Gross Minority Interest": 1150224000.0,
      "Minority Interest": 222000.0,
      "Stockholders Equity": 1150002000.0,
      "Treasury Stock": 29358000.0,
      "Retained Earnings": 1049748000.0,
      "Additional Paid In Capital": 202712000.0,
      "Capital Stock": 4528000.0,
      "Common Stock": 4528000.0,
      "Total Liabilities Net Minority Interest": 2842538000.0,
      "Total Non Current Liabilities Net Minority Interest": 1672230000.0,
      "Other Non Current Liabilities": 35667000.0,
      "Derivative Product Liabilities": 1157000.0,
      "Non Current Pension And Other Postretirement Benefit Plans": 15457000.0,
      "Tradeand Other Payables Non Current": 5885000.0,
      "Non Current Deferred Revenue": 153766000.0,
      "Non Current Deferred Taxes Liabilities": 99493000.0,
      "Long Term Debt And Capital Lease Obligation": 1339880000.0,
      "Long Term Capital Lease Obligation": 387597000.0,
      "Long Term Debt": 952283000.0,
      "Long Term Provisions": 20925000.0,
      "Current Liabilities": 1170308000.0,
      "Current Debt And Capital Lease Obligation": 381638000.0,
      "Current Capital Lease Obligation": 126740000.0,
      "Current Debt": 254898000.0,
      "Pensionand Other Post Retirement Benefit Plans Current": 4094000.0,
      "Current Provisions": 2403000.0,
      "Payables": 635900000.0,
      "Other Payable": 208970000.0,
      "Total Tax Payable": 49830000.0,
      "Accounts Payable": 377100000.0,
      "Total Assets": 3992762000.0,
      "Total Non Current Assets": 3267534000.0,
      "Other Non Current Assets": 46764000.0,
      "Non Current Deferred Assets": 10494000.0,
      "Non Current Deferred Taxes Assets": 77332000.0,
      "Financial Assets": 4454000.0,
      "Long Term Equity Investment": 2527000.0,
      "Goodwill And Other Intangible Assets": 2373855000.0,
      "Other Intangible Assets": 428360000.0,
      "Goodwill": 1945495000.0,
      "Net PPE": 745988000.0,
      "Accumulated Depreciation": -1052553000.0,
      "Gross PPE": 1798541000.0,
      "Construction In Progress": 20626000.0,
      "Other Properties": 103771000.0,
      "Machinery Furniture Equipment": 346704000.0,
      "Buildings And Improvements": 1327275000.0,
      "Land And Improvements": 165000.0,
      "Properties": 0.0,
      "Current Assets": 725228000.0,
      "Other Current Assets": null,
      "Hedging Assets Current": 878000.0,
      "Current Deferred Assets": 7734000.0,
      "Inventory": 93180000.0,
      "Finished Goods": 93180000.0,
      "Other Receivables": 80273000.0,
      "Taxes Receivable": 27557000.0,
      "Accounts Receivable": 226754000.0,
      "Allowance For Doubtful Accounts Receivable": -20181000.0,
      "Gross Accounts Receivable": 246935000.0,
      "Cash Cash Equivalents And Short Term Investments": 288852000.0,
      "Other Short Term Investments": 18000.0,
      "Cash And Cash Equivalents": 288834000.0,
      "Cash Equivalents": 54054000.0,
      "Cash Financial": 234780000.0
    },
    "2023-12-31T00:00:00": {
      "Treasury Shares Number": 642148.0,
      "Ordinary Shares Number": 225746472.0,
      "Share Issued": 226388620.0,
      "Net Debt": 827323000.0,
      "Total Debt": 1517902000.0,
      "Tangible Book Value": -1115244000.0,
      "Invested Capital": 2121390000.0,
      "Working Capital": -558049000.0,
      "Net Tangible Assets": -1115244000.0,
      "Capital Lease Obligations": 497431000.0,
      "Common Stock Equity": 1100919000.0,
      "Total Capitalization": 1811186000.0,
      "Total Equity Gross Minority Interest": 1101678000.0,
      "Minority Interest": 759000.0,
      "Stockholders Equity": 1100919000.0,
      "Treasury Stock": 17495000.0,
      "Retained Earnings": 964782000.0,
      "Additional Paid In Capital": 202712000.0,
      "Capital Stock": 4528000.0,
      "Common Stock": 4528000.0,
      "Total Liabilities Net Minority Interest": 2591537000.0,
      "Total Non Current Liabilities Net Minority Interest": 1412293000.0,
      "Other Non Current Liabilities": 26379000.0,
      "Derivative Product Liabilities": 0.0,
      "Non Current Pension And Other Postretirement Benefit Plans": 12963000.0,
      "Tradeand Other Payables Non Current": 7229000.0,
      "Non Current Deferred Revenue": 153716000.0,
      "Non Current Deferred Taxes Liabilities": 98451000.0,
      "Long Term Debt And Capital Lease Obligation": 1094176000.0,
      "Long Term Capital Lease Obligation": 383909000.0,
      "Long Term Debt": 710267000.0,
      "Long Term Provisions": 19379000.0,
      "Current Liabilities": 1179244000.0,
      "Current Debt And Capital Lease Obligation": 423726000.0,
      "Current Capital Lease Obligation": 113522000.0,
      "Current Debt": 310204000.0,
      "Pensionand Other Post Retirement Benefit Plans Current": 3713000.0,
      "Current Provisions": 1268000.0,
      "Payables": 624043000.0,
      "Other Payable": 190655000.0,
      "Total Tax Payable": 74433000.0,
      "Accounts Payable": 358955000.0,
      "Total Assets": 3693215000.0,
      "Total Non Current Assets": 3072020000.0,
      "Other Non Current Assets": 33920000.0,
      "Non Current Deferred Assets": 11275000.0,
      "Non Current Deferred Taxes Assets": 82701000.0,
      "Financial Assets": 12933000.0,
      "Long Term Equity Investment": 2444000.0,
      "Goodwill And Other Intangible Assets": 2216163000.0,
      "Other Intangible Assets": 416589000.0,
      "Goodwill": 1799574000.0,
      "Net PPE": 699669000.0,
      "Accumulated Depreciation": -934140000.0,
      "Gross PPE": 1633809000.0,
      "Construction In Progress": 25433000.0,
      "Other Properties": 98578000.0,
      "Machinery Furniture Equipment": 307530000.0,
      "Buildings And Improvements": 1202139000.0,
      "Land And Improvements": 129000.0,
      "Properties": 0.0,
      "Current Assets": 621195000.0,
      "Other Current Assets": null,
      "Hedging Assets Current": 549000.0,
      "Current Deferred Assets": 6840000.0,
      "Inventory": 88320000.0,
      "Finished Goods": 88320000.0,
      "Other Receivables": 67768000.0,
      "Taxes Receivable": 32466000.0,
      "Accounts Receivable": 231253000.0,
      "Allowance For Doubtful Accounts Receivable": -16669000.0,
      "Gross Accounts Receivable": 247922000.0,
      "Cash Cash Equivalents And Short Term Investments": 193999000.0,
      "Other Short Term Investments": 851000.0,
      "Cash And Cash Equivalents": 193148000.0,
      "Cash Equivalents": 1379000.0,
      "Cash Financial": 191769000.0
    },
    "2022-12-31T00:00:00": {
      "Treasury Shares Number": 1831360.0,
      "Ordinary Shares Number": 224557260.0,
      "Share Issued": 226388620.0,
      "Net Debt": 856043000.0,
      "Total Debt": 1504302000.0,
      "Tangible Book Value": -1135617000.0,
      "Invested Capital": 2074206000.0,
      "Working Capital": -463424000.0,
      "Net Tangible Assets": -1135617000.0,
      "Capital Lease Obligations": 468605000.0,
      "Common Stock Equity": 1038509000.0,
      "Total Capitalization": 1837449000.0,
      "Total Equity Gross Minority Interest": 1040350000.0,
      "Minority Interest": 1841000.0,
      "Stockholders Equity": 1038509000.0,
      "Treasury Stock": 49895000.0,
      "Retained Earnings": 869934000.0,
      "Additional Paid In Capital": 202712000.0,
      "Capital Stock": 4528000.0,
      "Common Stock": 4528000.0,
      "Total Liabilities Net Minority Interest": 2535115000.0,
      "Total Non Current Liabilities Net Minority Interest": 1478838000.0,
      "Other Non Current Liabilities": 16123000.0,
      "Derivative Product Liabilities": 24474000.0,
      "Non Current Pension And Other Postretirement Benefit Plans": 8940000.0,
      "Tradeand Other Payables Non Current": 5705000.0,
      "Non Current Deferred Revenue": 153613000.0,
      "Non Current Deferred Taxes Liabilities": 106683000.0,
      "Long Term Debt And Capital Lease Obligation": 1167830000.0,
      "Long Term Capital Lease Obligation": 368890000.0,
      "Long Term Debt": 798940000.0,
      "Long Term Provisions": 19944000.0,
      "Current Liabilities": 1056277000.0,
      "Current Debt And Capital Lease Obligation": 336472000.0,
      "Current Capital Lease Obligation": 99715000.0,
      "Current Debt": 236757000.0,
      "Pensionand Other Post Retirement Benefit Plans Current": 3616000.0,
      "Current Provisions": 1663000.0,
      "Payables": 592765000.0,
      "Other Payable": 192397000.0,
      "Total Tax Payable": 74785000.0,
      "Accounts Payable": 325583000.0,
      "Total Assets": 3575465000.0,
      "Total Non Current Assets": 2982612000.0,
      "Other Non Current Assets": 33266000.0,
      "Non Current Deferred Assets": 11131000.0,
      "Non Current Deferred Taxes Assets": 81780000.0,
      "Financial Assets": 25850000.0,
      "Long Term Equity Investment": 2093000.0,
      "Goodwill And Other Intangible Assets": 2174126000.0,
      "Other Intangible Assets": 420098000.0,
      "Goodwill": 1754028000.0,
      "Net PPE": 645162000.0,
      "Accumulated Depreciation": -809801000.0,
      "Gross PPE": 1454963000.0,
      "Construction In Progress": 11248000.0,
      "Other Properties": 82481000.0,
      "Machinery Furniture Equipment": 284200000.0,
      "Buildings And Improvements": 1076880000.0,
      "Land And Improvements": 154000.0,
      "Properties": 0.0,
      "Current Assets": 592853000.0,
      "Other Current Assets": 269957000.0,
      "Hedging Assets Current": 17016000.0,
      "Current Deferred Assets": 5262000.0,
      "Inventory": 76258000.0,
      "Finished Goods": 76258000.0,
      "Other Receivables": 50393000.0,
      "Taxes Receivable": 22319000.0,
      "Accounts Receivable": 192067000.0,
      "Allowance For Doubtful Accounts Receivable": -14960000.0,
      "Gross Accounts Receivable": 207027000.0,
      "Cash Cash Equivalents And Short Term Investments": 229538000.0,
      "Other Short Term Investments": 49884000.0,
      "Cash And Cash Equivalents": 179654000.0,
      "Cash Equivalents": 1125000.0,
      "Cash Financial": 178529000.0
    },
    "2021-12-31T00:00:00": {
      "Treasury Shares Number": 1407350.0,
      "Ordinary Shares Number": 224981270.0,
      "Share Issued": 226388620.0,
      "Net Debt": 886690000.0,
      "Total Debt": 1607168000.0,
      "Tangible Book Value": -1170823000.0,
      "Invested Capital": 2080414000.0,
      "Working Capital": -239750000.0,
      "Net Tangible Assets": -1170823000.0,
      "Capital Lease Obligations": 451932000.0,
      "Common Stock Equity": 925178000.0,
      "Total Capitalization": 1935763000.0,
      "Total Equity Gross Minority Interest": 927281000.0,
      "Minority Interest": 2103000.0,
      "Stockholders Equity": 925178000.0,
      "Treasury Stock": 28841000.0,
      "Retained Earnings": 752051000.0,
      "Additional Paid In Capital": 202712000.0,
      "Capital Stock": 4528000.0,
      "Common Stock": 4528000.0,
      "Total Liabilities Net Minority Interest": 2588010000.0,
      "Total Non Current Liabilities Net Minority Interest": 1701718000.0,
      "Other Non Current Liabilities": 16318000.0,
      "Derivative Product Liabilities": 2531000.0,
      "Non Current Pension And Other Postretirement Benefit Plans": 20762000.0,
      "Tradeand Other Payables Non Current": 19571000.0,
      "Non Current Deferred Revenue": 144414000.0,
      "Non Current Deferred Taxes Liabilities": 105191000.0,
      "Long Term Debt And Capital Lease Obligation": 1363852000.0,
      "Long Term Capital Lease Obligation": 353267000.0,
      "Long Term Debt": 1010585000.0,
      "Long Term Provisions": 29079000.0,
      "Current Liabilities": 886292000.0,
      "Current Debt And Capital Lease Obligation": 243316000.0,
      "Current Capital Lease Obligation": 98665000.0,
      "Current Debt": 144651000.0,
      "Pensionand Other Post Retirement Benefit Plans Current": 4081000.0,
      "Current Provisions": 3282000.0,
      "Payables": 504250000.0,
      "Other Payable": 207206000.0,
      "Total Tax Payable": 54537000.0,
      "Accounts Payable": 242507000.0,
      "Total Assets": 3515291000.0,
      "Total Non Current Assets": 2868749000.0,
      "Other Non Current Assets": 38516000.0,
      "Non Current Deferred Assets": 9452000.0,
      "Non Current Deferred Taxes Assets": 85185000.0,
      "Financial Assets": 10983000.0,
      "Long Term Equity Investment": 2133000.0,
      "Goodwill And Other Intangible Assets": 2096001000.0,
      "Other Intangible Assets": 414531000.0,
      "Goodwill": 1681470000.0,
      "Net PPE": 624222000.0,
      "Accumulated Depreciation": -710666000.0,
      "Gross PPE": 1334888000.0,
      "Construction In Progress": 11957000.0,
      "Other Properties": 62996000.0,
      "Machinery Furniture Equipment": 287584000.0,
      "Buildings And Improvements": 972132000.0,
      "Land And Improvements": 219000.0,
      "Properties": 0.0,
      "Current Assets": 646542000.0,
      "Other Current Assets": -1000.0,
      "Hedging Assets Current": 168000.0,
      "Current Deferred Assets": 5187000.0,
      "Inventory": 62570000.0,
      "Finished Goods": 62570000.0,
      "Other Receivables": 67790000.0,
      "Taxes Receivable": 23713000.0,
      "Accounts Receivable": 168680000.0,
      "Allowance For Doubtful Accounts Receivable": -17444000.0,
      "Gross Accounts Receivable": 186124000.0,
      "Cash Cash Equivalents And Short Term Investments": 318435000.0,
      "Other Short Term Investments": 49889000.0,
      "Cash And Cash Equivalents": 268546000.0,
      "Cash Equivalents": 6980000.0,
      "Cash Financial": 261566000.0
    }
  },
  "cashflow": {
    "2024-12-31T00:00:00": {
      "Free Cash Flow": 304737000.0,
      "Repurchase Of Capital Stock": -25521000.0,
      "Issuance Of Capital Stock": null,
      "Capital Expenditure": -146421000.0,
      "End Cash Position": 288834000.0,
      "Other Cash Adjustment Outside Changein Cash": null,
      "Beginning Cash Position": 193148000.0,
      "Effect Of Exchange Rate Changes": -1524000.0,
      "Changes In Cash": 97210000.0,
      "Financing Cash Flow": -18848000.0,
      "Net Other Financing Charges": 4457000.0,
      "Cash Dividends Paid": -65593000.0,
      "Common Stock Dividend Paid": -65593000.0,
      "Net Common Stock Issuance": -25521000.0,
      "Common Stock Payments": -25521000.0,
      "Common Stock Issuance": null,
      "Net Issuance Payments Of Debt": 198575000.0,
      "Net Long Term Debt Issuance": 198575000.0,
      "Investing Cash Flow": -335100000.0,
      "Net Other Investing Changes": 1386000.0,
      "Net Investment Purchase And Sale": null,
      "Net Business Purchase And Sale": -190065000.0,
      "Sale Of Business": 2466000.0,
      "Purchase Of Business": -192531000.0,
      "Net Intangibles Purchase And Sale": -61451000.0,
      "Purchase Of Intangibles": -61451000.0,
      "Net PPE Purchase And Sale": -84970000.0,
      "Sale Of PPE": null,
      "Purchase Of PPE": -84970000.0,
      "Operating Cash Flow": 451158000.0,
      "Taxes Refund Paid": -68926000.0,
      "Interest Paid Cfo": -56058000.0,
      "Dividend Received Cfo": 147000.0,
      "Change In Working Capital": -361000.0,
      "Change In Other Current Assets": -7710000.0,
      "Change In Payable": 6681000.0,
      "Change In Inventory": -2465000.0,
      "Change In Receivables": 3133000.0,
      "Other Non Cash Items": 60255000.0,
      "Provisionand Write Offof Assets": 18103000.0,
      "Deferred Tax": 51210000.0,
      "Depreciation And Amortization": 302718000.0,
      "Amortization Cash Flow": 108446000.0,
      "Depreciation": 194272000.0,
      "Net Income From Continuing Operations": 145570000.0
    },
    "2023-12-31T00:00:00": {
      "Free Cash Flow": 271890000.0,
      "Repurchase Of Capital Stock": -215000.0,
      "Issuance Of Capital Stock": null,
      "Capital Expenditure": -141653000.0,
      "End Cash Position": 193148000.0,
      "Other Cash Adjustment Outside Changein Cash": null,
      "Beginning Cash Position": 179654000.0,
      "Effect Of Exchange Rate Changes": -3511000.0,
      "Changes In Cash": 17005000.0,
      "Financing Cash Flow": -135057000.0,
      "Net Other Financing Charges": 48134000.0,
      "Cash Dividends Paid": -65361000.0,
      "Common Stock Dividend Paid": -65361000.0,
      "Net Common Stock Issuance": -215000.0,
      "Common Stock Payments": -215000.0,
      "Common Stock Issuance": null,
      "Net Issuance Payments Of Debt": -15000.0,
      "Net Long Term Debt Issuance": -15000.0,
      "Investing Cash Flow": -261481000.0,
      "Net Other Investing Changes": 1795000.0,
      "Net Investment Purchase And Sale": null,
      "Net Business Purchase And Sale": -121623000.0,
      "Sale Of Business": null,
      "Purchase Of Business": -121623000.0,
      "Net Intangibles Purchase And Sale": -66313000.0,
      "Purchase Of Intangibles": -66313000.0,
      "Net PPE Purchase And Sale": -75340000.0,
      "Sale Of PPE": null,
      "Purchase Of PPE": -75340000.0,
      "Operating Cash Flow": 413543000.0,
      "Taxes Refund Paid": -77679000.0,
      "Interest Paid Cfo": -51985000.0,
      "Dividend Received Cfo": 198000.0,
      "Change In Working Capital": -8840000.0,
      "Change In Other Current Assets": 27490000.0,
      "Change In Payable": 24152000.0,
      "Change In Inventory": -11361000.0,
      "Change In Receivables": -49121000.0,
      "Other Non Cash Items": 50017000.0,
      "Provisionand Write Offof Assets": 35871000.0,
      "Deferred Tax": 54720000.0,
      "Depreciation And Amortization": 267637000.0,
      "Amortization Cash Flow": 93506000.0,
      "Depreciation": 174131000.0,
      "Net Income From Continuing Operations": 155025000.0
    },
    "2022-12-31T00:00:00": {
      "Free Cash Flow": 342988000.0,
      "Repurchase Of Capital Stock": -53701000.0,
      "Issuance Of Capital Stock": null,
      "Capital Expenditure": -115634000.0,
      "End Cash Position": 179654000.0,
      "Other Cash Adjustment Outside Changein Cash": null,
      "Beginning Cash Position": 268546000.0,
      "Effect Of Exchange Rate Changes": 68000.0,
      "Changes In Cash": -88960000.0,
      "Financing Cash Flow": -353801000.0,
      "Net Other Financing Charges": -134565000.0,
      "Cash Dividends Paid": -58237000.0,
      "Common Stock Dividend Paid": -58237000.0,
      "Net Common Stock Issuance": -53701000.0,
      "Common Stock Payments": -53701000.0,
      "Common Stock Issuance": null,
      "Net Issuance Payments Of Debt": -128393000.0,
      "Net Long Term Debt Issuance": -128393000.0,
      "Investing Cash Flow": -193781000.0,
      "Net Other Investing Changes": 9342000.0,
      "Net Investment Purchase And Sale": 0.0,
      "Net Business Purchase And Sale": -87489000.0,
      "Sale Of Business": null,
      "Purchase Of Business": -87489000.0,
      "Net Intangibles Purchase And Sale": -58788000.0,
      "Purchase Of Intangibles": -58788000.0,
      "Net PPE Purchase And Sale": -56846000.0,
      "Sale Of PPE": 9342000.0,
      "Purchase Of PPE": -56846000.0,
      "Operating Cash Flow": 458622000.0,
      "Taxes Refund Paid": -44856000.0,
      "Interest Paid Cfo": -33080000.0,
      "Dividend Received Cfo": 342000.0,
      "Change In Working Capital": 12691000.0,
      "Change In Other Current Assets": -28825000.0,
      "Change In Payable": 80235000.0,
      "Change In Inventory": -16212000.0,
      "Change In Receivables": -22507000.0,
      "Other Non Cash Items": 35239000.0,
      "Provisionand Write Offof Assets": 13889000.0,
      "Deferred Tax": 64956000.0,
      "Depreciation And Amortization": 240041000.0,
      "Amortization Cash Flow": 80110000.0,
      "Depreciation": 159931000.0,
      "Net Income From Continuing Operations": 178780000.0
    },
    "2021-12-31T00:00:00": {
      "Free Cash Flow": 348967000.0,
      "Repurchase Of Capital Stock": -31085000.0,
      "Issuance Of Capital Stock": 458000.0,
      "Capital Expenditure": -113402000.0,
      "End Cash Position": 268546000.0,
      "Other Cash Adjustment Outside Changein Cash": -1000.0,
      "Beginning Cash Position": 545027000.0,
      "Effect Of Exchange Rate Changes": 3396000.0,
      "Changes In Cash": -279876000.0,
      "Financing Cash Flow": -208639000.0,
      "Net Other Financing Charges": 784000.0,
      "Cash Dividends Paid": -49356000.0,
      "Common Stock Dividend Paid": -49356000.0,
      "Net Common Stock Issuance": -31085000.0,
      "Common Stock Payments": -31085000.0,
      "Common Stock Issuance": 458000.0,
      "Net Issuance Payments Of Debt": -32666000.0,
      "Net Long Term Debt Issuance": -32666000.0,
      "Investing Cash Flow": -533606000.0,
      "Net Other Investing Changes": null,
      "Net Investment Purchase And Sale": 5167000.0,
      "Net Business Purchase And Sale": -427737000.0,
      "Sale Of Business": null,
      "Purchase Of Business": -427737000.0,
      "Net Intangibles Purchase And Sale": -61628000.0,
      "Purchase Of Intangibles": -61628000.0,
      "Net PPE Purchase And Sale": -49408000.0,
      "Sale Of PPE": 2366000.0,
      "Purchase Of PPE": -51774000.0,
      "Operating Cash Flow": 462369000.0,
      "Taxes Refund Paid": -65579000.0,
      "Interest Paid Cfo": -23616000.0,
      "Dividend Received Cfo": 2000.0,
      "Change In Working Capital": 75405000.0,
      "Change In Other Current Assets": 19123000.0,
      "Change In Payable": 53088000.0,
      "Change In Inventory": 178000.0,
      "Change In Receivables": 3016000.0,
      "Other Non Cash Items": 22006000.0,
      "Provisionand Write Offof Assets": 17935000.0,
      "Deferred Tax": 58382000.0,
      "Depreciation And Amortization": 222421000.0,
      "Amortization Cash Flow": 75236000.0,
      "Depreciation": 147185000.0,
      "Net Income From Continuing Operations": 157843000.0
    }
  },
  "earnings_estimate": {
    "avg": {
      "0q": 0.22778,
      "+1q": 0.1604,
      "0y": 0.69687,
      "+1y": 0.81323
    },
    "low": {
      "0q": 0.18,
      "+1q": 0.1604,
      "0y": 0.52,
      "+1y": 0.74
    },
    "high": {
      "0q": 0.26854,
      "+1q": 0.1604,
      "0y": 0.76264,
      "+1y": 0.86522
    },
    "yearAgoEps": {
      "0q": 0.246,
      "+1q": 0.185,
      "0y": 0.869,
      "+1y": 0.69687
    },
    "numberOfAnalysts": {
      "0q": 3,
      "+1q": 1,
      "0y": 15,
      "+1y": 15
    },
    "growth": {
      "0q": -0.074099995,
      "+1q": -0.133,
      "0y": -0.1981,
      "+1y": 0.16700001
    }
  },
  "revenue_estimate": {
    "avg": {
      "0q": 670276320,
      "+1q": 590292760,
      "0y": 2413274590,
      "+1y": 2513766630
    },
    "low": {
      "0q": 660492000,
      "+1q": 590292760,
      "0y": 2403361570,
      "+1y": 2482800000
    },
    "high": {
      "0q": 678368580,
      "+1q": 590292760,
      "0y": 2429286340,
      "+1y": 2583000000
    },
    "numberOfAnalysts": {
      "0q": 6,
      "+1q": 1,
      "0y": 15,
      "+1y": 15
    },
    "yearAgoRevenue": {
      "0q": 664400000,
      "+1q": 587800000,
      "0y": 2409200000,
      "+1y": 2413274590
    },
    "growth": {
      "0q": 0.0088,
      "+1q": 0.0042,
      "0y": 0.0017,
      "+1y": 0.0416
    }
  },
  "growth_estimates": {
    "stockTrend": {
      "0q": -0.074099995,
      "+1q": -0.133,
      "0y": -0.1981,
      "+1y": 0.16700001,
      "LTG": null
    },
    "indexTrend": {
      "0q": 0.1273,
      "+1q": 0.103599995,
      "0y": 0.14310001,
      "+1y": 0.1557,
      "LTG": 0.122
    }
  },
  "revenue_forecasts": null,
  "dividend_rate": 0.29,
  "trailing_dividend_rate": 0.29
}