{
  "ticker": "AMZN",
  "name": "Amazon",
  "country": "usa",
  "currency": "USD",
  "last_fetched": "2026-02-26T20:44:44.275317",
  "market_cap": 2231897423872,
  "revenue": 716923994112,
  "net_income": 77669998592,
  "pe_ratio": 29.03771,
  "forward_pe": 22.381666,
  "dividend_yield": null,
  "profit_margin": 0.108339995,
  "roe": 0.22286,
  "debt_to_equity": 43.435,
  "beta": 1.385,
  "ev_to_ebitda": 15.897,
  "sector": "Consumer Cyclical",
  "industry": "Internet Retail",
  "summary": "Amazon.com, Inc. engages in the retail sale of consumer products, advertising, and subscriptions service through online and physical stores in North America and internationally. The company operates through three segments: North America, International, and Amazon Web Services (AWS). It also manufactures and sells electronic devices, including Kindle, fire tablets, fire TVs, echo, ring, blink, and eero; and develops and produces media content. In addition, the company offers programs that enable sellers to sell their products in its stores; and programs that allow authors, independent publishers, musicians, filmmakers, Twitch streamers, skill and app developers, and others to publish and sell content. Further, it provides compute, storage, Artificial intelligence, database, analytics, machine learning, and other services, as well as advertising services through programs, such as sponsored ads, display, and video advertising. Additionally, the company offers Amazon Prime, a membership program. The company's products offered through its stores include merchandise and content purchased for resale and products offered by third-party sellers. It serves consumers, sellers, developers, enterprises, content creators, advertisers, and employees. The company was incorporated in 1994 and is headquartered in Seattle, Washington.",
  "website": "https://www.amazon.com",
  "employees": 1576000,
  "target_high": 360.0,
  "target_low": 175.0,
  "target_mean": 280.50793,
  "target_median": 285.0,
  "recommendation": "strong_buy",
  "num_analysts": 63,
  "income_stmt": {
    "2025-12-31T00:00:00": {
      "Tax Effect Of Unusual Items": 3004930994.440505,
      "Tax Rate For Calcs": 0.196144,
      "Normalized EBITDA": 150021000000.0,
      "Total Unusual Items": 15320000000.0,
      "Total Unusual Items Excluding Goodwill": 15320000000.0,
      "Net Income From Continuing Operation Net Minority Interest": 77670000000.0,
      "Reconciled Depreciation": 65756000000.0,
      "Reconciled Cost Of Revenue": 356414000000.0,
      "EBITDA": 165341000000.0,
      "EBIT": 99585000000.0,
      "Net Interest Income": 2107000000.0,
      "Interest Expense": 2274000000.0,
      "Interest Income": 4381000000.0,
      "Normalized Income": 65354930994.440506,
      "Net Income From Continuing And Discontinued Operation": 77670000000.0,
      "Total Expenses": 636949000000.0,
      "Total Operating Income As Reported": 79975000000.0,
      "Diluted Average Shares": 10827000000.0,
      "Basic Average Shares": 10656000000.0,
      "Diluted EPS": 7.17,
      "Basic EPS": 7.29,
      "Diluted NI Availto Com Stockholders": 77670000000.0,
      "Net Income Common Stockholders": 77670000000.0,
      "Net Income": 77670000000.0,
      "Net Income Including Noncontrolling Interests": 77670000000.0,
      "Net Income Continuous Operations": 77670000000.0,
      "Earnings From Equity Interest Net Of Tax": -554000000.0,
      "Tax Provision": 19087000000.0,
      "Pretax Income": 97311000000.0,
      "Other Income Expense": 15229000000.0,
      "Other Non Operating Income Expenses": -91000000.0,
      "Gain On Sale Of Security": 15320000000.0,
      "Net Non Operating Interest Income Expense": 2107000000.0,
      "Interest Expense Non Operating": 2274000000.0,
      "Interest Income Non Operating": 4381000000.0,
      "Operating Income": 79975000000.0,
      "Operating Expense": 280535000000.0,
      "Other Operating Expenses": 222234000000.0,
      "Selling General And Administration": 58301000000.0,
      "Selling And Marketing Expense": 47129000000.0,
      "General And Administrative Expense": 11172000000.0,
      "Other Gand A": 11172000000.0,
      "Gross Profit": 360510000000.0,
      "Cost Of Revenue": 356414000000.0,
      "Total Revenue": 716924000000.0,
      "Operating Revenue": 716924000000.0
    },
    "2024-12-31T00:00:00": {
      "Tax Effect Of Unusual Items": -247916460.197627,
      "Tax Rate For Calcs": 0.135031,
      "Normalized EBITDA": 125651000000.0,
      "Total Unusual Items": -1836000000.0,
      "Total Unusual Items Excluding Goodwill": -1836000000.0,
      "Net Income From Continuing Operation Net Minority Interest": 59248000000.0,
      "Reconciled Depreciation": 52795000000.0,
      "Reconciled Cost Of Revenue": 326288000000.0,
      "EBITDA": 123815000000.0,
      "EBIT": 71020000000.0,
      "Net Interest Income": 2271000000.0,
      "Interest Expense": 2406000000.0,
      "Interest Income": 4677000000.0,
      "Normalized Income": 60836083539.802376,
      "Net Income From Continuing And Discontinued Operation": 59248000000.0,
      "Total Expenses": 569366000000.0,
      "Total Operating Income As Reported": 68593000000.0,
      "Diluted Average Shares": 10721000000.0,
      "Basic Average Shares": 10473000000.0,
      "Diluted EPS": 5.53,
      "Basic EPS": 5.66,
      "Diluted NI Availto Com Stockholders": 59248000000.0,
      "Net Income Common Stockholders": 59248000000.0,
      "Net Income": 59248000000.0,
      "Net Income Including Noncontrolling Interests": 59248000000.0,
      "Net Income Continuous Operations": 59248000000.0,
      "Earnings From Equity Interest Net Of Tax": -101000000.0,
      "Tax Provision": 9265000000.0,
      "Pretax Income": 68614000000.0,
      "Other Income Expense": -2250000000.0,
      "Other Non Operating Income Expenses": -414000000.0,
      "Gain On Sale Of Security": -1836000000.0,
      "Net Non Operating Interest Income Expense": 2271000000.0,
      "Interest Expense Non Operating": 2406000000.0,
      "Interest Income Non Operating": 4677000000.0,
      "Operating Income": 68593000000.0,
      "Operating Expense": 243078000000.0,
      "Other Operating Expenses": 187812000000.0,
      "Selling General And Administration": 55266000000.0,
      "Selling And Marketing Expense": 43907000000.0,
      "General And Administrative Expense": 11359000000.0,
      "Other Gand A": 11359000000.0,
      "Gross Profit": 311671000000.0,
      "Cost Of Revenue": 326288000000.0,
      "Total Revenue": 637959000000.0,
      "Operating Revenue": 637959000000.0
    },
    "2023-12-31T00:00:00": {
      "Tax Effect Of Unusual Items": 199057432.702293,
      "Tax Rate For Calcs": 0.189579,
      "Normalized EBITDA": 88352000000.0,
      "Total Unusual Items": 1050000000.0,
      "Total Unusual Items Excluding Goodwill": 1050000000.0,
      "Net Income From Continuing Operation Net Minority Interest": 30425000000.0,
      "Reconciled Depreciation": 48663000000.0,
      "Reconciled Cost Of Revenue": 304739000000.0,
      "EBITDA": 89402000000.0,
      "EBIT": 40739000000.0,
      "Net Interest Income": -233000000.0,
      "Interest Expense": 3182000000.0,
      "Interest Income": 2949000000.0,
      "Normalized Income": 29574057432.702293,
      "Net Income From Continuing And Discontinued Operation": 30425000000.0,
      "Total Expenses": 537933000000.0,
      "Total Operating Income As Reported": 36852000000.0,
      "Diluted Average Shares": 10492000000.0,
      "Basic Average Shares": 10304000000.0,
      "Diluted EPS": 2.9,
      "Basic EPS": 2.95,
      "Diluted NI Availto Com Stockholders": 30425000000.0,
      "Net Income Common Stockholders": 30425000000.0,
      "Net Income": 30425000000.0,
      "Net Income Including Noncontrolling Interests": 30425000000.0,
      "Net Income Continuous Operations": 30425000000.0,
      "Earnings From Equity Interest Net Of Tax": -12000000.0,
      "Tax Provision": 7120000000.0,
      "Pretax Income": 37557000000.0,
      "Other Income Expense": 938000000.0,
      "Other Non Operating Income Expenses": -112000000.0,
      "Gain On Sale Of Security": 1050000000.0,
      "Net Non Operating Interest Income Expense": -233000000.0,
      "Interest Expense Non Operating": 3182000000.0,
      "Interest Income Non Operating": 2949000000.0,
      "Operating Income": 36852000000.0,
      "Operating Expense": 233194000000.0,
      "Other Operating Expenses": 177008000000.0,
      "Selling General And Administration": 56186000000.0,
      "Selling And Marketing Expense": 44370000000.0,
      "General And Administrative Expense": 11816000000.0,
      "Other Gand A": 11816000000.0,
      "Gross Profit": 270046000000.0,
      "Cost Of Revenue": 304739000000.0,
      "Total Revenue": 574785000000.0,
      "Operating Revenue": 574785000000.0
    },
    "2022-12-31T00:00:00": {
      "Tax Effect Of Unusual Items": -3415860000.0,
      "Tax Rate For Calcs": 0.21,
      "Normalized EBITDA": 54618000000.0,
      "Total Unusual Items": -16266000000.0,
      "Total Unusual Items Excluding Goodwill": -16266000000.0,
      "Net Income From Continuing Operation Net Minority Interest": -2722000000.0,
      "Reconciled Depreciation": 41921000000.0,
      "Reconciled Cost Of Revenue": 288831000000.0,
      "EBITDA": 38352000000.0,
      "EBIT": -3569000000.0,
      "Net Interest Income": -1378000000.0,
      "Interest Expense": 2367000000.0,
      "Interest Income": 989000000.0,
      "Normalized Income": 10128140000.0,
      "Net Income From Continuing And Discontinued Operation": -2722000000.0,
      "Total Expenses": 501735000000.0,
      "Total Operating Income As Reported": 12248000000.0,
      "Diluted Average Shares": 10189000000.0,
      "Basic Average Shares": 10189000000.0,
      "Diluted EPS": -0.27,
      "Basic EPS": -0.27,
      "Diluted NI Availto Com Stockholders": -2722000000.0,
      "Net Income Common Stockholders": -2722000000.0,
      "Net Income": -2722000000.0,
      "Net Income Including Noncontrolling Interests": -2722000000.0,
      "Net Income Continuous Operations": -2722000000.0,
      "Earnings From Equity Interest Net Of Tax": -3000000.0,
      "Tax Provision": -3217000000.0,
      "Pretax Income": -5936000000.0,
      "Other Income Expense": -16806000000.0,
      "Other Non Operating Income Expenses": -540000000.0,
      "Gain On Sale Of Security": -16266000000.0,
      "Net Non Operating Interest Income Expense": -1378000000.0,
      "Interest Expense Non Operating": 2367000000.0,
      "Interest Income Non Operating": 989000000.0,
      "Operating Income": 12248000000.0,
      "Operating Expense": 212904000000.0,
      "Other Operating Expenses": 158775000000.0,
      "Selling General And Administration": 54129000000.0,
      "Selling And Marketing Expense": 42238000000.0,
      "General And Administrative Expense": 11891000000.0,
      "Other Gand A": 11891000000.0,
      "Gross Profit": 225152000000.0,
      "Cost Of Revenue": 288831000000.0,
      "Total Revenue": 513983000000.0,
      "Operating Revenue": 513983000000.0
    }
  },
  "quarterly_income": {
    "2025-12-31T00:00:00": {
      "Tax Effect Of Unusual Items": 227547603.833866,
      "Tax Rate For Calcs": 0.185905,
      "Normalized EBITDA": 45531000000.0,
      "Total Unusual Items": 1224000000.0,
      "Total Unusual Items Excluding Goodwill": 1224000000.0,
      "Net Income From Continuing Operation Net Minority Interest": 21192000000.0,
      "Reconciled Depreciation": 19471000000.0,
      "Reconciled Cost Of Revenue": 109959000000.0,
      "EBITDA": 46755000000.0,
      "EBIT": 27284000000.0,
      "Net Interest Income": 451000000.0,
      "Interest Expense": 679000000.0,
      "Interest Income": 1130000000.0,
      "Normalized Income": 20195547603.833866,
      "Net Income From Continuing And Discontinued Operation": 21192000000.0,
      "Total Expenses": 188409000000.0,
      "Total Operating Income As Reported": 24977000000.0,
      "Diluted Average Shares": 10863000000.0,
      "Basic Average Shares": 10709000000.0,
      "Diluted EPS": 1.95,
      "Basic EPS": 1.98,
      "Diluted NI Availto Com Stockholders": 21192000000.0,
      "Net Income Common Stockholders": 21192000000.0,
      "Net Income": 21192000000.0,
      "Net Income Including Noncontrolling Interests": 21192000000.0,
      "Net Income Continuous Operations": 21192000000.0,
      "Earnings From Equity Interest Net Of Tax": -467000000.0,
      "Tax Provision": 4946000000.0,
      "Pretax Income": 26605000000.0,
      "Other Income Expense": 1177000000.0,
      "Other Non Operating Income Expenses": -47000000.0,
      "Gain On Sale Of Security": 1224000000.0,
      "Net Non Operating Interest Income Expense": 451000000.0,
      "Interest Expense Non Operating": 679000000.0,
      "Interest Income Non Operating": 1130000000.0,
      "Operating Income": 24977000000.0,
      "Operating Expense": 78450000000.0,
      "Other Operating Expenses": 61482000000.0,
      "Selling General And Administration": 16968000000.0,
      "Selling And Marketing Expense": 14264000000.0,
      "General And Administrative Expense": 2704000000.0,
      "Other Gand A": 2704000000.0,
      "Gross Profit": 103427000000.0,
      "Cost Of Revenue": 109959000000.0,
      "Total Revenue": 213386000000.0,
      "Operating Revenue": 213386000000.0
    },
    "2025-09-30T00:00:00": {
      "Tax Effect Of Unusual Items": 2500796947.106851,
      "Tax Rate For Calcs": 0.245296,
      "Normalized EBITDA": 35309000000.0,
      "Total Unusual Items": 10195000000.0,
      "Total Unusual Items Excluding Goodwill": 10195000000.0,
      "Net Income From Continuing Operation Net Minority Interest": 21187000000.0,
      "Reconciled Depreciation": 16796000000.0,
      "Reconciled Cost Of Revenue": 88670000000.0,
      "EBITDA": 45504000000.0,
      "EBIT": 28708000000.0,
      "Net Interest Income": 562000000.0,
      "Interest Expense": 538000000.0,
      "Interest Income": 1100000000.0,
      "Normalized Income": 13492796947.106852,
      "Net Income From Continuing And Discontinued Operation": 21187000000.0,
      "Total Expenses": 162747000000.0,
      "Total Operating Income As Reported": 17422000000.0,
      "Diluted Average Shares": 10845000000.0,
      "Basic Average Shares": 10674000000.0,
      "Diluted EPS": 1.95,
      "Basic EPS": 1.98,
      "Diluted NI Availto Com Stockholders": 21187000000.0,
      "Net Income Common Stockholders": 21187000000.0,
      "Net Income": 21187000000.0,
      "Net Income Including Noncontrolling Interests": 21187000000.0,
      "Net Income Continuous Operations": 21187000000.0,
      "Earnings From Equity Interest Net Of Tax": -73000000.0,
      "Tax Provision": 6910000000.0,
      "Pretax Income": 28170000000.0,
      "Other Income Expense": 10186000000.0,
      "Other Non Operating Income Expenses": -9000000.0,
      "Gain On Sale Of Security": 10195000000.0,
      "Net Non Operating Interest Income Expense": 562000000.0,
      "Interest Expense Non Operating": 538000000.0,
      "Interest Income Non Operating": 1100000000.0,
      "Operating Income": 17422000000.0,
      "Operating Expense": 74077000000.0,
      "Other Operating Expenses": 59516000000.0,
      "Selling General And Administration": 14561000000.0,
      "Selling And Marketing Expense": 11686000000.0,
      "General And Administrative Expense": 2875000000.0,
      "Other Gand A": 2875000000.0,
      "Gross Profit": 91499000000.0,
      "Cost Of Revenue": 88670000000.0,
      "Total Revenue": 180169000000.0,
      "Operating Revenue": 180169000000.0
    },
    "2025-06-30T00:00:00": {
      "Tax Effect Of Unusual Items": 143677518.339167,
      "Tax Rate For Calcs": 0.128398,
      "Normalized EBITDA": 35481000000.0,
      "Total Unusual Items": 1119000000.0,
      "Total Unusual Items Excluding Goodwill": 1119000000.0,
      "Net Income From Continuing Operation Net Minority Interest": 18164000000.0,
      "Reconciled Depreciation": 15227000000.0,
      "Reconciled Cost Of Revenue": 80809000000.0,
      "EBITDA": 36600000000.0,
      "EBIT": 21373000000.0,
      "Net Interest Income": 569000000.0,
      "Interest Expense": 516000000.0,
      "Interest Income": 1085000000.0,
      "Normalized Income": 17188677518.33917,
      "Net Income From Continuing And Discontinued Operation": 18164000000.0,
      "Total Expenses": 148531000000.0,
      "Total Operating Income As Reported": 19171000000.0,
      "Diluted Average Shares": 10806000000.0,
      "Basic Average Shares": 10637000000.0,
      "Diluted EPS": 1.68,
      "Basic EPS": 1.71,
      "Diluted NI Availto Com Stockholders": 18164000000.0,
      "Net Income Common Stockholders": 18164000000.0,
      "Net Income": 18164000000.0,
      "Net Income Including Noncontrolling Interests": 18164000000.0,
      "Net Income Continuous Operations": 18164000000.0,
      "Earnings From Equity Interest Net Of Tax": -15000000.0,
      "Tax Provision": 2678000000.0,
      "Pretax Income": 20857000000.0,
      "Other Income Expense": 1117000000.0,
      "Other Non Operating Income Expenses": -2000000.0,
      "Gain On Sale Of Security": 1119000000.0,
      "Net Non Operating Interest Income Expense": 569000000.0,
      "Interest Expense Non Operating": 516000000.0,
      "Interest Income Non Operating": 1085000000.0,
      "Operating Income": 19171000000.0,
      "Operating Expense": 67722000000.0,
      "Other Operating Expenses": 53341000000.0,
      "Selling General And Administration": 14381000000.0,
      "Selling And Marketing Expense": 11416000000.0,
      "General And Administrative Expense": 2965000000.0,
      "Other Gand A": 2965000000.0,
      "Gross Profit": 86893000000.0,
      "Cost Of Revenue": 80809000000.0,
      "Total Revenue": 167702000000.0,
      "Operating Revenue": 167702000000.0
    },
    "2025-03-31T00:00:00": {
      "Tax Effect Of Unusual Items": 584272614.050464,
      "Tax Rate For Calcs": 0.210019,
      "Normalized EBITDA": 33700000000.0,
      "Total Unusual Items": 2782000000.0,
      "Total Unusual Items Excluding Goodwill": 2782000000.0,
      "Net Income From Continuing Operation Net Minority Interest": 17127000000.0,
      "Reconciled Depreciation": 14262000000.0,
      "Reconciled Cost Of Revenue": 76976000000.0,
      "EBITDA": 36482000000.0,
      "EBIT": 22220000000.0,
      "Net Interest Income": 525000000.0,
      "Interest Expense": 541000000.0,
      "Interest Income": 1066000000.0,
      "Normalized Income": 14929272614.050465,
      "Net Income From Continuing And Discontinued Operation": 17127000000.0,
      "Total Expenses": 137262000000.0,
      "Total Operating Income As Reported": 18405000000.0,
      "Diluted Average Shares": 10793000000.0,
      "Basic Average Shares": 10603000000.0,
      "Diluted EPS": 1.59,
      "Basic EPS": 1.62,
      "Diluted NI Availto Com Stockholders": 17127000000.0,
      "Net Income Common Stockholders": 17127000000.0,
      "Net Income": 17127000000.0,
      "Net Income Including Noncontrolling Interests": 17127000000.0,
      "Net Income Continuous Operations": 17127000000.0,
      "Earnings From Equity Interest Net Of Tax": 1000000.0,
      "Tax Provision": 4553000000.0,
      "Pretax Income": 21679000000.0,
      "Other Income Expense": 2749000000.0,
      "Other Non Operating Income Expenses": -33000000.0,
      "Gain On Sale Of Security": 2782000000.0,
      "Net Non Operating Interest Income Expense": 525000000.0,
      "Interest Expense Non Operating": 541000000.0,
      "Interest Income Non Operating": 1066000000.0,
      "Operating Income": 18405000000.0,
      "Operating Expense": 60286000000.0,
      "Other Operating Expenses": 47895000000.0,
      "Selling General And Administration": 12391000000.0,
      "Selling And Marketing Expense": 9763000000.0,
      "General And Administrative Expense": 2628000000.0,
      "Other Gand A": 2628000000.0,
      "Gross Profit": 78691000000.0,
      "Cost Of Revenue": 76976000000.0,
      "Total Revenue": 155667000000.0,
      "Operating Revenue": 155667000000.0
    },
    "2024-12-31T00:00:00": {
      "Tax Effect Of Unusual Items": 59714081.166943,
      "Tax Rate For Calcs": 0.104032,
      "Normalized EBITDA": 37976000000.0,
      "Total Unusual Items": 574000000.0,
      "Total Unusual Items Excluding Goodwill": 574000000.0,
      "Net Income From Continuing Operation Net Minority Interest": 20004000000.0,
      "Reconciled Depreciation": 15631000000.0,
      "Reconciled Cost Of Revenue": 98893000000.0,
      "EBITDA": 38550000000.0,
      "EBIT": 22919000000.0,
      "Net Interest Income": 678000000.0,
      "Interest Expense": 570000000.0,
      "Interest Income": 1248000000.0,
      "Normalized Income": 19489714081.166943,
      "Net Income From Continuing And Discontinued Operation": 20004000000.0,
      "Total Expenses": 166589000000.0,
      "Total Operating Income As Reported": 21203000000.0,
      "Diluted Average Shares": 10771000000.0,
      "Basic Average Shares": 10552000000.0,
      "Diluted EPS": 1.86,
      "Basic EPS": 1.9,
      "Diluted NI Availto Com Stockholders": 20004000000.0,
      "Net Income Common Stockholders": 20004000000.0,
      "Net Income": 20004000000.0,
      "Net Income Including Noncontrolling Interests": 20004000000.0,
      "Net Income Continuous Operations": 20004000000.0,
      "Earnings From Equity Interest Net Of Tax": -20000000.0,
      "Tax Provision": 2325000000.0,
      "Pretax Income": 22349000000.0,
      "Other Income Expense": 468000000.0,
      "Other Non Operating Income Expenses": -106000000.0,
      "Gain On Sale Of Security": 574000000.0,
      "Net Non Operating Interest Income Expense": 678000000.0,
      "Interest Expense Non Operating": 570000000.0,
      "Interest Income Non Operating": 1248000000.0,
      "Operating Income": 21203000000.0,
      "Operating Expense": 67696000000.0,
      "Other Operating Expenses": 51709000000.0,
      "Selling General And Administration": 15987000000.0,
      "Selling And Marketing Expense": 13124000000.0,
      "General And Administrative Expense": 2863000000.0,
      "Other Gand A": 2863000000.0,
      "Gross Profit": 88899000000.0,
      "Cost Of Revenue": 98893000000.0,
      "Total Revenue": 187792000000.0,
      "Operating Revenue": 187792000000.0
    }
  },
  "balance_sheet": {
    "2025-12-31T00:00:00": {
      "Treasury Shares Number": 515000000.0,
      "Ordinary Shares Number": 10731000000.0,
      "Share Issued": 11246000000.0,
      "Net Debt": null,
      "Total Debt": 152987000000.0,
      "Tangible Book Value": 378595000000.0,
      "Invested Capital": 476713000000.0,
      "Working Capital": 11078000000.0,
      "Net Tangible Assets": 378595000000.0,
      "Capital Lease Obligations": 87339000000.0,
      "Common Stock Equity": 411065000000.0,
      "Total Capitalization": 476713000000.0,
      "Total Equity Gross Minority Interest": 411065000000.0,
      "Stockholders Equity": 411065000000.0,
      "Gains Losses Not Affecting Retained Earnings": 28230000000.0,
      "Other Equity Adjustments": 28230000000.0,
      "Treasury Stock": 7837000000.0,
      "Retained Earnings": 250536000000.0,
      "Additional Paid In Capital": 140024000000.0,
      "Capital Stock": 112000000.0,
      "Common Stock": 112000000.0,
      "Preferred Stock": 0.0,
      "Total Liabilities Net Minority Interest": 406977000000.0,
      "Total Non Current Liabilities Net Minority Interest": 188972000000.0,
      "Other Non Current Liabilities": 35985000000.0,
      "Long Term Debt And Capital Lease Obligation": 152987000000.0,
      "Long Term Capital Lease Obligation": 87339000000.0,
      "Long Term Debt": 65648000000.0,
      "Current Liabilities": 218005000000.0,
      "Current Deferred Liabilities": 20576000000.0,
      "Current Deferred Revenue": 20576000000.0,
      "Payables And Accrued Expenses": 197429000000.0,
      "Current Accrued Expenses": 75520000000.0,
      "Payables": 121909000000.0,
      "Accounts Payable": 121909000000.0,
      "Total Assets": 818042000000.0,
      "Total Non Current Assets": 588959000000.0,
      "Other Non Current Assets": 113410000000.0,
      "Goodwill And Other Intangible Assets": 32470000000.0,
      "Other Intangible Assets": 9197000000.0,
      "Goodwill": 23273000000.0,
      "Net PPE": 443079000000.0,
      "Accumulated Depreciation": -177073000000.0,
      "Gross PPE": 620152000000.0,
      "Construction In Progress": 71745000000.0,
      "Other Properties": 393286000000.0,
      "Machinery Furniture Equipment": null,
      "Land And Improvements": null,
      "Properties": 155121000000.0,
      "Current Assets": 229083000000.0,
      "Inventory": 38325000000.0,
      "Inventories Adjustments Allowances": -3300000000.0,
      "Other Inventories": 41625000000.0,
      "Finished Goods": null,
      "Receivables": 67729000000.0,
      "Accounts Receivable": 67729000000.0,
      "Allowance For Doubtful Accounts Receivable": -2400000000.0,
      "Gross Accounts Receivable": 70129000000.0,
      "Cash Cash Equivalents And Short Term Investments": 123029000000.0,
      "Other Short Term Investments": 36219000000.0,
      "Cash And Cash Equivalents": 86810000000.0
    },
    "2024-12-31T00:00:00": {
      "Treasury Shares Number": 515000000.0,
      "Ordinary Shares Number": 10593000000.0,
      "Share Issued": 11108000000.0,
      "Net Debt": null,
      "Total Debt": 130900000000.0,
      "Tangible Book Value": 254294000000.0,
      "Invested Capital": 338593000000.0,
      "Working Capital": 11436000000.0,
      "Net Tangible Assets": 254294000000.0,
      "Capital Lease Obligations": 78277000000.0,
      "Common Stock Equity": 285970000000.0,
      "Total Capitalization": 338593000000.0,
      "Total Equity Gross Minority Interest": 285970000000.0,
      "Stockholders Equity": 285970000000.0,
      "Gains Losses Not Affecting Retained Earnings": -34000000.0,
      "Other Equity Adjustments": -34000000.0,
      "Treasury Stock": 7837000000.0,
      "Retained Earnings": 172866000000.0,
      "Additional Paid In Capital": 120864000000.0,
      "Capital Stock": 111000000.0,
      "Common Stock": 111000000.0,
      "Preferred Stock": 0.0,
      "Total Liabilities Net Minority Interest": 338924000000.0,
      "Total Non Current Liabilities Net Minority Interest": 159493000000.0,
      "Other Non Current Liabilities": 28593000000.0,
      "Long Term Debt And Capital Lease Obligation": 130900000000.0,
      "Long Term Capital Lease Obligation": 78277000000.0,
      "Long Term Debt": 52623000000.0,
      "Current Liabilities": 179431000000.0,
      "Current Deferred Liabilities": 18103000000.0,
      "Current Deferred Revenue": 18103000000.0,
      "Payables And Accrued Expenses": 161328000000.0,
      "Current Accrued Expenses": 66965000000.0,
      "Payables": 94363000000.0,
      "Accounts Payable": 94363000000.0,
      "Total Assets": 624894000000.0,
      "Total Non Current Assets": 434027000000.0,
      "Other Non Current Assets": 73545000000.0,
      "Goodwill And Other Intangible Assets": 31676000000.0,
      "Other Intangible Assets": 8602000000.0,
      "Goodwill": 23074000000.0,
      "Net PPE": 328806000000.0,
      "Accumulated Depreciation": -141390000000.0,
      "Gross PPE": 470196000000.0,
      "Construction In Progress": 46636000000.0,
      "Other Properties": 300521000000.0,
      "Machinery Furniture Equipment": null,
      "Land And Improvements": null,
      "Properties": 123039000000.0,
      "Current Assets": 190867000000.0,
      "Inventory": 34214000000.0,
      "Inventories Adjustments Allowances": -3000000000.0,
      "Other Inventories": 37214000000.0,
      "Finished Goods": null,
      "Receivables": 55451000000.0,
      "Accounts Receivable": 55451000000.0,
      "Allowance For Doubtful Accounts Receivable": -2000000000.0,
      "Gross Accounts Receivable": 57451000000.0,
      "Cash Cash Equivalents And Short Term Investments": 101202000000.0,
      "Other Short Term Investments": 22423000000.0,
      "Cash And Cash Equivalents": 78779000000.0
    },
    "2023-12-31T00:00:00": {
      "Treasury Shares Number": 515000000.0,
      "Ordinary Shares Number": 10383000000.0,
      "Share Issued": 10898000000.0,
      "Net Debt": null,
      "Total Debt": 135611000000.0,
      "Tangible Book Value": 171399000000.0,
      "Invested Capital": 260189000000.0,
      "Working Capital": 7434000000.0,
      "Net Tangible Assets": 171399000000.0,
      "Capital Lease Obligations": 77297000000.0,
      "Common Stock Equity": 201875000000.0,
      "Total Capitalization": 260189000000.0,
      "Total Equity Gross Minority Interest": 201875000000.0,
      "Stockholders Equity": 201875000000.0,
      "Gains Losses Not Affecting Retained Earnings": -3040000000.0,
      "Other Equity Adjustments": -3040000000.0,
      "Treasury Stock": 7837000000.0,
      "Retained Earnings": 113618000000.0,
      "Additional Paid In Capital": 99025000000.0,
      "Capital Stock": 109000000.0,
      "Common Stock": 109000000.0,
      "Preferred Stock": 0.0,
      "Total Liabilities Net Minority Interest": 325979000000.0,
      "Total Non Current Liabilities Net Minority Interest": 161062000000.0,
      "Other Non Current Liabilities": 25451000000.0,
      "Long Term Debt And Capital Lease Obligation": 135611000000.0,
      "Long Term Capital Lease Obligation": 77297000000.0,
      "Long Term Debt": 58314000000.0,
      "Current Liabilities": 164917000000.0,
      "Current Deferred Liabilities": 15227000000.0,
      "Current Deferred Revenue": 15227000000.0,
      "Payables And Accrued Expenses": 149690000000.0,
      "Current Accrued Expenses": 64709000000.0,
      "Payables": 84981000000.0,
      "Accounts Payable": 84981000000.0,
      "Total Assets": 527854000000.0,
      "Total Non Current Assets": 355503000000.0,
      "Other Non Current Assets": 48337000000.0,
      "Goodwill And Other Intangible Assets": 30476000000.0,
      "Other Intangible Assets": 7687000000.0,
      "Goodwill": 22789000000.0,
      "Net PPE": 276690000000.0,
      "Accumulated Depreciation": -120111000000.0,
      "Gross PPE": 396801000000.0,
      "Construction In Progress": 28840000000.0,
      "Other Properties": 262668000000.0,
      "Machinery Furniture Equipment": null,
      "Land And Improvements": 105293000000.0,
      "Properties": 105293000000.0,
      "Current Assets": 172351000000.0,
      "Inventory": 33318000000.0,
      "Inventories Adjustments Allowances": -3000000000.0,
      "Other Inventories": 36318000000.0,
      "Finished Goods": null,
      "Receivables": 52253000000.0,
      "Accounts Receivable": 52253000000.0,
      "Allowance For Doubtful Accounts Receivable": -1700000000.0,
      "Gross Accounts Receivable": 53953000000.0,
      "Cash Cash Equivalents And Short Term Investments": 86780000000.0,
      "Other Short Term Investments": 13393000000.0,
      "Cash And Cash Equivalents": 73387000000.0
    },
    "2022-12-31T00:00:00": {
      "Treasury Shares Number": 515000000.0,
      "Ordinary Shares Number": 10242000000.0,
      "Share Issued": 10757000000.0,
      "Net Debt": 13262000000.0,
      "Total Debt": 140118000000.0,
      "Tangible Book Value": 119658000000.0,
      "Invested Capital": 213193000000.0,
      "Working Capital": -8602000000.0,
      "Net Tangible Assets": 119658000000.0,
      "Capital Lease Obligations": 72968000000.0,
      "Common Stock Equity": 146043000000.0,
      "Total Capitalization": 213193000000.0,
      "Total Equity Gross Minority Interest": 146043000000.0,
      "Stockholders Equity": 146043000000.0,
      "Gains Losses Not Affecting Retained Earnings": -4487000000.0,
      "Other Equity Adjustments": -4487000000.0,
      "Treasury Stock": 7837000000.0,
      "Retained Earnings": 83193000000.0,
      "Additional Paid In Capital": 75066000000.0,
      "Capital Stock": 108000000.0,
      "Common Stock": 108000000.0,
      "Preferred Stock": 0.0,
      "Total Liabilities Net Minority Interest": 316632000000.0,
      "Total Non Current Liabilities Net Minority Interest": 161239000000.0,
      "Other Non Current Liabilities": 21121000000.0,
      "Long Term Debt And Capital Lease Obligation": 140118000000.0,
      "Long Term Capital Lease Obligation": 72968000000.0,
      "Long Term Debt": 67150000000.0,
      "Current Liabilities": 155393000000.0,
      "Current Deferred Liabilities": 13227000000.0,
      "Current Deferred Revenue": 13227000000.0,
      "Payables And Accrued Expenses": 142166000000.0,
      "Current Accrued Expenses": 62566000000.0,
      "Payables": 79600000000.0,
      "Accounts Payable": 79600000000.0,
      "Total Assets": 462675000000.0,
      "Total Non Current Assets": 315884000000.0,
      "Other Non Current Assets": 36661000000.0,
      "Goodwill And Other Intangible Assets": 26385000000.0,
      "Other Intangible Assets": 6097000000.0,
      "Goodwill": 20288000000.0,
      "Net PPE": 252838000000.0,
      "Accumulated Depreciation": -97015000000.0,
      "Gross PPE": 349853000000.0,
      "Construction In Progress": 30020000000.0,
      "Other Properties": 228183000000.0,
      "Machinery Furniture Equipment": null,
      "Land And Improvements": 91650000000.0,
      "Properties": 91650000000.0,
      "Current Assets": 146791000000.0,
      "Inventory": 34405000000.0,
      "Inventories Adjustments Allowances": -2800000000.0,
      "Other Inventories": 37205000000.0,
      "Finished Goods": null,
      "Receivables": 42360000000.0,
      "Accounts Receivable": 42360000000.0,
      "Allowance For Doubtful Accounts Receivable": -1400000000.0,
      "Gross Accounts Receivable": 43760000000.0,
      "Cash Cash Equivalents And Short Term Investments": 70026000000.0,
      "Other Short Term Investments": 16138000000.0,
      "Cash And Cash Equivalents": 53888000000.0
    },
    "2021-12-31T00:00:00": {
      "Treasury Shares Number": null,
      "Ordinary Shares Number": null,
      "Share Issued": null,
      "Net Debt": 12524000000.0,
      "Total Debt": null,
      "Tangible Book Value": null,
      "Invested Capital": null,
      "Working Capital": null,
      "Net Tangible Assets": null,
      "Capital Lease Obligations": null,
      "Common Stock Equity": null,
      "Total Capitalization": null,
      "Total Equity Gross Minority Interest": null,
      "Stockholders Equity": null,
      "Gains Losses Not Affecting Retained Earnings": null,
      "Other Equity Adjustments": null,
      "Treasury Stock": null,
      "Retained Earnings": null,
      "Additional Paid In Capital": null,
      "Capital Stock": null,
      "Common Stock": null,
      "Preferred Stock": null,
      "Total Liabilities Net Minority Interest": null,
      "Total Non Current Liabilities Net Minority Interest": null,
      "Other Non Current Liabilities": null,
      "Long Term Debt And Capital Lease Obligation": null,
      "Long Term Capital Lease Obligation": null,
      "Long Term Debt": null,
      "Current Liabilities": null,
      "Current Deferred Liabilities": null,
      "Current Deferred Revenue": null,
      "Payables And Accrued Expenses": null,
      "Current Accrued Expenses": null,
      "Payables": null,
      "Accounts Payable": null,
      "Total Assets": null,
      "Total Non Current Assets": null,
      "Other Non Current Assets": null,
      "Goodwill And Other Intangible Assets": null,
      "Other Intangible Assets": null,
      "Goodwill": null,
      "Net PPE": null,
      "Accumulated Depreciation": null,
      "Gross PPE": null,
      "Construction In Progress": null,
      "Other Properties": null,
      "Machinery Furniture Equipment": 128683000000.0,
      "Land And Improvements": 81104000000.0,
      "Properties": null,
      "Current Assets": null,
      "Inventory": null,
      "Inventories Adjustments Allowances": null,
      "Other Inventories": null,
      "Finished Goods": 32640000000.0,
      "Receivables": null,
      "Accounts Receivable": null,
      "Allowance For Doubtful Accounts Receivable": null,
      "Gross Accounts Receivable": null,
      "Cash Cash Equivalents And Short Term Investments": null,
      "Other Short Term Investments": null,
      "Cash And Cash Equivalents": null
    }
  },
  "cashflow": {
    "2025-12-31T00:00:00": {
      "Free Cash Flow": 7695000000.0,
      "Repurchase Of Capital Stock": null,
      "Repayment Of Debt": -15332000000.0,
      "Issuance Of Debt": 24993000000.0,
      "Capital Expenditure": -131819000000.0,
      "Interest Paid Supplemental Data": 1949000000.0,
      "Income Tax Paid Supplemental Data": 8295000000.0,
      "End Cash Position": 90106000000.0,
      "Beginning Cash Position": 82312000000.0,
      "Effect Of Exchange Rate Changes": 1164000000.0,
      "Changes In Cash": 6630000000.0,
      "Financing Cash Flow": 9661000000.0,
      "Cash Flow From Continuing Financing Activities": 9661000000.0,
      "Net Other Financing Charges": null,
      "Net Common Stock Issuance": null,
      "Common Stock Payments": null,
      "Net Issuance Payments Of Debt": 9661000000.0,
      "Net Short Term Debt Issuance": 894000000.0,
      "Short Term Debt Payments": -8426000000.0,
      "Short Term Debt Issuance": 9320000000.0,
      "Net Long Term Debt Issuance": 8767000000.0,
      "Long Term Debt Payments": -6906000000.0,
      "Long Term Debt Issuance": 15673000000.0,
      "Investing Cash Flow": -142545000000.0,
      "Cash Flow From Continuing Investing Activities": -142545000000.0,
      "Net Investment Purchase And Sale": -10384000000.0,
      "Sale Of Investment": 44386000000.0,
      "Purchase Of Investment": -54770000000.0,
      "Net Business Purchase And Sale": -3841000000.0,
      "Purchase Of Business": -3841000000.0,
      "Net PPE Purchase And Sale": -128320000000.0,
      "Sale Of PPE": 3499000000.0,
      "Purchase Of PPE": -131819000000.0,
      "Operating Cash Flow": 139514000000.0,
      "Cash Flow From Continuing Operating Activities": 139514000000.0,
      "Change In Working Capital": -19969000000.0,
      "Change In Other Working Capital": -214000000.0,
      "Change In Other Current Assets": -15632000000.0,
      "Change In Payables And Accrued Expense": 6212000000.0,
      "Change In Accrued Expense": -5019000000.0,
      "Change In Payable": 11231000000.0,
      "Change In Account Payable": 11231000000.0,
      "Change In Inventory": -3002000000.0,
      "Change In Receivables": -7333000000.0,
      "Changes In Account Receivables": -7333000000.0,
      "Other Non Cash Items": -14880000000.0,
      "Stock Based Compensation": 19467000000.0,
      "Deferred Tax": 11470000000.0,
      "Deferred Income Tax": 11470000000.0,
      "Depreciation Amortization Depletion": 65756000000.0,
      "Depreciation And Amortization": 65756000000.0,
      "Net Income From Continuing Operations": 77670000000.0
    },
    "2024-12-31T00:00:00": {
      "Free Cash Flow": 32878000000.0,
      "Repurchase Of Capital Stock": 0.0,
      "Repayment Of Debt": -16954000000.0,
      "Issuance Of Debt": 5142000000.0,
      "Capital Expenditure": -82999000000.0,
      "Interest Paid Supplemental Data": 2364000000.0,
      "Income Tax Paid Supplemental Data": 12308000000.0,
      "End Cash Position": 82312000000.0,
      "Beginning Cash Position": 73890000000.0,
      "Effect Of Exchange Rate Changes": -1301000000.0,
      "Changes In Cash": 9723000000.0,
      "Financing Cash Flow": -11812000000.0,
      "Cash Flow From Continuing Financing Activities": -11812000000.0,
      "Net Other Financing Charges": null,
      "Net Common Stock Issuance": 0.0,
      "Common Stock Payments": 0.0,
      "Net Issuance Payments Of Debt": -11812000000.0,
      "Net Short Term Debt Issuance": 82000000.0,
      "Short Term Debt Payments": -5060000000.0,
      "Short Term Debt Issuance": 5142000000.0,
      "Net Long Term Debt Issuance": -11894000000.0,
      "Long Term Debt Payments": -11894000000.0,
      "Long Term Debt Issuance": 0.0,
      "Investing Cash Flow": -94342000000.0,
      "Cash Flow From Continuing Investing Activities": -94342000000.0,
      "Net Investment Purchase And Sale": -9602000000.0,
      "Sale Of Investment": 16403000000.0,
      "Purchase Of Investment": -26005000000.0,
      "Net Business Purchase And Sale": -7082000000.0,
      "Purchase Of Business": -7082000000.0,
      "Net PPE Purchase And Sale": -77658000000.0,
      "Sale Of PPE": 5341000000.0,
      "Purchase Of PPE": -82999000000.0,
      "Operating Cash Flow": 115877000000.0,
      "Cash Flow From Continuing Operating Activities": 115877000000.0,
      "Change In Working Capital": -15541000000.0,
      "Change In Other Working Capital": 4007000000.0,
      "Change In Other Current Assets": -14483000000.0,
      "Change In Payables And Accrued Expense": 68000000.0,
      "Change In Accrued Expense": -2904000000.0,
      "Change In Payable": 2972000000.0,
      "Change In Account Payable": 2972000000.0,
      "Change In Inventory": -1884000000.0,
      "Change In Receivables": -3249000000.0,
      "Changes In Account Receivables": -3249000000.0,
      "Other Non Cash Items": 2012000000.0,
      "Stock Based Compensation": 22011000000.0,
      "Deferred Tax": -4648000000.0,
      "Deferred Income Tax": -4648000000.0,
      "Depreciation Amortization Depletion": 52795000000.0,
      "Depreciation And Amortization": 52795000000.0,
      "Net Income From Continuing Operations": 59248000000.0
    },
    "2023-12-31T00:00:00": {
      "Free Cash Flow": 32217000000.0,
      "Repurchase Of Capital Stock": 0.0,
      "Repayment Of Debt": -34008000000.0,
      "Issuance Of Debt": 18129000000.0,
      "Capital Expenditure": -52729000000.0,
      "Interest Paid Supplemental Data": 3112000000.0,
      "Income Tax Paid Supplemental Data": 11179000000.0,
      "End Cash Position": 73890000000.0,
      "Beginning Cash Position": 54253000000.0,
      "Effect Of Exchange Rate Changes": 403000000.0,
      "Changes In Cash": 19234000000.0,
      "Financing Cash Flow": -15879000000.0,
      "Cash Flow From Continuing Financing Activities": -15879000000.0,
      "Net Other Financing Charges": -271000000.0,
      "Net Common Stock Issuance": 0.0,
      "Common Stock Payments": 0.0,
      "Net Issuance Payments Of Debt": -15879000000.0,
      "Net Short Term Debt Issuance": -7548000000.0,
      "Short Term Debt Payments": -25677000000.0,
      "Short Term Debt Issuance": 18129000000.0,
      "Net Long Term Debt Issuance": -8331000000.0,
      "Long Term Debt Payments": -8331000000.0,
      "Long Term Debt Issuance": 0.0,
      "Investing Cash Flow": -49833000000.0,
      "Cash Flow From Continuing Investing Activities": -49833000000.0,
      "Net Investment Purchase And Sale": 4139000000.0,
      "Sale Of Investment": 5627000000.0,
      "Purchase Of Investment": -1488000000.0,
      "Net Business Purchase And Sale": -5839000000.0,
      "Purchase Of Business": -5839000000.0,
      "Net PPE Purchase And Sale": -48133000000.0,
      "Sale Of PPE": 4596000000.0,
      "Purchase Of PPE": -52729000000.0,
      "Operating Cash Flow": 84946000000.0,
      "Cash Flow From Continuing Operating Activities": 84946000000.0,
      "Change In Working Capital": -11541000000.0,
      "Change In Other Working Capital": 4578000000.0,
      "Change In Other Current Assets": -12265000000.0,
      "Change In Payables And Accrued Expense": 3045000000.0,
      "Change In Accrued Expense": -2428000000.0,
      "Change In Payable": 5473000000.0,
      "Change In Account Payable": 5473000000.0,
      "Change In Inventory": 1449000000.0,
      "Change In Receivables": -8348000000.0,
      "Changes In Account Receivables": -8348000000.0,
      "Other Non Cash Items": -748000000.0,
      "Stock Based Compensation": 24023000000.0,
      "Deferred Tax": -5876000000.0,
      "Deferred Income Tax": -5876000000.0,
      "Depreciation Amortization Depletion": 48663000000.0,
      "Depreciation And Amortization": 48663000000.0,
      "Net Income From Continuing Operations": 30425000000.0
    },
    "2022-12-31T00:00:00": {
      "Free Cash Flow": -16893000000.0,
      "Repurchase Of Capital Stock": -6000000000.0,
      "Repayment Of Debt": -47001000000.0,
      "Issuance Of Debt": 62719000000.0,
      "Capital Expenditure": -63645000000.0,
      "Interest Paid Supplemental Data": 2142000000.0,
      "Income Tax Paid Supplemental Data": 6035000000.0,
      "End Cash Position": 54253000000.0,
      "Beginning Cash Position": 36477000000.0,
      "Effect Of Exchange Rate Changes": -1093000000.0,
      "Changes In Cash": 18869000000.0,
      "Financing Cash Flow": 9718000000.0,
      "Cash Flow From Continuing Financing Activities": 9718000000.0,
      "Net Other Financing Charges": -248000000.0,
      "Net Common Stock Issuance": -6000000000.0,
      "Common Stock Payments": -6000000000.0,
      "Net Issuance Payments Of Debt": 15718000000.0,
      "Net Short Term Debt Issuance": 3999000000.0,
      "Short Term Debt Payments": -37554000000.0,
      "Short Term Debt Issuance": 41553000000.0,
      "Net Long Term Debt Issuance": 11719000000.0,
      "Long Term Debt Payments": -9447000000.0,
      "Long Term Debt Issuance": 21166000000.0,
      "Investing Cash Flow": -37601000000.0,
      "Cash Flow From Continuing Investing Activities": -37601000000.0,
      "Net Investment Purchase And Sale": 29036000000.0,
      "Sale Of Investment": 31601000000.0,
      "Purchase Of Investment": -2565000000.0,
      "Net Business Purchase And Sale": -8316000000.0,
      "Purchase Of Business": -8316000000.0,
      "Net PPE Purchase And Sale": -58321000000.0,
      "Sale Of PPE": 5324000000.0,
      "Purchase Of PPE": -63645000000.0,
      "Operating Cash Flow": 46752000000.0,
      "Cash Flow From Continuing Operating Activities": 46752000000.0,
      "Change In Working Capital": -20886000000.0,
      "Change In Other Working Capital": 2216000000.0,
      "Change In Other Current Assets": -13275000000.0,
      "Change In Payables And Accrued Expense": 1387000000.0,
      "Change In Accrued Expense": -1558000000.0,
      "Change In Payable": 2945000000.0,
      "Change In Account Payable": 2945000000.0,
      "Change In Inventory": -2592000000.0,
      "Change In Receivables": -8622000000.0,
      "Changes In Account Receivables": -8622000000.0,
      "Other Non Cash Items": 16966000000.0,
      "Stock Based Compensation": 19621000000.0,
      "Deferred Tax": -8148000000.0,
      "Deferred Income Tax": -8148000000.0,
      "Depreciation Amortization Depletion": 41921000000.0,
      "Depreciation And Amortization": 41921000000.0,
      "Net Income From Continuing Operations": -2722000000.0
    },
    "2021-12-31T00:00:00": {
      "Free Cash Flow": null,
      "Repurchase Of Capital Stock": 0.0,
      "Repayment Of Debt": null,
      "Issuance Of Debt": null,
      "Capital Expenditure": null,
      "Interest Paid Supplemental Data": null,
      "Income Tax Paid Supplemental Data": null,
      "End Cash Position": null,
      "Beginning Cash Position": null,
      "Effect Of Exchange Rate Changes": null,
      "Changes In Cash": null,
      "Financing Cash Flow": null,
      "Cash Flow From Continuing Financing Activities": null,
      "Net Other Financing Charges": -162000000.0,
      "Net Common Stock Issuance": 0.0,
      "Common Stock Payments": 0.0,
      "Net Issuance Payments Of Debt": null,
      "Net Short Term Debt Issuance": null,
      "Short Term Debt Payments": null,
      "Short Term Debt Issuance": null,
      "Net Long Term Debt Issuance": null,
      "Long Term Debt Payments": null,
      "Long Term Debt Issuance": null,
      "Investing Cash Flow": null,
      "Cash Flow From Continuing Investing Activities": null,
      "Net Investment Purchase And Sale": null,
      "Sale Of Investment": null,
      "Purchase Of Investment": null,
      "Net Business Purchase And Sale": null,
      "Purchase Of Business": null,
      "Net PPE Purchase And Sale": null,
      "Sale Of PPE": null,
      "Purchase Of PPE": null,
      "Operating Cash Flow": null,
      "Cash Flow From Continuing Operating Activities": null,
      "Change In Working Capital": null,
      "Change In Other Working Capital": null,
      "Change In Other Current Assets": null,
      "Change In Payables And Accrued Expense": null,
      "Change In Accrued Expense": null,
      "Change In Payable": null,
      "Change In Account Payable": null,
      "Change In Inventory": null,
      "Change In Receivables": null,
      "Changes In Account Receivables": null,
      "Other Non Cash Items": null,
      "Stock Based Compensation": null,
      "Deferred Tax": null,
      "Deferred Income Tax": null,
      "Depreciation Amortization Depletion": null,
      "Depreciation And Amortization": null,
      "Net Income From Continuing Operations": null
    }
  },
  "earnings_estimate": {
    "avg": {
      "0q": 1.6454,
      "+1q": 1.78855,
      "0y": 7.75266,
      "+1y": 9.38811
    },
    "low": {
      "0q": 1.38,
      "+1q": 1.5,
      "0y": 6.47,
      "+1y": 6.7
    },
    "high": {
      "0q": 2.72851,
      "+1q": 2.18068,
      "0y": 9.64931,
      "+1y": 14.21048
    },
    "yearAgoEps": {
      "0q": 1.59,
      "+1q": 1.68,
      "0y": 7.17,
      "+1y": 7.75266
    },
    "numberOfAnalysts": {
      "0q": 44,
      "+1q": 42,
      "0y": 58,
      "+1y": 54
    },
    "growth": {
      "0q": 0.0348,
      "+1q": 0.0646,
      "0y": 0.0813,
      "+1y": 0.21100001
    }
  },
  "revenue_estimate": {
    "avg": {
      "0q": 176963279460,
      "+1q": 188221489740,
      "0y": 806864803440,
      "+1y": 897646959580
    },
    "low": {
      "0q": 172876000000,
      "+1q": 183014000000,
      "0y": 788353000000,
      "+1y": 835905000000
    },
    "high": {
      "0q": 179003000000,
      "+1q": 191424000000,
      "0y": 890000000000,
      "+1y": 954526000000
    },
    "numberOfAnalysts": {
      "0q": 46,
      "+1q": 43,
      "0y": 56,
      "+1y": 58
    },
    "yearAgoRevenue": {
      "0q": 155667000000,
      "+1q": 167702000000,
      "0y": 716924000000,
      "+1y": 806864803440
    },
    "growth": {
      "0q": 0.1368,
      "+1q": 0.1224,
      "0y": 0.12550001,
      "+1y": 0.1125
    }
  },
  "growth_estimates": {
    "stockTrend": {
      "0q": 0.0294,
      "+1q": 0.0572,
      "0y": 0.0769,
      "+1y": 0.2036,
      "LTG": null
    },
    "indexTrend": {
      "0q": 0.1273,
      "+1q": 0.103599995,
      "0y": 0.14310001,
      "+1y": 0.1557,
      "LTG": 0.122
    }
  },
  "revenue_forecasts": null,
  "dividend_rate": null,
  "trailing_dividend_rate": 0.0
}