{
  "ticker": "ARM",
  "name": "ARM Holdings",
  "country": "uk",
  "currency": "GBP",
  "last_fetched": "2026-02-26T20:46:12.442296",
  "market_cap": 136158846976,
  "revenue": 4671000064,
  "net_income": 801000000,
  "pe_ratio": 170.94667,
  "forward_pe": 59.409016,
  "dividend_yield": null,
  "profit_margin": 0.17148,
  "roe": 0.112679996,
  "debt_to_equity": 5.912,
  "beta": 4.374,
  "ev_to_ebitda": 126.247,
  "sector": "Technology",
  "industry": "Semiconductors",
  "summary": "Arm Holdings plc architects, develops, and licenses central processing unit products and related technologies for semiconductor companies and original equipment manufacturers. The company is involved in the licensing, marketing, research, and development of microprocessors, systems intellectual property (IPs), graphics processing units, physical IP and associated systems IPs, software, tools, and other related services. It also offers arm central processing units, accelerators, system IP products, and compute platform products, as well as development tools and software. The company's products are used in various markets, such as automotive, computing infrastructure, consumer technologies, and Internet of things. It operates in the United States, the People's Republic of China, Taiwan, the Republic of Korea, and internationally. The company was founded in 1990 and is headquartered in Cambridge, the United Kingdom. Arm Holdings plc is a subsidiary of SoftBank Group Corp.",
  "website": "https://www.arm.com",
  "employees": 8330,
  "target_high": 201.0,
  "target_low": 80.0,
  "target_mean": 147.69115,
  "target_median": 150.0,
  "recommendation": "buy",
  "num_analysts": 35,
  "income_stmt": {
    "2025-03-31T00:00:00": {
      "Tax Effect Of Unusual Items": -49770000.0,
      "Tax Rate For Calcs": 0.21,
      "Normalized EBITDA": 1251000000.0,
      "Total Unusual Items": -237000000.0,
      "Total Unusual Items Excluding Goodwill": -237000000.0,
      "Net Income From Continuing Operation Net Minority Interest": 792000000.0,
      "Reconciled Depreciation": 183000000.0,
      "Reconciled Cost Of Revenue": 121000000.0,
      "EBITDA": 1014000000.0,
      "EBIT": 831000000.0,
      "Net Interest Income": 116000000.0,
      "Interest Income": 116000000.0,
      "Normalized Income": 979230000.0,
      "Net Income From Continuing And Discontinued Operation": 792000000.0,
      "Total Expenses": 3176000000.0,
      "Total Operating Income As Reported": 831000000.0,
      "Diluted Average Shares": 1063000000.0,
      "Basic Average Shares": 1050000000.0,
      "Diluted EPS": 0.75,
      "Basic EPS": 0.75,
      "Diluted NI Availto Com Stockholders": 792000000.0,
      "Net Income Common Stockholders": 792000000.0,
      "Net Income": 792000000.0,
      "Net Income Including Noncontrolling Interests": 792000000.0,
      "Net Income Discontinuous Operations": null,
      "Net Income Continuous Operations": 792000000.0,
      "Tax Provision": -72000000.0,
      "Pretax Income": 720000000.0,
      "Other Income Expense": -227000000.0,
      "Other Non Operating Income Expenses": 10000000.0,
      "Special Income Charges": 0.0,
      "Impairment Of Capital Assets": null,
      "Restructuring And Mergern Acquisition": 0.0,
      "Earnings From Equity Interest": null,
      "Gain On Sale Of Security": -237000000.0,
      "Net Non Operating Interest Income Expense": 116000000.0,
      "Interest Income Non Operating": 116000000.0,
      "Operating Income": 831000000.0,
      "Operating Expense": 3055000000.0,
      "Research And Development": 2071000000.0,
      "Selling General And Administration": 984000000.0,
      "Gross Profit": 3886000000.0,
      "Cost Of Revenue": 121000000.0,
      "Total Revenue": 4007000000.0,
      "Operating Revenue": 4007000000.0
    },
    "2024-03-31T00:00:00": {
      "Tax Effect Of Unusual Items": -5460000.0,
      "Tax Rate For Calcs": 0.21,
      "Normalized EBITDA": 305000000.0,
      "Total Unusual Items": -26000000.0,
      "Total Unusual Items Excluding Goodwill": -26000000.0,
      "Net Income From Continuing Operation Net Minority Interest": 306000000.0,
      "Reconciled Depreciation": 162000000.0,
      "Reconciled Cost Of Revenue": 154000000.0,
      "EBITDA": 279000000.0,
      "EBIT": 117000000.0,
      "Net Interest Income": 110000000.0,
      "Interest Income": 110000000.0,
      "Normalized Income": 326540000.0,
      "Net Income From Continuing And Discontinued Operation": 306000000.0,
      "Total Expenses": 3116000000.0,
      "Total Operating Income As Reported": 111000000.0,
      "Diluted Average Shares": 1044000000.0,
      "Basic Average Shares": 1027000000.0,
      "Diluted EPS": 0.29,
      "Basic EPS": 0.3,
      "Diluted NI Availto Com Stockholders": 306000000.0,
      "Net Income Common Stockholders": 306000000.0,
      "Net Income": 306000000.0,
      "Net Income Including Noncontrolling Interests": 306000000.0,
      "Net Income Discontinuous Operations": 0.0,
      "Net Income Continuous Operations": 306000000.0,
      "Tax Provision": -94000000.0,
      "Pretax Income": 212000000.0,
      "Other Income Expense": -15000000.0,
      "Other Non Operating Income Expenses": 11000000.0,
      "Special Income Charges": -6000000.0,
      "Impairment Of Capital Assets": 0.0,
      "Restructuring And Mergern Acquisition": 6000000.0,
      "Earnings From Equity Interest": -20000000.0,
      "Gain On Sale Of Security": -20000000.0,
      "Net Non Operating Interest Income Expense": 110000000.0,
      "Interest Income Non Operating": 110000000.0,
      "Operating Income": 117000000.0,
      "Operating Expense": 2962000000.0,
      "Research And Development": 1979000000.0,
      "Selling General And Administration": 983000000.0,
      "Gross Profit": 3079000000.0,
      "Cost Of Revenue": 154000000.0,
      "Total Revenue": 3233000000.0,
      "Operating Revenue": 3233000000.0
    },
    "2023-03-31T00:00:00": {
      "Tax Effect Of Unusual Items": -11440000.0,
      "Tax Rate For Calcs": 0.22,
      "Normalized EBITDA": 900000000.0,
      "Total Unusual Items": -52000000.0,
      "Total Unusual Items Excluding Goodwill": -52000000.0,
      "Net Income From Continuing Operation Net Minority Interest": 524000000.0,
      "Reconciled Depreciation": 170000000.0,
      "Reconciled Cost Of Revenue": 106000000.0,
      "EBITDA": 848000000.0,
      "EBIT": 678000000.0,
      "Net Interest Income": 42000000.0,
      "Interest Income": 42000000.0,
      "Normalized Income": 564560000.0,
      "Net Income From Continuing And Discontinued Operation": 524000000.0,
      "Total Expenses": 2001000000.0,
      "Total Operating Income As Reported": 671000000.0,
      "Diluted Average Shares": 1026054856.0,
      "Basic Average Shares": 1026054856.0,
      "Diluted EPS": 0.510694,
      "Basic EPS": 0.510694,
      "Diluted NI Availto Com Stockholders": 524000000.0,
      "Net Income Common Stockholders": 524000000.0,
      "Net Income": 524000000.0,
      "Net Income Including Noncontrolling Interests": 524000000.0,
      "Net Income Discontinuous Operations": 0.0,
      "Net Income Continuous Operations": 524000000.0,
      "Tax Provision": 147000000.0,
      "Pretax Income": 671000000.0,
      "Other Income Expense": -49000000.0,
      "Other Non Operating Income Expenses": 3000000.0,
      "Special Income Charges": -7000000.0,
      "Impairment Of Capital Assets": 0.0,
      "Restructuring And Mergern Acquisition": 7000000.0,
      "Earnings From Equity Interest": -45000000.0,
      "Gain On Sale Of Security": -45000000.0,
      "Net Non Operating Interest Income Expense": 42000000.0,
      "Interest Income Non Operating": 42000000.0,
      "Operating Income": 678000000.0,
      "Operating Expense": 1895000000.0,
      "Research And Development": 1133000000.0,
      "Selling General And Administration": 762000000.0,
      "Gross Profit": 2573000000.0,
      "Cost Of Revenue": 106000000.0,
      "Total Revenue": 2679000000.0,
      "Operating Revenue": 2679000000.0
    },
    "2022-03-31T00:00:00": {
      "Tax Effect Of Unusual Items": 13160000.0,
      "Tax Rate For Calcs": 0.14,
      "Normalized EBITDA": 771000000.0,
      "Total Unusual Items": 94000000.0,
      "Total Unusual Items Excluding Goodwill": 94000000.0,
      "Net Income From Continuing Operation Net Minority Interest": 676000000.0,
      "Reconciled Depreciation": 185000000.0,
      "Reconciled Cost Of Revenue": 131000000.0,
      "EBITDA": 865000000.0,
      "EBIT": 680000000.0,
      "Net Interest Income": 2000000.0,
      "Interest Income": 2000000.0,
      "Normalized Income": 595160000.0,
      "Net Income From Continuing And Discontinued Operation": 549000000.0,
      "Total Expenses": 2023000000.0,
      "Total Operating Income As Reported": 633000000.0,
      "Diluted Average Shares": 1026054856.0,
      "Basic Average Shares": 1026054856.0,
      "Diluted EPS": 0.535059,
      "Basic EPS": 0.535059,
      "Diluted NI Availto Com Stockholders": 549000000.0,
      "Net Income Common Stockholders": 549000000.0,
      "Net Income": 549000000.0,
      "Net Income Including Noncontrolling Interests": 549000000.0,
      "Net Income Discontinuous Operations": -127000000.0,
      "Net Income Continuous Operations": 676000000.0,
      "Tax Provision": 110000000.0,
      "Pretax Income": 786000000.0,
      "Other Income Expense": 104000000.0,
      "Other Non Operating Income Expenses": 10000000.0,
      "Special Income Charges": -47000000.0,
      "Impairment Of Capital Assets": 21000000.0,
      "Restructuring And Mergern Acquisition": 26000000.0,
      "Earnings From Equity Interest": 141000000.0,
      "Gain On Sale Of Security": 141000000.0,
      "Net Non Operating Interest Income Expense": 2000000.0,
      "Interest Income Non Operating": 2000000.0,
      "Operating Income": 680000000.0,
      "Operating Expense": 1892000000.0,
      "Research And Development": 995000000.0,
      "Selling General And Administration": 897000000.0,
      "Gross Profit": 2572000000.0,
      "Cost Of Revenue": 131000000.0,
      "Total Revenue": 2703000000.0,
      "Operating Revenue": 2703000000.0
    },
    "2021-03-31T00:00:00": {
      "Tax Effect Of Unusual Items": null,
      "Tax Rate For Calcs": null,
      "Normalized EBITDA": null,
      "Total Unusual Items": null,
      "Total Unusual Items Excluding Goodwill": null,
      "Net Income From Continuing Operation Net Minority Interest": null,
      "Reconciled Depreciation": null,
      "Reconciled Cost Of Revenue": null,
      "EBITDA": null,
      "EBIT": null,
      "Net Interest Income": null,
      "Interest Income": null,
      "Normalized Income": null,
      "Net Income From Continuing And Discontinued Operation": null,
      "Total Expenses": null,
      "Total Operating Income As Reported": null,
      "Diluted Average Shares": null,
      "Basic Average Shares": null,
      "Diluted EPS": null,
      "Basic EPS": null,
      "Diluted NI Availto Com Stockholders": null,
      "Net Income Common Stockholders": null,
      "Net Income": null,
      "Net Income Including Noncontrolling Interests": null,
      "Net Income Discontinuous Operations": -156000000.0,
      "Net Income Continuous Operations": null,
      "Tax Provision": null,
      "Pretax Income": null,
      "Other Income Expense": null,
      "Other Non Operating Income Expenses": null,
      "Special Income Charges": null,
      "Impairment Of Capital Assets": 3000000.0,
      "Restructuring And Mergern Acquisition": null,
      "Earnings From Equity Interest": 476000000.0,
      "Gain On Sale Of Security": null,
      "Net Non Operating Interest Income Expense": null,
      "Interest Income Non Operating": null,
      "Operating Income": null,
      "Operating Expense": null,
      "Research And Development": null,
      "Selling General And Administration": null,
      "Gross Profit": null,
      "Cost Of Revenue": null,
      "Total Revenue": null,
      "Operating Revenue": null
    }
  },
  "quarterly_income": {
    "2025-12-31T00:00:00": {
      "Tax Effect Of Unusual Items": 0.0,
      "Tax Rate For Calcs": 0.022,
      "Normalized EBITDA": 254000000.0,
      "Total Unusual Items": 0.0,
      "Total Unusual Items Excluding Goodwill": 0.0,
      "Net Income From Continuing Operation Net Minority Interest": 223000000.0,
      "Reconciled Depreciation": 63000000.0,
      "Reconciled Cost Of Revenue": 30000000.0,
      "EBITDA": 254000000.0,
      "EBIT": 191000000.0,
      "Net Interest Income": 29000000.0,
      "Interest Income": 29000000.0,
      "Normalized Income": 223000000.0,
      "Net Income From Continuing And Discontinued Operation": 223000000.0,
      "Total Expenses": 1051000000.0,
      "Total Operating Income As Reported": 185000000.0,
      "Diluted Average Shares": 1069000000.0,
      "Basic Average Shares": 1062000000.0,
      "Diluted EPS": 0.21,
      "Basic EPS": 0.21,
      "Diluted NI Availto Com Stockholders": 223000000.0,
      "Net Income Common Stockholders": 223000000.0,
      "Net Income": 223000000.0,
      "Net Income Including Noncontrolling Interests": 223000000.0,
      "Net Income Continuous Operations": 223000000.0,
      "Tax Provision": 5000000.0,
      "Pretax Income": 228000000.0,
      "Other Income Expense": 8000000.0,
      "Other Non Operating Income Expenses": 8000000.0,
      "Special Income Charges": -6000000.0,
      "Gain On Sale Of Security": 6000000.0,
      "Net Non Operating Interest Income Expense": 29000000.0,
      "Interest Income Non Operating": 29000000.0,
      "Operating Income": 191000000.0,
      "Operating Expense": 1021000000.0,
      "Research And Development": 737000000.0,
      "Selling General And Administration": 284000000.0,
      "Gross Profit": 1212000000.0,
      "Cost Of Revenue": 30000000.0,
      "Total Revenue": 1242000000.0,
      "Operating Revenue": 1242000000.0
    },
    "2025-09-30T00:00:00": {
      "Tax Effect Of Unusual Items": -3392000.0,
      "Tax Rate For Calcs": 0.212,
      "Normalized EBITDA": 234000000.0,
      "Total Unusual Items": -16000000.0,
      "Total Unusual Items Excluding Goodwill": -16000000.0,
      "Net Income From Continuing Operation Net Minority Interest": 238000000.0,
      "Reconciled Depreciation": 55000000.0,
      "Reconciled Cost Of Revenue": 29000000.0,
      "EBITDA": 218000000.0,
      "EBIT": 163000000.0,
      "Net Interest Income": 27000000.0,
      "Interest Income": 27000000.0,
      "Normalized Income": 250608000.0,
      "Net Income From Continuing And Discontinued Operation": 238000000.0,
      "Total Expenses": 972000000.0,
      "Total Operating Income As Reported": 163000000.0,
      "Diluted Average Shares": 1069000000.0,
      "Basic Average Shares": 1060000000.0,
      "Diluted EPS": 0.22,
      "Basic EPS": 0.22,
      "Diluted NI Availto Com Stockholders": 238000000.0,
      "Net Income Common Stockholders": 238000000.0,
      "Net Income": 238000000.0,
      "Net Income Including Noncontrolling Interests": 238000000.0,
      "Net Income Continuous Operations": 238000000.0,
      "Tax Provision": 64000000.0,
      "Pretax Income": 302000000.0,
      "Other Income Expense": 112000000.0,
      "Other Non Operating Income Expenses": 128000000.0,
      "Special Income Charges": null,
      "Gain On Sale Of Security": -16000000.0,
      "Net Non Operating Interest Income Expense": 27000000.0,
      "Interest Income Non Operating": 27000000.0,
      "Operating Income": 163000000.0,
      "Operating Expense": 943000000.0,
      "Research And Development": 691000000.0,
      "Selling General And Administration": 252000000.0,
      "Gross Profit": 1106000000.0,
      "Cost Of Revenue": 29000000.0,
      "Total Revenue": 1135000000.0,
      "Operating Revenue": 1135000000.0
    },
    "2025-06-30T00:00:00": {
      "Tax Effect Of Unusual Items": 438356.164384,
      "Tax Rate For Calcs": 0.109589,
      "Normalized EBITDA": 170000000.0,
      "Total Unusual Items": 4000000.0,
      "Total Unusual Items Excluding Goodwill": 4000000.0,
      "Net Income From Continuing Operation Net Minority Interest": 130000000.0,
      "Reconciled Depreciation": 60000000.0,
      "Reconciled Cost Of Revenue": 30000000.0,
      "EBITDA": 174000000.0,
      "EBIT": 114000000.0,
      "Net Interest Income": 27000000.0,
      "Interest Income": 27000000.0,
      "Normalized Income": 126438356.164384,
      "Net Income From Continuing And Discontinued Operation": 130000000.0,
      "Total Expenses": 939000000.0,
      "Total Operating Income As Reported": 114000000.0,
      "Diluted Average Shares": 1065000000.0,
      "Basic Average Shares": 1058000000.0,
      "Diluted EPS": 0.12,
      "Basic EPS": 0.12,
      "Diluted NI Availto Com Stockholders": 130000000.0,
      "Net Income Common Stockholders": 130000000.0,
      "Net Income": 130000000.0,
      "Net Income Including Noncontrolling Interests": 130000000.0,
      "Net Income Continuous Operations": 130000000.0,
      "Tax Provision": 16000000.0,
      "Pretax Income": 146000000.0,
      "Other Income Expense": 5000000.0,
      "Other Non Operating Income Expenses": 1000000.0,
      "Special Income Charges": null,
      "Gain On Sale Of Security": 4000000.0,
      "Net Non Operating Interest Income Expense": 27000000.0,
      "Interest Income Non Operating": 27000000.0,
      "Operating Income": 114000000.0,
      "Operating Expense": 909000000.0,
      "Research And Development": 650000000.0,
      "Selling General And Administration": 259000000.0,
      "Gross Profit": 1023000000.0,
      "Cost Of Revenue": 30000000.0,
      "Total Revenue": 1053000000.0,
      "Operating Revenue": 1053000000.0
    },
    "2025-03-31T00:00:00": {
      "Tax Effect Of Unusual Items": -60900000.0,
      "Tax Rate For Calcs": 0.21,
      "Normalized EBITDA": 749000000.0,
      "Total Unusual Items": -290000000.0,
      "Total Unusual Items Excluding Goodwill": -290000000.0,
      "Net Income From Continuing Operation Net Minority Interest": 210000000.0,
      "Reconciled Depreciation": 49000000.0,
      "Reconciled Cost Of Revenue": 28000000.0,
      "EBITDA": 459000000.0,
      "EBIT": 410000000.0,
      "Net Interest Income": 27000000.0,
      "Interest Income": 27000000.0,
      "Normalized Income": 439100000.0,
      "Net Income From Continuing And Discontinued Operation": 210000000.0,
      "Total Expenses": 831000000.0,
      "Total Operating Income As Reported": 410000000.0,
      "Diluted Average Shares": 1065000000.0,
      "Basic Average Shares": 1055000000.0,
      "Diluted EPS": 0.2,
      "Basic EPS": 0.2,
      "Diluted NI Availto Com Stockholders": 210000000.0,
      "Net Income Common Stockholders": 210000000.0,
      "Net Income": 210000000.0,
      "Net Income Including Noncontrolling Interests": 210000000.0,
      "Net Income Continuous Operations": 210000000.0,
      "Tax Provision": -66000000.0,
      "Pretax Income": 144000000.0,
      "Other Income Expense": -293000000.0,
      "Other Non Operating Income Expenses": -3000000.0,
      "Special Income Charges": 0.0,
      "Gain On Sale Of Security": -290000000.0,
      "Net Non Operating Interest Income Expense": 27000000.0,
      "Interest Income Non Operating": 27000000.0,
      "Operating Income": 410000000.0,
      "Operating Expense": 803000000.0,
      "Research And Development": 546000000.0,
      "Selling General And Administration": 257000000.0,
      "Gross Profit": 1213000000.0,
      "Cost Of Revenue": 28000000.0,
      "Total Revenue": 1241000000.0,
      "Operating Revenue": 1241000000.0
    },
    "2024-12-31T00:00:00": {
      "Tax Effect Of Unusual Items": 2328358.208955,
      "Tax Rate For Calcs": 0.059701,
      "Normalized EBITDA": 183000000.0,
      "Total Unusual Items": 39000000.0,
      "Total Unusual Items Excluding Goodwill": 39000000.0,
      "Net Income From Continuing Operation Net Minority Interest": 252000000.0,
      "Reconciled Depreciation": 47000000.0,
      "Reconciled Cost Of Revenue": 28000000.0,
      "EBITDA": 222000000.0,
      "EBIT": 175000000.0,
      "Net Interest Income": 28000000.0,
      "Interest Income": 28000000.0,
      "Normalized Income": 215328358.208955,
      "Net Income From Continuing And Discontinued Operation": 252000000.0,
      "Total Expenses": 808000000.0,
      "Total Operating Income As Reported": 175000000.0,
      "Diluted Average Shares": 1064000000.0,
      "Basic Average Shares": 1052000000.0,
      "Diluted EPS": 0.24,
      "Basic EPS": 0.24,
      "Diluted NI Availto Com Stockholders": 252000000.0,
      "Net Income Common Stockholders": 252000000.0,
      "Net Income": 252000000.0,
      "Net Income Including Noncontrolling Interests": 252000000.0,
      "Net Income Continuous Operations": 252000000.0,
      "Tax Provision": 16000000.0,
      "Pretax Income": 268000000.0,
      "Other Income Expense": 65000000.0,
      "Other Non Operating Income Expenses": 26000000.0,
      "Special Income Charges": 0.0,
      "Gain On Sale Of Security": 39000000.0,
      "Net Non Operating Interest Income Expense": 28000000.0,
      "Interest Income Non Operating": 28000000.0,
      "Operating Income": 175000000.0,
      "Operating Expense": 780000000.0,
      "Research And Development": 533000000.0,
      "Selling General And Administration": 247000000.0,
      "Gross Profit": 955000000.0,
      "Cost Of Revenue": 28000000.0,
      "Total Revenue": 983000000.0,
      "Operating Revenue": 983000000.0
    }
  },
  "balance_sheet": {
    "2025-03-31T00:00:00": {
      "Treasury Shares Number": 1431.0,
      "Ordinary Shares Number": 1056513738.0,
      "Share Issued": 1056515169.0,
      "Total Debt": 356000000.0,
      "Tangible Book Value": 5068000000.0,
      "Invested Capital": 6839000000.0,
      "Working Capital": 3901000000.0,
      "Net Tangible Assets": 5068000000.0,
      "Capital Lease Obligations": 356000000.0,
      "Common Stock Equity": 6839000000.0,
      "Total Capitalization": 6839000000.0,
      "Total Equity Gross Minority Interest": 6839000000.0,
      "Stockholders Equity": 6839000000.0,
      "Gains Losses Not Affecting Retained Earnings": 372000000.0,
      "Other Equity Adjustments": 372000000.0,
      "Retained Earnings": 3543000000.0,
      "Additional Paid In Capital": 2922000000.0,
      "Capital Stock": 2000000.0,
      "Common Stock": 2000000.0,
      "Total Liabilities Net Minority Interest": 2093000000.0,
      "Total Non Current Liabilities Net Minority Interest": 1164000000.0,
      "Other Non Current Liabilities": 79000000.0,
      "Employee Benefits": 26000000.0,
      "Non Current Accrued Expenses": null,
      "Non Current Deferred Liabilities": 743000000.0,
      "Non Current Deferred Revenue": 702000000.0,
      "Non Current Deferred Taxes Liabilities": 41000000.0,
      "Long Term Debt And Capital Lease Obligation": 316000000.0,
      "Long Term Capital Lease Obligation": 316000000.0,
      "Current Liabilities": 929000000.0,
      "Other Current Liabilities": 47000000.0,
      "Current Deferred Liabilities": 216000000.0,
      "Current Deferred Revenue": 216000000.0,
      "Current Debt And Capital Lease Obligation": 40000000.0,
      "Current Capital Lease Obligation": 40000000.0,
      "Pensionand Other Post Retirement Benefit Plans Current": 128000000.0,
      "Payables And Accrued Expenses": 498000000.0,
      "Current Accrued Expenses": 111000000.0,
      "Payables": 387000000.0,
      "Dueto Related Parties Current": null,
      "Total Tax Payable": 324000000.0,
      "Accounts Payable": 63000000.0,
      "Total Assets": 8932000000.0,
      "Total Non Current Assets": 4102000000.0,
      "Other Non Current Assets": 305000000.0,
      "Non Current Deferred Assets": 401000000.0,
      "Non Current Deferred Taxes Assets": 401000000.0,
      "Non Current Accounts Receivable": 346000000.0,
      "Investments And Advances": 565000000.0,
      "Investmentin Financial Assets": 249000000.0,
      "Available For Sale Securities": 151000000.0,
      "Trading Securities": 98000000.0,
      "Long Term Equity Investment": 316000000.0,
      "Investments In Other Ventures Under Equity Method": 316000000.0,
      "Goodwill And Other Intangible Assets": 1771000000.0,
      "Other Intangible Assets": 151000000.0,
      "Goodwill": 1620000000.0,
      "Net PPE": 714000000.0,
      "Accumulated Depreciation": -464000000.0,
      "Gross PPE": 1178000000.0,
      "Leases": 167000000.0,
      "Construction In Progress": 41000000.0,
      "Other Properties": 923000000.0,
      "Machinery Furniture Equipment": 47000000.0,
      "Buildings And Improvements": null,
      "Properties": 0.0,
      "Current Assets": 4830000000.0,
      "Other Current Assets": null,
      "Prepaid Assets": 107000000.0,
      "Receivables": 1898000000.0,
      "Other Receivables": 688000000.0,
      "Taxes Receivable": 103000000.0,
      "Accounts Receivable": 1107000000.0,
      "Allowance For Doubtful Accounts Receivable": -20000000.0,
      "Gross Accounts Receivable": 1127000000.0,
      "Cash Cash Equivalents And Short Term Investments": 2825000000.0,
      "Other Short Term Investments": 740000000.0,
      "Cash And Cash Equivalents": 2085000000.0
    },
    "2024-03-31T00:00:00": {
      "Treasury Shares Number": null,
      "Ordinary Shares Number": 1040330497.0,
      "Share Issued": 1040330497.0,
      "Total Debt": 226000000.0,
      "Tangible Book Value": 3518000000.0,
      "Invested Capital": 5295000000.0,
      "Working Capital": 2692000000.0,
      "Net Tangible Assets": 3518000000.0,
      "Capital Lease Obligations": 226000000.0,
      "Common Stock Equity": 5295000000.0,
      "Total Capitalization": 5295000000.0,
      "Total Equity Gross Minority Interest": 5295000000.0,
      "Stockholders Equity": 5295000000.0,
      "Gains Losses Not Affecting Retained Earnings": 371000000.0,
      "Other Equity Adjustments": 371000000.0,
      "Retained Earnings": 2751000000.0,
      "Additional Paid In Capital": 2171000000.0,
      "Capital Stock": 2000000.0,
      "Common Stock": 2000000.0,
      "Total Liabilities Net Minority Interest": 2632000000.0,
      "Total Non Current Liabilities Net Minority Interest": 1127000000.0,
      "Other Non Current Liabilities": 61000000.0,
      "Employee Benefits": 20000000.0,
      "Non Current Accrued Expenses": null,
      "Non Current Deferred Liabilities": 852000000.0,
      "Non Current Deferred Revenue": 717000000.0,
      "Non Current Deferred Taxes Liabilities": 135000000.0,
      "Long Term Debt And Capital Lease Obligation": 194000000.0,
      "Long Term Capital Lease Obligation": 194000000.0,
      "Current Liabilities": 1505000000.0,
      "Other Current Liabilities": 40000000.0,
      "Current Deferred Liabilities": 205000000.0,
      "Current Deferred Revenue": 205000000.0,
      "Current Debt And Capital Lease Obligation": 32000000.0,
      "Current Capital Lease Obligation": 32000000.0,
      "Pensionand Other Post Retirement Benefit Plans Current": 273000000.0,
      "Payables And Accrued Expenses": 955000000.0,
      "Current Accrued Expenses": 108000000.0,
      "Payables": 847000000.0,
      "Dueto Related Parties Current": null,
      "Total Tax Payable": 821000000.0,
      "Accounts Payable": 26000000.0,
      "Total Assets": 7927000000.0,
      "Total Non Current Assets": 3730000000.0,
      "Other Non Current Assets": 270000000.0,
      "Non Current Deferred Assets": 282000000.0,
      "Non Current Deferred Taxes Assets": 282000000.0,
      "Non Current Accounts Receivable": 240000000.0,
      "Investments And Advances": 741000000.0,
      "Investmentin Financial Assets": 157000000.0,
      "Available For Sale Securities": 157000000.0,
      "Trading Securities": 0.0,
      "Long Term Equity Investment": 584000000.0,
      "Investments In Other Ventures Under Equity Method": 584000000.0,
      "Goodwill And Other Intangible Assets": 1777000000.0,
      "Other Intangible Assets": 152000000.0,
      "Goodwill": 1625000000.0,
      "Net PPE": 420000000.0,
      "Accumulated Depreciation": -391000000.0,
      "Gross PPE": 811000000.0,
      "Leases": 159000000.0,
      "Construction In Progress": 16000000.0,
      "Other Properties": 593000000.0,
      "Machinery Furniture Equipment": 43000000.0,
      "Buildings And Improvements": 0.0,
      "Properties": 0.0,
      "Current Assets": 4197000000.0,
      "Other Current Assets": 157000000.0,
      "Prepaid Assets": 49000000.0,
      "Receivables": 1225000000.0,
      "Other Receivables": 376000000.0,
      "Taxes Receivable": 68000000.0,
      "Accounts Receivable": 781000000.0,
      "Allowance For Doubtful Accounts Receivable": -3000000.0,
      "Gross Accounts Receivable": 784000000.0,
      "Cash Cash Equivalents And Short Term Investments": 2923000000.0,
      "Other Short Term Investments": 1000000000.0,
      "Cash And Cash Equivalents": 1923000000.0
    },
    "2023-03-31T00:00:00": {
      "Treasury Shares Number": null,
      "Ordinary Shares Number": 1025234000.0,
      "Share Issued": 1025234000.0,
      "Total Debt": 221000000.0,
      "Tangible Book Value": 2293000000.0,
      "Invested Capital": 4051000000.0,
      "Working Capital": 2174000000.0,
      "Net Tangible Assets": 2293000000.0,
      "Capital Lease Obligations": 221000000.0,
      "Common Stock Equity": 4051000000.0,
      "Total Capitalization": 4051000000.0,
      "Total Equity Gross Minority Interest": 4051000000.0,
      "Stockholders Equity": 4051000000.0,
      "Gains Losses Not Affecting Retained Earnings": 376000000.0,
      "Other Equity Adjustments": 376000000.0,
      "Retained Earnings": 2457000000.0,
      "Additional Paid In Capital": 1216000000.0,
      "Capital Stock": 2000000.0,
      "Common Stock": 2000000.0,
      "Total Liabilities Net Minority Interest": 2815000000.0,
      "Total Non Current Liabilities Net Minority Interest": 1452000000.0,
      "Other Non Current Liabilities": 38000000.0,
      "Employee Benefits": 152000000.0,
      "Non Current Accrued Expenses": 152000000.0,
      "Non Current Deferred Liabilities": 1069000000.0,
      "Non Current Deferred Revenue": 807000000.0,
      "Non Current Deferred Taxes Liabilities": 262000000.0,
      "Long Term Debt And Capital Lease Obligation": 193000000.0,
      "Long Term Capital Lease Obligation": 193000000.0,
      "Current Liabilities": 1363000000.0,
      "Other Current Liabilities": 35000000.0,
      "Current Deferred Liabilities": 300000000.0,
      "Current Deferred Revenue": 300000000.0,
      "Current Debt And Capital Lease Obligation": 28000000.0,
      "Current Capital Lease Obligation": 28000000.0,
      "Pensionand Other Post Retirement Benefit Plans Current": 578000000.0,
      "Payables And Accrued Expenses": 422000000.0,
      "Current Accrued Expenses": 130000000.0,
      "Payables": 292000000.0,
      "Dueto Related Parties Current": 17000000.0,
      "Total Tax Payable": 210000000.0,
      "Accounts Payable": 82000000.0,
      "Total Assets": 6866000000.0,
      "Total Non Current Assets": 3329000000.0,
      "Other Non Current Assets": 202000000.0,
      "Non Current Deferred Assets": 139000000.0,
      "Non Current Deferred Taxes Assets": 139000000.0,
      "Non Current Accounts Receivable": 116000000.0,
      "Investments And Advances": 723000000.0,
      "Investmentin Financial Assets": 122000000.0,
      "Available For Sale Securities": 122000000.0,
      "Trading Securities": null,
      "Long Term Equity Investment": 601000000.0,
      "Investments In Other Ventures Under Equity Method": 601000000.0,
      "Goodwill And Other Intangible Assets": 1758000000.0,
      "Other Intangible Assets": 138000000.0,
      "Goodwill": 1620000000.0,
      "Net PPE": 391000000.0,
      "Accumulated Depreciation": -473000000.0,
      "Gross PPE": 864000000.0,
      "Leases": 162000000.0,
      "Construction In Progress": 0.0,
      "Other Properties": 574000000.0,
      "Machinery Furniture Equipment": 53000000.0,
      "Buildings And Improvements": 75000000.0,
      "Properties": 0.0,
      "Current Assets": 3537000000.0,
      "Other Current Assets": 169000000.0,
      "Prepaid Assets": null,
      "Receivables": 1153000000.0,
      "Other Receivables": 154000000.0,
      "Taxes Receivable": null,
      "Accounts Receivable": 999000000.0,
      "Allowance For Doubtful Accounts Receivable": -3000000.0,
      "Gross Accounts Receivable": 1002000000.0,
      "Cash Cash Equivalents And Short Term Investments": 2215000000.0,
      "Other Short Term Investments": 661000000.0,
      "Cash And Cash Equivalents": 1554000000.0
    },
    "2022-03-31T00:00:00": {
      "Treasury Shares Number": null,
      "Ordinary Shares Number": 1026054856.0,
      "Share Issued": 1026054856.0,
      "Total Debt": 261000000.0,
      "Tangible Book Value": 1707000000.0,
      "Invested Capital": 3548000000.0,
      "Working Capital": 1697000000.0,
      "Net Tangible Assets": 1707000000.0,
      "Capital Lease Obligations": 261000000.0,
      "Common Stock Equity": 3548000000.0,
      "Total Capitalization": 3548000000.0,
      "Total Equity Gross Minority Interest": 3548000000.0,
      "Stockholders Equity": 3548000000.0,
      "Gains Losses Not Affecting Retained Earnings": 399000000.0,
      "Other Equity Adjustments": 399000000.0,
      "Retained Earnings": 1933000000.0,
      "Additional Paid In Capital": 1214000000.0,
      "Capital Stock": 2000000.0,
      "Common Stock": 2000000.0,
      "Total Liabilities Net Minority Interest": 2962000000.0,
      "Total Non Current Liabilities Net Minority Interest": 1567000000.0,
      "Other Non Current Liabilities": 108000000.0,
      "Employee Benefits": 158000000.0,
      "Non Current Accrued Expenses": 158000000.0,
      "Non Current Deferred Liabilities": 1071000000.0,
      "Non Current Deferred Revenue": 792000000.0,
      "Non Current Deferred Taxes Liabilities": 279000000.0,
      "Long Term Debt And Capital Lease Obligation": 230000000.0,
      "Long Term Capital Lease Obligation": 230000000.0,
      "Current Liabilities": 1395000000.0,
      "Other Current Liabilities": 76000000.0,
      "Current Deferred Liabilities": 334000000.0,
      "Current Deferred Revenue": 334000000.0,
      "Current Debt And Capital Lease Obligation": 31000000.0,
      "Current Capital Lease Obligation": 31000000.0,
      "Pensionand Other Post Retirement Benefit Plans Current": 642000000.0,
      "Payables And Accrued Expenses": 312000000.0,
      "Current Accrued Expenses": 98000000.0,
      "Payables": 214000000.0,
      "Dueto Related Parties Current": 28000000.0,
      "Total Tax Payable": 129000000.0,
      "Accounts Payable": 57000000.0,
      "Total Assets": 6510000000.0,
      "Total Non Current Assets": 3418000000.0,
      "Other Non Current Assets": 189000000.0,
      "Non Current Deferred Assets": 135000000.0,
      "Non Current Deferred Taxes Assets": 135000000.0,
      "Non Current Accounts Receivable": 100000000.0,
      "Investments And Advances": 736000000.0,
      "Investmentin Financial Assets": 97000000.0,
      "Available For Sale Securities": 97000000.0,
      "Trading Securities": null,
      "Long Term Equity Investment": 639000000.0,
      "Investments In Other Ventures Under Equity Method": 639000000.0,
      "Goodwill And Other Intangible Assets": 1841000000.0,
      "Other Intangible Assets": 205000000.0,
      "Goodwill": 1636000000.0,
      "Net PPE": 417000000.0,
      "Accumulated Depreciation": -441000000.0,
      "Gross PPE": 858000000.0,
      "Leases": 182000000.0,
      "Construction In Progress": null,
      "Other Properties": 548000000.0,
      "Machinery Furniture Equipment": 53000000.0,
      "Buildings And Improvements": 75000000.0,
      "Properties": 0.0,
      "Current Assets": 3092000000.0,
      "Other Current Assets": 167000000.0,
      "Prepaid Assets": null,
      "Receivables": 1290000000.0,
      "Other Receivables": 166000000.0,
      "Taxes Receivable": null,
      "Accounts Receivable": 1124000000.0,
      "Allowance For Doubtful Accounts Receivable": -40000000.0,
      "Gross Accounts Receivable": 1164000000.0,
      "Cash Cash Equivalents And Short Term Investments": 1635000000.0,
      "Other Short Term Investments": 631000000.0,
      "Cash And Cash Equivalents": 1004000000.0
    }
  },
  "cashflow": {
    "2025-03-31T00:00:00": {
      "Free Cash Flow": 158000000.0,
      "Issuance Of Debt": null,
      "Capital Expenditure": -239000000.0,
      "Interest Paid Supplemental Data": null,
      "Income Tax Paid Supplemental Data": 149000000.0,
      "End Cash Position": 2085000000.0,
      "Beginning Cash Position": 1923000000.0,
      "Effect Of Exchange Rate Changes": 2000000.0,
      "Changes In Cash": 160000000.0,
      "Financing Cash Flow": -202000000.0,
      "Cash Flow From Continuing Financing Activities": -202000000.0,
      "Net Other Financing Charges": -202000000.0,
      "Cash Dividends Paid": null,
      "Net Issuance Payments Of Debt": null,
      "Net Short Term Debt Issuance": null,
      "Short Term Debt Issuance": null,
      "Investing Cash Flow": -35000000.0,
      "Cash Flow From Continuing Investing Activities": -35000000.0,
      "Net Other Investing Changes": 1000000.0,
      "Net Investment Purchase And Sale": 260000000.0,
      "Sale Of Investment": 940000000.0,
      "Purchase Of Investment": -680000000.0,
      "Net Business Purchase And Sale": -57000000.0,
      "Purchase Of Business": -57000000.0,
      "Net Intangibles Purchase And Sale": -20000000.0,
      "Purchase Of Intangibles": -20000000.0,
      "Net PPE Purchase And Sale": -219000000.0,
      "Purchase Of PPE": -219000000.0,
      "Operating Cash Flow": 397000000.0,
      "Cash Flow From Continuing Operating Activities": 397000000.0,
      "Change In Working Capital": -1465000000.0,
      "Change In Other Working Capital": -4000000.0,
      "Change In Other Current Liabilities": -420000000.0,
      "Change In Payables And Accrued Expense": -158000000.0,
      "Change In Accrued Expense": -152000000.0,
      "Change In Payable": -6000000.0,
      "Change In Tax Payable": -6000000.0,
      "Change In Income Tax Payable": -6000000.0,
      "Change In Prepaid Assets": -140000000.0,
      "Change In Receivables": -743000000.0,
      "Changes In Account Receivables": -331000000.0,
      "Other Non Cash Items": 48000000.0,
      "Stock Based Compensation": 820000000.0,
      "Asset Impairment Charge": null,
      "Deferred Tax": -218000000.0,
      "Deferred Income Tax": -218000000.0,
      "Depreciation Amortization Depletion": 183000000.0,
      "Depreciation And Amortization": 183000000.0,
      "Amortization Cash Flow": 87000000.0,
      "Amortization Of Intangibles": 87000000.0,
      "Depreciation": 95900000.0,
      "Operating Gains Losses": 237000000.0,
      "Earnings Losses From Equity Investments": 237000000.0,
      "Net Income From Continuing Operations": 792000000.0
    },
    "2024-03-31T00:00:00": {
      "Free Cash Flow": 947000000.0,
      "Issuance Of Debt": 0.0,
      "Capital Expenditure": -143000000.0,
      "Interest Paid Supplemental Data": 0.0,
      "Income Tax Paid Supplemental Data": 187000000.0,
      "End Cash Position": 1923000000.0,
      "Beginning Cash Position": 1554000000.0,
      "Effect Of Exchange Rate Changes": 3000000.0,
      "Changes In Cash": 366000000.0,
      "Financing Cash Flow": -208000000.0,
      "Cash Flow From Continuing Financing Activities": -208000000.0,
      "Net Other Financing Charges": -208000000.0,
      "Cash Dividends Paid": null,
      "Net Issuance Payments Of Debt": 0.0,
      "Net Short Term Debt Issuance": 0.0,
      "Short Term Debt Issuance": 0.0,
      "Investing Cash Flow": -516000000.0,
      "Cash Flow From Continuing Investing Activities": -516000000.0,
      "Net Other Investing Changes": -1000000.0,
      "Net Investment Purchase And Sale": -340000000.0,
      "Sale Of Investment": 425000000.0,
      "Purchase Of Investment": -765000000.0,
      "Net Business Purchase And Sale": -32000000.0,
      "Purchase Of Business": -32000000.0,
      "Net Intangibles Purchase And Sale": -51000000.0,
      "Purchase Of Intangibles": -51000000.0,
      "Net PPE Purchase And Sale": -92000000.0,
      "Purchase Of PPE": -92000000.0,
      "Operating Cash Flow": 1090000000.0,
      "Cash Flow From Continuing Operating Activities": 1090000000.0,
      "Change In Working Capital": -195000000.0,
      "Change In Other Working Capital": -190000000.0,
      "Change In Other Current Liabilities": 467000000.0,
      "Change In Payables And Accrued Expense": -322000000.0,
      "Change In Accrued Expense": -292000000.0,
      "Change In Payable": -30000000.0,
      "Change In Tax Payable": -30000000.0,
      "Change In Income Tax Payable": -30000000.0,
      "Change In Prepaid Assets": -61000000.0,
      "Change In Receivables": -89000000.0,
      "Changes In Account Receivables": 218000000.0,
      "Other Non Cash Items": 33000000.0,
      "Stock Based Compensation": 1037000000.0,
      "Asset Impairment Charge": 0.0,
      "Deferred Tax": -273000000.0,
      "Deferred Income Tax": -273000000.0,
      "Depreciation Amortization Depletion": 162000000.0,
      "Depreciation And Amortization": 162000000.0,
      "Amortization Cash Flow": 86000000.0,
      "Amortization Of Intangibles": 86000000.0,
      "Depreciation": 76000000.0,
      "Operating Gains Losses": 20000000.0,
      "Earnings Losses From Equity Investments": 20000000.0,
      "Net Income From Continuing Operations": 306000000.0
    },
    "2023-03-31T00:00:00": {
      "Free Cash Flow": 646000000.0,
      "Issuance Of Debt": 0.0,
      "Capital Expenditure": -93000000.0,
      "Interest Paid Supplemental Data": 0.0,
      "Income Tax Paid Supplemental Data": 157000000.0,
      "End Cash Position": 1554000000.0,
      "Beginning Cash Position": 1004000000.0,
      "Effect Of Exchange Rate Changes": -9000000.0,
      "Changes In Cash": 559000000.0,
      "Financing Cash Flow": -42000000.0,
      "Cash Flow From Continuing Financing Activities": -42000000.0,
      "Net Other Financing Charges": -42000000.0,
      "Cash Dividends Paid": 0.0,
      "Net Issuance Payments Of Debt": 0.0,
      "Net Short Term Debt Issuance": 0.0,
      "Short Term Debt Issuance": 0.0,
      "Investing Cash Flow": -138000000.0,
      "Cash Flow From Continuing Investing Activities": -138000000.0,
      "Net Other Investing Changes": null,
      "Net Investment Purchase And Sale": -30000000.0,
      "Sale Of Investment": 1081000000.0,
      "Purchase Of Investment": -1111000000.0,
      "Net Business Purchase And Sale": -15000000.0,
      "Purchase Of Business": -15000000.0,
      "Net Intangibles Purchase And Sale": -29000000.0,
      "Purchase Of Intangibles": -29000000.0,
      "Net PPE Purchase And Sale": -64000000.0,
      "Purchase Of PPE": -64000000.0,
      "Operating Cash Flow": 739000000.0,
      "Cash Flow From Continuing Operating Activities": 739000000.0,
      "Change In Working Capital": -73000000.0,
      "Change In Other Working Capital": -37000000.0,
      "Change In Other Current Liabilities": -55000000.0,
      "Change In Payables And Accrued Expense": -103000000.0,
      "Change In Accrued Expense": -138000000.0,
      "Change In Payable": 35000000.0,
      "Change In Tax Payable": 35000000.0,
      "Change In Income Tax Payable": 35000000.0,
      "Change In Prepaid Assets": -1000000.0,
      "Change In Receivables": 123000000.0,
      "Changes In Account Receivables": 125000000.0,
      "Other Non Cash Items": 28000000.0,
      "Stock Based Compensation": 79000000.0,
      "Asset Impairment Charge": 0.0,
      "Deferred Tax": -34000000.0,
      "Deferred Income Tax": -34000000.0,
      "Depreciation Amortization Depletion": 170000000.0,
      "Depreciation And Amortization": 170000000.0,
      "Amortization Cash Flow": 93000000.0,
      "Amortization Of Intangibles": 93000000.0,
      "Depreciation": 77200000.0,
      "Operating Gains Losses": 45000000.0,
      "Earnings Losses From Equity Investments": 45000000.0,
      "Net Income From Continuing Operations": 524000000.0
    },
    "2022-03-31T00:00:00": {
      "Free Cash Flow": 383000000.0,
      "Issuance Of Debt": 50000000.0,
      "Capital Expenditure": -75000000.0,
      "Interest Paid Supplemental Data": 1000000.0,
      "Income Tax Paid Supplemental Data": 141000000.0,
      "End Cash Position": 1004000000.0,
      "Beginning Cash Position": 1214000000.0,
      "Effect Of Exchange Rate Changes": -17000000.0,
      "Changes In Cash": -193000000.0,
      "Financing Cash Flow": -32000000.0,
      "Cash Flow From Continuing Financing Activities": -32000000.0,
      "Net Other Financing Charges": -82000000.0,
      "Cash Dividends Paid": 0.0,
      "Net Issuance Payments Of Debt": 50000000.0,
      "Net Short Term Debt Issuance": 50000000.0,
      "Short Term Debt Issuance": 50000000.0,
      "Investing Cash Flow": -619000000.0,
      "Cash Flow From Continuing Investing Activities": -619000000.0,
      "Net Other Investing Changes": null,
      "Net Investment Purchase And Sale": -536000000.0,
      "Sale Of Investment": 245000000.0,
      "Purchase Of Investment": -781000000.0,
      "Net Business Purchase And Sale": -8000000.0,
      "Purchase Of Business": -8000000.0,
      "Net Intangibles Purchase And Sale": -41000000.0,
      "Purchase Of Intangibles": -41000000.0,
      "Net PPE Purchase And Sale": -34000000.0,
      "Purchase Of PPE": -34000000.0,
      "Operating Cash Flow": 458000000.0,
      "Cash Flow From Continuing Operating Activities": 458000000.0,
      "Change In Working Capital": -188000000.0,
      "Change In Other Working Capital": -51000000.0,
      "Change In Other Current Liabilities": 42000000.0,
      "Change In Payables And Accrued Expense": 239000000.0,
      "Change In Accrued Expense": 127000000.0,
      "Change In Payable": 112000000.0,
      "Change In Tax Payable": 112000000.0,
      "Change In Income Tax Payable": 112000000.0,
      "Change In Prepaid Assets": -41000000.0,
      "Change In Receivables": -377000000.0,
      "Changes In Account Receivables": -219000000.0,
      "Other Non Cash Items": 60000000.0,
      "Stock Based Compensation": 26000000.0,
      "Asset Impairment Charge": 43000000.0,
      "Deferred Tax": -76000000.0,
      "Deferred Income Tax": -76000000.0,
      "Depreciation Amortization Depletion": 185000000.0,
      "Depreciation And Amortization": 185000000.0,
      "Amortization Cash Flow": null,
      "Amortization Of Intangibles": null,
      "Depreciation": null,
      "Operating Gains Losses": -141000000.0,
      "Earnings Losses From Equity Investments": -141000000.0,
      "Net Income From Continuing Operations": 549000000.0
    },
    "2021-03-31T00:00:00": {
      "Free Cash Flow": null,
      "Issuance Of Debt": 0.0,
      "Capital Expenditure": null,
      "Interest Paid Supplemental Data": 1000000.0,
      "Income Tax Paid Supplemental Data": null,
      "End Cash Position": null,
      "Beginning Cash Position": null,
      "Effect Of Exchange Rate Changes": null,
      "Changes In Cash": null,
      "Financing Cash Flow": null,
      "Cash Flow From Continuing Financing Activities": null,
      "Net Other Financing Charges": null,
      "Cash Dividends Paid": -750000000.0,
      "Net Issuance Payments Of Debt": 0.0,
      "Net Short Term Debt Issuance": 0.0,
      "Short Term Debt Issuance": 0.0,
      "Investing Cash Flow": null,
      "Cash Flow From Continuing Investing Activities": null,
      "Net Other Investing Changes": null,
      "Net Investment Purchase And Sale": null,
      "Sale Of Investment": null,
      "Purchase Of Investment": null,
      "Net Business Purchase And Sale": null,
      "Purchase Of Business": null,
      "Net Intangibles Purchase And Sale": null,
      "Purchase Of Intangibles": null,
      "Net PPE Purchase And Sale": null,
      "Purchase Of PPE": null,
      "Operating Cash Flow": null,
      "Cash Flow From Continuing Operating Activities": null,
      "Change In Working Capital": null,
      "Change In Other Working Capital": null,
      "Change In Other Current Liabilities": null,
      "Change In Payables And Accrued Expense": null,
      "Change In Accrued Expense": null,
      "Change In Payable": null,
      "Change In Tax Payable": null,
      "Change In Income Tax Payable": null,
      "Change In Prepaid Assets": null,
      "Change In Receivables": null,
      "Changes In Account Receivables": null,
      "Other Non Cash Items": null,
      "Stock Based Compensation": null,
      "Asset Impairment Charge": 26000000.0,
      "Deferred Tax": null,
      "Deferred Income Tax": null,
      "Depreciation Amortization Depletion": null,
      "Depreciation And Amortization": null,
      "Amortization Cash Flow": null,
      "Amortization Of Intangibles": null,
      "Depreciation": null,
      "Operating Gains Losses": null,
      "Earnings Losses From Equity Investments": null,
      "Net Income From Continuing Operations": null
    }
  },
  "earnings_estimate": {
    "avg": {
      "0q": 0.58217,
      "+1q": 0.38458,
      "0y": 1.75779,
      "+1y": 2.15809
    },
    "low": {
      "0q": 0.56,
      "+1q": 0.31,
      "0y": 1.6,
      "+1y": 1.97
    },
    "high": {
      "0q": 0.6,
      "+1q": 0.55,
      "0y": 1.89,
      "+1y": 2.52
    },
    "yearAgoEps": {
      "0q": 0.55,
      "+1q": 0.35,
      "0y": 1.63,
      "+1y": 1.75779
    },
    "numberOfAnalysts": {
      "0q": 28,
      "+1q": 25,
      "0y": 37,
      "+1y": 39
    },
    "growth": {
      "0q": 0.0585,
      "+1q": 0.0988,
      "0y": 0.0784,
      "+1y": 0.22770001
    }
  },
  "revenue_estimate": {
    "avg": {
      "0q": 1471849760,
      "+1q": 1271290110,
      "0y": 4901174430,
      "+1y": 5897889440
    },
    "low": {
      "0q": 1444000000,
      "+1q": 1200000000,
      "0y": 4821000000,
      "+1y": 5630000000
    },
    "high": {
      "0q": 1499000000,
      "+1q": 1400000000,
      "0y": 4978000000,
      "+1y": 6026000000
    },
    "numberOfAnalysts": {
      "0q": 27,
      "+1q": 23,
      "0y": 36,
      "+1y": 39
    },
    "yearAgoRevenue": {
      "0q": 1241000000,
      "+1q": 1053000000,
      "0y": 4007000000,
      "+1y": 4901174430
    },
    "growth": {
      "0q": 0.186,
      "+1q": 0.20729999,
      "0y": 0.2232,
      "+1y": 0.2034
    }
  },
  "growth_estimates": {
    "stockTrend": {
      "0q": 0.0585,
      "+1q": 0.0988,
      "0y": 0.0784,
      "+1y": 0.22770001,
      "LTG": null
    },
    "indexTrend": {
      "0q": 0.1273,
      "+1q": 0.103599995,
      "0y": 0.14310001,
      "+1y": 0.1557,
      "LTG": 0.122
    }
  },
  "revenue_forecasts": null,
  "dividend_rate": null,
  "trailing_dividend_rate": 0.0
}