{
  "ticker": "ATD.TO",
  "name": "Couche-Tard",
  "country": "canada",
  "currency": "CAD",
  "last_fetched": "2026-02-26T20:52:08.076052",
  "market_cap": 77657964544,
  "revenue": 72387002368,
  "net_income": 2603899904,
  "pe_ratio": 21.899204,
  "forward_pe": 18.367191,
  "dividend_yield": 1.03,
  "profit_margin": 0.03597,
  "roe": 0.17672001,
  "debt_to_equity": 101.32,
  "beta": 0.669,
  "ev_to_ebitda": 16.679,
  "sector": "Consumer Cyclical",
  "industry": "Specialty Retail",
  "summary": "Alimentation Couche-Tard Inc. operates and licenses convenience stores in North America, Europe, and Asia. It offers cigarette products and other nicotine products, beverages, beer, wine, fresh food offerings comprising quick service restaurants, candy and snacks, grocery items, and car wash and other services; road transportation fuels and operates electric vehicles charging stations; sells energy for stationary engines and aviation fuels; sells lottery tickets, and calling and gift cards; and automatic teller machines. The company operates its convenience stores chain under various banners, including Circle K, Couche-Tard, Holiday, and Ingo. In addition, it operates and licenses stores operated under the Circle K banner in Egypt, Guam, Guatemala, Honduras, Indonesia, Macau, Mexico, New Zealand, Saudi Arabia, South Africa, Tanzania, the United Arab Emirates, and Vietnam. The company was formerly known as Actidev Inc. and changed its name to Alimentation Couche-Tard Inc. in December 1994. Alimentation Couche-Tard Inc. was founded in 1980 and is headquartered in Laval, Canada.",
  "website": "https://corporate.couche-tard.com",
  "employees": 149500,
  "target_high": 100.67521,
  "target_low": 82.29712,
  "target_mean": 89.79213,
  "target_median": 88.31826,
  "recommendation": "buy",
  "num_analysts": 17,
  "income_stmt": {
    "2025-04-30T00:00:00": {
      "Tax Effect Of Unusual Items": 13445640.0,
      "Tax Rate For Calcs": 0.2197,
      "Normalized EBITDA": 6015300000.0,
      "Total Unusual Items": 61200000.0,
      "Total Unusual Items Excluding Goodwill": 61200000.0,
      "Net Income From Continuing Operation Net Minority Interest": 2580400000.0,
      "Reconciled Depreciation": 2111800000.0,
      "Reconciled Cost Of Revenue": 59829100000.0,
      "EBITDA": 6076500000.0,
      "EBIT": 3964700000.0,
      "Net Interest Income": -504000000.0,
      "Interest Expense": 642600000.0,
      "Interest Income": 138800000.0,
      "Normalized Income": 2532645640.0,
      "Net Income From Continuing And Discontinued Operation": 2580400000.0,
      "Total Expenses": 69120400000.0,
      "Total Operating Income As Reported": 3806100000.0,
      "Diluted Average Shares": 950600000.0,
      "Basic Average Shares": 950100000.0,
      "Diluted EPS": 2.71,
      "Basic EPS": 2.72,
      "Diluted NI Availto Com Stockholders": 2580400000.0,
      "Net Income Common Stockholders": 2580400000.0,
      "Net Income": 2580400000.0,
      "Minority Interests": -12000000.0,
      "Net Income Including Noncontrolling Interests": 2592400000.0,
      "Net Income Continuous Operations": 2592400000.0,
      "Tax Provision": 729700000.0,
      "Pretax Income": 3322100000.0,
      "Other Income Expense": 89700000.0,
      "Special Income Charges": 33400000.0,
      "Gain On Sale Of Ppe": 33400000.0,
      "Earnings From Equity Interest": 28500000.0,
      "Gain On Sale Of Security": 27800000.0,
      "Net Non Operating Interest Income Expense": -504000000.0,
      "Total Other Finance Cost": 200000.0,
      "Interest Expense Non Operating": 642600000.0,
      "Interest Income Non Operating": 138800000.0,
      "Operating Income": 3736400000.0,
      "Operating Expense": 9284900000.0,
      "Other Operating Expenses": 7179500000.0,
      "Depreciation Amortization Depletion Income Statement": 2105400000.0,
      "Depreciation And Amortization In Income Statement": 2105400000.0,
      "Selling General And Administration": null,
      "Gross Profit": 13021300000.0,
      "Cost Of Revenue": 59835500000.0,
      "Total Revenue": 72856800000.0,
      "Operating Revenue": 72856800000.0
    },
    "2024-04-30T00:00:00": {
      "Tax Effect Of Unusual Items": 5418360.0,
      "Tax Rate For Calcs": 0.2076,
      "Normalized EBITDA": 5704200000.0,
      "Total Unusual Items": 26100000.0,
      "Total Unusual Items Excluding Goodwill": 26100000.0,
      "Net Income From Continuing Operation Net Minority Interest": 2729700000.0,
      "Reconciled Depreciation": 1765300000.0,
      "Reconciled Cost Of Revenue": 57160400000.0,
      "EBITDA": 5730300000.0,
      "EBIT": 3965000000.0,
      "Net Interest Income": -384700000.0,
      "Interest Expense": 516900000.0,
      "Interest Income": 150800000.0,
      "Normalized Income": 2709018360.0,
      "Net Income From Continuing And Discontinued Operation": 2729700000.0,
      "Total Expenses": 65482600000.0,
      "Total Operating Income As Reported": 3810200000.0,
      "Diluted Average Shares": 968200000.0,
      "Basic Average Shares": 966700000.0,
      "Diluted EPS": 2.82,
      "Basic EPS": 2.82,
      "Diluted NI Availto Com Stockholders": 2729700000.0,
      "Net Income Common Stockholders": 2729700000.0,
      "Net Income": 2729700000.0,
      "Minority Interests": -2500000.0,
      "Net Income Including Noncontrolling Interests": 2732200000.0,
      "Net Income Continuous Operations": 2732200000.0,
      "Tax Provision": 715900000.0,
      "Pretax Income": 3448100000.0,
      "Other Income Expense": 51900000.0,
      "Special Income Charges": -2400000.0,
      "Gain On Sale Of Ppe": -2400000.0,
      "Earnings From Equity Interest": 25800000.0,
      "Gain On Sale Of Security": 28500000.0,
      "Net Non Operating Interest Income Expense": -384700000.0,
      "Total Other Finance Cost": 18600000.0,
      "Interest Expense Non Operating": 516900000.0,
      "Interest Income Non Operating": 150800000.0,
      "Operating Income": 3780900000.0,
      "Operating Expense": 8317000000.0,
      "Other Operating Expenses": 6556900000.0,
      "Depreciation Amortization Depletion Income Statement": 1760100000.0,
      "Depreciation And Amortization In Income Statement": 1760100000.0,
      "Selling General And Administration": null,
      "Gross Profit": 12097900000.0,
      "Cost Of Revenue": 57165600000.0,
      "Total Revenue": 69263500000.0,
      "Operating Revenue": 69263500000.0
    },
    "2023-04-30T00:00:00": {
      "Tax Effect Of Unusual Items": 8809290.0,
      "Tax Rate For Calcs": 0.2133,
      "Normalized EBITDA": 5774200000.0,
      "Total Unusual Items": 41300000.0,
      "Total Unusual Items Excluding Goodwill": 41300000.0,
      "Net Income From Continuing Operation Net Minority Interest": 3090900000.0,
      "Reconciled Depreciation": 1533500000.0,
      "Reconciled Cost Of Revenue": 59797000000.0,
      "EBITDA": 5815500000.0,
      "EBIT": 4282000000.0,
      "Net Interest Income": -261500000.0,
      "Interest Expense": 352900000.0,
      "Interest Income": 93900000.0,
      "Normalized Income": 3058409290.0,
      "Net Income From Continuing And Discontinued Operation": 3090900000.0,
      "Total Expenses": 67711200000.0,
      "Total Operating Income As Reported": 4232000000.0,
      "Diluted Average Shares": 1009500000.0,
      "Basic Average Shares": 1007700000.0,
      "Diluted EPS": 3.06,
      "Basic EPS": 3.07,
      "Diluted NI Availto Com Stockholders": 3090900000.0,
      "Net Income Common Stockholders": 3090900000.0,
      "Net Income": 3090900000.0,
      "Minority Interests": 0.0,
      "Net Income Including Noncontrolling Interests": 3090900000.0,
      "Net Income Continuous Operations": 3090900000.0,
      "Tax Provision": 838200000.0,
      "Pretax Income": 3929100000.0,
      "Other Income Expense": 45100000.0,
      "Special Income Charges": 67600000.0,
      "Gain On Sale Of Ppe": 67600000.0,
      "Earnings From Equity Interest": 3800000.0,
      "Gain On Sale Of Security": -26300000.0,
      "Net Non Operating Interest Income Expense": -261500000.0,
      "Total Other Finance Cost": 2500000.0,
      "Interest Expense Non Operating": 352900000.0,
      "Interest Income Non Operating": 93900000.0,
      "Operating Income": 4145500000.0,
      "Operating Expense": 7906600000.0,
      "Other Operating Expenses": 6380700000.0,
      "Depreciation Amortization Depletion Income Statement": 1525900000.0,
      "Depreciation And Amortization In Income Statement": 1525900000.0,
      "Selling General And Administration": null,
      "Gross Profit": 12052100000.0,
      "Cost Of Revenue": 59804600000.0,
      "Total Revenue": 71856700000.0,
      "Operating Revenue": 71856700000.0
    },
    "2022-04-30T00:00:00": {
      "Tax Effect Of Unusual Items": 28689150.0,
      "Tax Rate For Calcs": 0.2149,
      "Normalized EBITDA": 5138300000.0,
      "Total Unusual Items": 133500000.0,
      "Total Unusual Items Excluding Goodwill": 133500000.0,
      "Net Income From Continuing Operation Net Minority Interest": 2683300000.0,
      "Reconciled Depreciation": 1549900000.0,
      "Reconciled Cost Of Revenue": 51800900000.0,
      "EBITDA": 5271800000.0,
      "EBIT": 3721900000.0,
      "Net Interest Income": -296400000.0,
      "Interest Expense": 304300000.0,
      "Interest Income": 9800000.0,
      "Normalized Income": 2578489150.0,
      "Net Income From Continuing And Discontinued Operation": 2683300000.0,
      "Total Expenses": 59249500000.0,
      "Total Operating Income As Reported": 3678500000.0,
      "Diluted Average Shares": 1063500000.0,
      "Basic Average Shares": 1062000000.0,
      "Diluted EPS": 2.52,
      "Basic EPS": 2.53,
      "Diluted NI Availto Com Stockholders": 2683300000.0,
      "Net Income Common Stockholders": 2683300000.0,
      "Net Income": 2683300000.0,
      "Minority Interests": null,
      "Net Income Including Noncontrolling Interests": 2683300000.0,
      "Net Income Continuous Operations": 2683300000.0,
      "Tax Provision": 734300000.0,
      "Pretax Income": 3417600000.0,
      "Other Income Expense": 153600000.0,
      "Special Income Charges": 103900000.0,
      "Gain On Sale Of Ppe": 103900000.0,
      "Earnings From Equity Interest": 20100000.0,
      "Gain On Sale Of Security": 29600000.0,
      "Net Non Operating Interest Income Expense": -296400000.0,
      "Total Other Finance Cost": 1900000.0,
      "Interest Expense Non Operating": 304300000.0,
      "Interest Income Non Operating": 9800000.0,
      "Operating Income": 3560400000.0,
      "Operating Expense": 7444400000.0,
      "Other Operating Expenses": 5898700000.0,
      "Depreciation Amortization Depletion Income Statement": 1545700000.0,
      "Depreciation And Amortization In Income Statement": 1545700000.0,
      "Selling General And Administration": 5884500000.0,
      "Gross Profit": 11004800000.0,
      "Cost Of Revenue": 51805100000.0,
      "Total Revenue": 62809900000.0,
      "Operating Revenue": 62809900000.0
    },
    "2021-04-30T00:00:00": {
      "Tax Effect Of Unusual Items": null,
      "Tax Rate For Calcs": null,
      "Normalized EBITDA": null,
      "Total Unusual Items": null,
      "Total Unusual Items Excluding Goodwill": null,
      "Net Income From Continuing Operation Net Minority Interest": null,
      "Reconciled Depreciation": null,
      "Reconciled Cost Of Revenue": null,
      "EBITDA": null,
      "EBIT": null,
      "Net Interest Income": null,
      "Interest Expense": null,
      "Interest Income": null,
      "Normalized Income": null,
      "Net Income From Continuing And Discontinued Operation": null,
      "Total Expenses": null,
      "Total Operating Income As Reported": null,
      "Diluted Average Shares": null,
      "Basic Average Shares": null,
      "Diluted EPS": null,
      "Basic EPS": null,
      "Diluted NI Availto Com Stockholders": null,
      "Net Income Common Stockholders": null,
      "Net Income": null,
      "Minority Interests": 0.0,
      "Net Income Including Noncontrolling Interests": null,
      "Net Income Continuous Operations": null,
      "Tax Provision": null,
      "Pretax Income": null,
      "Other Income Expense": null,
      "Special Income Charges": null,
      "Gain On Sale Of Ppe": null,
      "Earnings From Equity Interest": null,
      "Gain On Sale Of Security": null,
      "Net Non Operating Interest Income Expense": null,
      "Total Other Finance Cost": null,
      "Interest Expense Non Operating": null,
      "Interest Income Non Operating": null,
      "Operating Income": null,
      "Operating Expense": null,
      "Other Operating Expenses": null,
      "Depreciation Amortization Depletion Income Statement": null,
      "Depreciation And Amortization In Income Statement": null,
      "Selling General And Administration": 5148600000.0,
      "Gross Profit": null,
      "Cost Of Revenue": null,
      "Total Revenue": null,
      "Operating Revenue": null
    }
  },
  "quarterly_income": {
    "2025-10-31T00:00:00": {
      "Tax Effect Of Unusual Items": 2367664.172901,
      "Tax Rate For Calcs": 0.22766,
      "Normalized EBITDA": 1658000000.0,
      "Total Unusual Items": 10400000.0,
      "Total Unusual Items Excluding Goodwill": 10400000.0,
      "Net Income From Continuing Operation Net Minority Interest": 740600000.0,
      "Reconciled Depreciation": 535900000.0,
      "Reconciled Cost Of Revenue": 14457500000.0,
      "EBITDA": 1668400000.0,
      "EBIT": 1132500000.0,
      "Net Interest Income": -144300000.0,
      "Interest Expense": 170100000.0,
      "Interest Income": 25900000.0,
      "Normalized Income": 732567664.172901,
      "Net Income From Continuing And Discontinued Operation": 740600000.0,
      "Total Expenses": 16780400000.0,
      "Total Operating Income As Reported": 1087200000.0,
      "Diluted Average Shares": 940600000.0,
      "Basic Average Shares": 940100000.0,
      "Diluted EPS": 0.79,
      "Basic EPS": 0.79,
      "Diluted NI Availto Com Stockholders": 740600000.0,
      "Net Income Common Stockholders": 740600000.0,
      "Net Income": 740600000.0,
      "Minority Interests": -2700000.0,
      "Net Income Including Noncontrolling Interests": 743300000.0,
      "Net Income Continuous Operations": 743300000.0,
      "Tax Provision": 219100000.0,
      "Pretax Income": 962400000.0,
      "Other Income Expense": 21000000.0,
      "Special Income Charges": 1500000.0,
      "Gain On Sale Of Ppe": 1500000.0,
      "Earnings From Equity Interest": 10600000.0,
      "Gain On Sale Of Security": 8900000.0,
      "Net Non Operating Interest Income Expense": -144300000.0,
      "Total Other Finance Cost": 100000.0,
      "Interest Expense Non Operating": 170100000.0,
      "Interest Income Non Operating": 25900000.0,
      "Operating Income": 1085700000.0,
      "Operating Expense": 2321100000.0,
      "Other Operating Expenses": 1787000000.0,
      "Depreciation Amortization Depletion Income Statement": 534100000.0,
      "Depreciation And Amortization In Income Statement": 534100000.0,
      "Gross Profit": 3406800000.0,
      "Cost Of Revenue": 14459300000.0,
      "Total Revenue": 17866100000.0,
      "Operating Revenue": 17866100000.0
    },
    "2025-07-31T00:00:00": {
      "Tax Effect Of Unusual Items": 17476418.318524,
      "Tax Rate For Calcs": 0.232399,
      "Normalized EBITDA": 1639200000.0,
      "Total Unusual Items": 75200000.0,
      "Total Unusual Items Excluding Goodwill": 75200000.0,
      "Net Income From Continuing Operation Net Minority Interest": 782500000.0,
      "Reconciled Depreciation": 528600000.0,
      "Reconciled Cost Of Revenue": 14032100000.0,
      "EBITDA": 1714400000.0,
      "EBIT": 1185800000.0,
      "Net Interest Income": -133500000.0,
      "Interest Expense": 161700000.0,
      "Interest Income": 31700000.0,
      "Normalized Income": 724776418.318524,
      "Net Income From Continuing And Discontinued Operation": 782500000.0,
      "Total Expenses": 16269900000.0,
      "Total Operating Income As Reported": 1137000000.0,
      "Diluted Average Shares": 948600000.0,
      "Basic Average Shares": 948100000.0,
      "Diluted EPS": 0.82,
      "Basic EPS": 0.83,
      "Diluted NI Availto Com Stockholders": 782500000.0,
      "Net Income Common Stockholders": 782500000.0,
      "Net Income": 782500000.0,
      "Minority Interests": -3600000.0,
      "Net Income Including Noncontrolling Interests": 786100000.0,
      "Net Income Continuous Operations": 786100000.0,
      "Tax Provision": 238000000.0,
      "Pretax Income": 1024100000.0,
      "Other Income Expense": 80600000.0,
      "Special Income Charges": 60000000.0,
      "Gain On Sale Of Ppe": 60000000.0,
      "Earnings From Equity Interest": 5400000.0,
      "Gain On Sale Of Security": 15200000.0,
      "Net Non Operating Interest Income Expense": -133500000.0,
      "Total Other Finance Cost": 3500000.0,
      "Interest Expense Non Operating": 161700000.0,
      "Interest Income Non Operating": 31700000.0,
      "Operating Income": 1077000000.0,
      "Operating Expense": 2237000000.0,
      "Other Operating Expenses": 1709200000.0,
      "Depreciation Amortization Depletion Income Statement": 527800000.0,
      "Depreciation And Amortization In Income Statement": 527800000.0,
      "Gross Profit": 3314000000.0,
      "Cost Of Revenue": 14032900000.0,
      "Total Revenue": 17346900000.0,
      "Operating Revenue": 17346900000.0
    },
    "2025-04-30T00:00:00": {
      "Tax Effect Of Unusual Items": -168791.329904,
      "Tax Rate For Calcs": 0.187546,
      "Normalized EBITDA": 1205600000.0,
      "Total Unusual Items": -900000.0,
      "Total Unusual Items Excluding Goodwill": -900000.0,
      "Net Income From Continuing Operation Net Minority Interest": 439400000.0,
      "Reconciled Depreciation": 542300000.0,
      "Reconciled Cost Of Revenue": 13336000000.0,
      "EBITDA": 1204700000.0,
      "EBIT": 662400000.0,
      "Net Interest Income": -89100000.0,
      "Interest Expense": 118000000.0,
      "Interest Income": 25400000.0,
      "Normalized Income": 440131208.670096,
      "Net Income From Continuing And Discontinued Operation": 439400000.0,
      "Total Expenses": 15639400000.0,
      "Total Operating Income As Reported": 661100000.0,
      "Diluted Average Shares": null,
      "Basic Average Shares": null,
      "Diluted EPS": null,
      "Basic EPS": null,
      "Diluted NI Availto Com Stockholders": 439400000.0,
      "Net Income Common Stockholders": 439400000.0,
      "Net Income": 439400000.0,
      "Minority Interests": -2900000.0,
      "Net Income Including Noncontrolling Interests": 442300000.0,
      "Net Income Continuous Operations": 442300000.0,
      "Tax Provision": 102100000.0,
      "Pretax Income": 544400000.0,
      "Other Income Expense": 2400000.0,
      "Special Income Charges": -6300000.0,
      "Gain On Sale Of Ppe": -6300000.0,
      "Earnings From Equity Interest": 3300000.0,
      "Gain On Sale Of Security": 5400000.0,
      "Net Non Operating Interest Income Expense": -89100000.0,
      "Total Other Finance Cost": -3500000.0,
      "Interest Expense Non Operating": 118000000.0,
      "Interest Income Non Operating": 25400000.0,
      "Operating Income": 631100000.0,
      "Operating Expense": 2301900000.0,
      "Other Operating Expenses": 1761100000.0,
      "Depreciation Amortization Depletion Income Statement": 540800000.0,
      "Depreciation And Amortization In Income Statement": 540800000.0,
      "Gross Profit": 2933000000.0,
      "Cost Of Revenue": 13337500000.0,
      "Total Revenue": 16270500000.0,
      "Operating Revenue": 16270500000.0
    },
    "2025-01-31T00:00:00": {
      "Tax Effect Of Unusual Items": 1975312.270389,
      "Tax Rate For Calcs": 0.21014,
      "Normalized EBITDA": 1673800000.0,
      "Total Unusual Items": 9400000.0,
      "Total Unusual Items Excluding Goodwill": 9400000.0,
      "Net Income From Continuing Operation Net Minority Interest": 641400000.0,
      "Reconciled Depreciation": 657400000.0,
      "Reconciled Cost Of Revenue": 17138100000.0,
      "EBITDA": 1683200000.0,
      "EBIT": 1025800000.0,
      "Net Interest Income": -172700000.0,
      "Interest Expense": 209200000.0,
      "Interest Income": 38400000.0,
      "Normalized Income": 633975312.270389,
      "Net Income From Continuing And Discontinued Operation": 641400000.0,
      "Total Expenses": 19931500000.0,
      "Total Operating Income As Reported": 968300000.0,
      "Diluted Average Shares": 948700000.0,
      "Basic Average Shares": 948000000.0,
      "Diluted EPS": 0.68,
      "Basic EPS": 0.68,
      "Diluted NI Availto Com Stockholders": 641400000.0,
      "Net Income Common Stockholders": 641400000.0,
      "Net Income": 641400000.0,
      "Minority Interests": -3600000.0,
      "Net Income Including Noncontrolling Interests": 645000000.0,
      "Net Income Continuous Operations": 645000000.0,
      "Tax Provision": 171600000.0,
      "Pretax Income": 816600000.0,
      "Other Income Expense": 17300000.0,
      "Special Income Charges": -3700000.0,
      "Gain On Sale Of Ppe": -3700000.0,
      "Earnings From Equity Interest": 7900000.0,
      "Gain On Sale Of Security": 13100000.0,
      "Net Non Operating Interest Income Expense": -172700000.0,
      "Total Other Finance Cost": 1900000.0,
      "Interest Expense Non Operating": 209200000.0,
      "Interest Income Non Operating": 38400000.0,
      "Operating Income": 972000000.0,
      "Operating Expense": 2792200000.0,
      "Other Operating Expenses": 2136000000.0,
      "Depreciation Amortization Depletion Income Statement": 656200000.0,
      "Depreciation And Amortization In Income Statement": 656200000.0,
      "Gross Profit": 3764200000.0,
      "Cost Of Revenue": 17139300000.0,
      "Total Revenue": 20903500000.0,
      "Operating Revenue": 20903500000.0
    },
    "2024-10-31T00:00:00": {
      "Tax Effect Of Unusual Items": 2951473.435147,
      "Tax Rate For Calcs": 0.234244,
      "Normalized EBITDA": 1546600000.0,
      "Total Unusual Items": 12600000.0,
      "Total Unusual Items Excluding Goodwill": 12600000.0,
      "Net Income From Continuing Operation Net Minority Interest": 708800000.0,
      "Reconciled Depreciation": 470200000.0,
      "Reconciled Cost Of Revenue": 14251600000.0,
      "EBITDA": 1559200000.0,
      "EBIT": 1089000000.0,
      "Net Interest Income": -125300000.0,
      "Interest Expense": 159200000.0,
      "Interest Income": 34700000.0,
      "Normalized Income": 699151473.435147,
      "Net Income From Continuing And Discontinued Operation": 708800000.0,
      "Total Expenses": 16371700000.0,
      "Total Operating Income As Reported": 1038700000.0,
      "Diluted Average Shares": 948900000.0,
      "Basic Average Shares": 948200000.0,
      "Diluted EPS": 0.75,
      "Basic EPS": 0.75,
      "Diluted NI Availto Com Stockholders": 708800000.0,
      "Net Income Common Stockholders": 708800000.0,
      "Net Income": 708800000.0,
      "Minority Interests": -3200000.0,
      "Net Income Including Noncontrolling Interests": 712000000.0,
      "Net Income Continuous Operations": 712000000.0,
      "Tax Provision": 217800000.0,
      "Pretax Income": 929800000.0,
      "Other Income Expense": 21500000.0,
      "Special Income Charges": 5100000.0,
      "Gain On Sale Of Ppe": 5100000.0,
      "Earnings From Equity Interest": 8900000.0,
      "Gain On Sale Of Security": 7500000.0,
      "Net Non Operating Interest Income Expense": -125300000.0,
      "Total Other Finance Cost": 800000.0,
      "Interest Expense Non Operating": 159200000.0,
      "Interest Income Non Operating": 34700000.0,
      "Operating Income": 1033600000.0,
      "Operating Expense": 2117400000.0,
      "Other Operating Expenses": 1649900000.0,
      "Depreciation Amortization Depletion Income Statement": 467500000.0,
      "Depreciation And Amortization In Income Statement": 467500000.0,
      "Gross Profit": 3151000000.0,
      "Cost Of Revenue": 14254300000.0,
      "Total Revenue": 17405300000.0,
      "Operating Revenue": 17405300000.0
    },
    "2024-07-31T00:00:00": {
      "Tax Effect Of Unusual Items": null,
      "Tax Rate For Calcs": null,
      "Normalized EBITDA": null,
      "Total Unusual Items": null,
      "Total Unusual Items Excluding Goodwill": null,
      "Net Income From Continuing Operation Net Minority Interest": null,
      "Reconciled Depreciation": null,
      "Reconciled Cost Of Revenue": null,
      "EBITDA": null,
      "EBIT": null,
      "Net Interest Income": null,
      "Interest Expense": null,
      "Interest Income": null,
      "Normalized Income": null,
      "Net Income From Continuing And Discontinued Operation": null,
      "Total Expenses": null,
      "Total Operating Income As Reported": null,
      "Diluted Average Shares": 957300000.0,
      "Basic Average Shares": 956700000.0,
      "Diluted EPS": 0.83,
      "Basic EPS": 0.83,
      "Diluted NI Availto Com Stockholders": null,
      "Net Income Common Stockholders": null,
      "Net Income": null,
      "Minority Interests": null,
      "Net Income Including Noncontrolling Interests": null,
      "Net Income Continuous Operations": null,
      "Tax Provision": null,
      "Pretax Income": null,
      "Other Income Expense": null,
      "Special Income Charges": null,
      "Gain On Sale Of Ppe": null,
      "Earnings From Equity Interest": null,
      "Gain On Sale Of Security": null,
      "Net Non Operating Interest Income Expense": null,
      "Total Other Finance Cost": null,
      "Interest Expense Non Operating": null,
      "Interest Income Non Operating": null,
      "Operating Income": null,
      "Operating Expense": null,
      "Other Operating Expenses": null,
      "Depreciation Amortization Depletion Income Statement": null,
      "Depreciation And Amortization In Income Statement": null,
      "Gross Profit": null,
      "Cost Of Revenue": null,
      "Total Revenue": null,
      "Operating Revenue": null
    }
  },
  "balance_sheet": {
    "2025-04-30T00:00:00": {
      "Ordinary Shares Number": 948064405.0,
      "Share Issued": 948064405.0,
      "Net Debt": 7204000000.0,
      "Total Debt": 13956300000.0,
      "Tangible Book Value": 4226700000.0,
      "Invested Capital": 24413800000.0,
      "Working Capital": -89500000.0,
      "Net Tangible Assets": 4226700000.0,
      "Capital Lease Obligations": 4489300000.0,
      "Common Stock Equity": 14946800000.0,
      "Total Capitalization": 23723600000.0,
      "Total Equity Gross Minority Interest": 15093300000.0,
      "Minority Interest": 146500000.0,
      "Stockholders Equity": 14946800000.0,
      "Gains Losses Not Affecting Retained Earnings": -858300000.0,
      "Other Equity Adjustments": -858300000.0,
      "Retained Earnings": 15134300000.0,
      "Additional Paid In Capital": 28300000.0,
      "Capital Stock": 642500000.0,
      "Common Stock": 642500000.0,
      "Total Liabilities Net Minority Interest": 23208600000.0,
      "Total Non Current Liabilities Net Minority Interest": 15591300000.0,
      "Other Non Current Liabilities": 11900000.0,
      "Derivative Product Liabilities": 68900000.0,
      "Employee Benefits": 75900000.0,
      "Non Current Pension And Other Postretirement Benefit Plans": 65500000.0,
      "Non Current Deferred Liabilities": 1830400000.0,
      "Non Current Deferred Revenue": 39700000.0,
      "Non Current Deferred Taxes Liabilities": 1659900000.0,
      "Long Term Debt And Capital Lease Obligation": 12742200000.0,
      "Long Term Capital Lease Obligation": 3965400000.0,
      "Long Term Debt": 8776800000.0,
      "Long Term Provisions": 862000000.0,
      "Current Liabilities": 7617300000.0,
      "Other Current Liabilities": 352800000.0,
      "Current Debt And Capital Lease Obligation": 1214100000.0,
      "Current Capital Lease Obligation": 523900000.0,
      "Current Debt": 690200000.0,
      "Other Current Borrowings": 690200000.0,
      "Current Provisions": 183100000.0,
      "Payables And Accrued Expenses": 5867300000.0,
      "Current Accrued Expenses": 409000000.0,
      "Payables": 5458300000.0,
      "Other Payable": 352900000.0,
      "Total Tax Payable": 948300000.0,
      "Income Tax Payable": null,
      "Accounts Payable": 4157100000.0,
      "Total Assets": 38301900000.0,
      "Total Non Current Assets": 30774100000.0,
      "Other Non Current Assets": 15700000.0,
      "Defined Pension Benefit": 81600000.0,
      "Non Current Prepaid Assets": 71000000.0,
      "Non Current Deferred Assets": 293300000.0,
      "Non Current Deferred Taxes Assets": 125600000.0,
      "Non Current Note Receivables": 13700000.0,
      "Non Current Accounts Receivable": 67600000.0,
      "Investments And Advances": 309800000.0,
      "Other Investments": 21800000.0,
      "Investmentin Financial Assets": 99600000.0,
      "Available For Sale Securities": 99600000.0,
      "Long Term Equity Investment": 188400000.0,
      "Investmentsin Joint Venturesat Cost": 188400000.0,
      "Investmentsin Associatesat Cost": null,
      "Goodwill And Other Intangible Assets": 10720100000.0,
      "Other Intangible Assets": 1156400000.0,
      "Goodwill": 9563700000.0,
      "Net PPE": 19201300000.0,
      "Accumulated Depreciation": -8757400000.0,
      "Gross PPE": 27958700000.0,
      "Leases": 6112000000.0,
      "Other Properties": 10665100000.0,
      "Machinery Furniture Equipment": 128200000.0,
      "Buildings And Improvements": 6847100000.0,
      "Land And Improvements": 4206300000.0,
      "Properties": 0.0,
      "Current Assets": 7527800000.0,
      "Assets Held For Sale Current": null,
      "Restricted Cash": 5700000.0,
      "Prepaid Assets": 172200000.0,
      "Inventory": 2188600000.0,
      "Other Inventories": 1184400000.0,
      "Finished Goods": 1004200000.0,
      "Receivables": 2847600000.0,
      "Receivables Adjustments Allowances": -38700000.0,
      "Other Receivables": 950600000.0,
      "Taxes Receivable": 180100000.0,
      "Accounts Receivable": 1755600000.0,
      "Gross Accounts Receivable": 1755600000.0,
      "Cash Cash Equivalents And Short Term Investments": 2313700000.0,
      "Other Short Term Investments": 50700000.0,
      "Cash And Cash Equivalents": 2263000000.0
    },
    "2024-04-30T00:00:00": {
      "Ordinary Shares Number": 957100000.0,
      "Share Issued": 957100000.0,
      "Net Debt": 8984300000.0,
      "Total Debt": 14690900000.0,
      "Tangible Book Value": 2758400000.0,
      "Invested Capital": 23482500000.0,
      "Working Capital": -149600000.0,
      "Net Tangible Assets": 2758400000.0,
      "Capital Lease Obligations": 4397600000.0,
      "Common Stock Equity": 13189200000.0,
      "Total Capitalization": 22415700000.0,
      "Total Equity Gross Minority Interest": 13315100000.0,
      "Minority Interest": 125900000.0,
      "Stockholders Equity": 13189200000.0,
      "Gains Losses Not Affecting Retained Earnings": -1095600000.0,
      "Other Equity Adjustments": -1095600000.0,
      "Retained Earnings": 13616900000.0,
      "Additional Paid In Capital": 23200000.0,
      "Capital Stock": 644700000.0,
      "Common Stock": 644700000.0,
      "Total Liabilities Net Minority Interest": 23902900000.0,
      "Total Non Current Liabilities Net Minority Interest": 16070000000.0,
      "Other Non Current Liabilities": 25100000.0,
      "Derivative Product Liabilities": 303300000.0,
      "Employee Benefits": 92800000.0,
      "Non Current Pension And Other Postretirement Benefit Plans": 85800000.0,
      "Non Current Deferred Liabilities": 1680100000.0,
      "Non Current Deferred Revenue": 46300000.0,
      "Non Current Deferred Taxes Liabilities": 1492100000.0,
      "Long Term Debt And Capital Lease Obligation": 13114000000.0,
      "Long Term Capital Lease Obligation": 3887500000.0,
      "Long Term Debt": 9226500000.0,
      "Long Term Provisions": 854700000.0,
      "Current Liabilities": 7832900000.0,
      "Other Current Liabilities": 54200000.0,
      "Current Debt And Capital Lease Obligation": 1576900000.0,
      "Current Capital Lease Obligation": 510100000.0,
      "Current Debt": 1066800000.0,
      "Other Current Borrowings": 1066800000.0,
      "Current Provisions": 144100000.0,
      "Payables And Accrued Expenses": 6057700000.0,
      "Current Accrued Expenses": 393600000.0,
      "Payables": 5664100000.0,
      "Other Payable": 287700000.0,
      "Total Tax Payable": 806300000.0,
      "Income Tax Payable": 72100000.0,
      "Accounts Payable": 4570100000.0,
      "Total Assets": 37218000000.0,
      "Total Non Current Assets": 29534700000.0,
      "Other Non Current Assets": 17000000.0,
      "Defined Pension Benefit": 93000000.0,
      "Non Current Prepaid Assets": 53100000.0,
      "Non Current Deferred Assets": 268900000.0,
      "Non Current Deferred Taxes Assets": 104500000.0,
      "Non Current Note Receivables": 13800000.0,
      "Non Current Accounts Receivable": 63900000.0,
      "Investments And Advances": 351500000.0,
      "Other Investments": 19200000.0,
      "Investmentin Financial Assets": 146600000.0,
      "Available For Sale Securities": 146600000.0,
      "Long Term Equity Investment": 185700000.0,
      "Investmentsin Joint Venturesat Cost": 185700000.0,
      "Investmentsin Associatesat Cost": 0.0,
      "Goodwill And Other Intangible Assets": 10430800000.0,
      "Other Intangible Assets": 1150200000.0,
      "Goodwill": 9280600000.0,
      "Net PPE": 18242700000.0,
      "Accumulated Depreciation": -7529500000.0,
      "Gross PPE": 25772200000.0,
      "Leases": 5755900000.0,
      "Other Properties": 9704500000.0,
      "Machinery Furniture Equipment": 119300000.0,
      "Buildings And Improvements": 6115600000.0,
      "Land And Improvements": 4076900000.0,
      "Properties": 0.0,
      "Current Assets": 7683300000.0,
      "Assets Held For Sale Current": null,
      "Restricted Cash": 9600000.0,
      "Prepaid Assets": 144100000.0,
      "Inventory": 2330900000.0,
      "Other Inventories": 1131900000.0,
      "Finished Goods": 1199000000.0,
      "Receivables": 3330500000.0,
      "Receivables Adjustments Allowances": -37700000.0,
      "Other Receivables": 1178200000.0,
      "Taxes Receivable": 192800000.0,
      "Accounts Receivable": 1997200000.0,
      "Gross Accounts Receivable": 1997200000.0,
      "Cash Cash Equivalents And Short Term Investments": 1868200000.0,
      "Other Short Term Investments": 559200000.0,
      "Cash And Cash Equivalents": 1309000000.0
    },
    "2023-04-30T00:00:00": {
      "Ordinary Shares Number": 981300000.0,
      "Share Issued": 981300000.0,
      "Net Debt": 5054800000.0,
      "Total Debt": 9473600000.0,
      "Tangible Book Value": 5150600000.0,
      "Invested Capital": 18453500000.0,
      "Working Capital": 503100000.0,
      "Net Tangible Assets": 5150600000.0,
      "Capital Lease Obligations": 3584600000.0,
      "Common Stock Equity": 12564500000.0,
      "Total Capitalization": 18452800000.0,
      "Total Equity Gross Minority Interest": 12564500000.0,
      "Minority Interest": 0.0,
      "Stockholders Equity": 12564500000.0,
      "Gains Losses Not Affecting Retained Earnings": -1013600000.0,
      "Other Equity Adjustments": -1013600000.0,
      "Retained Earnings": 12934600000.0,
      "Additional Paid In Capital": 28800000.0,
      "Capital Stock": 614700000.0,
      "Common Stock": 614700000.0,
      "Total Liabilities Net Minority Interest": 16493900000.0,
      "Total Non Current Liabilities Net Minority Interest": 11327400000.0,
      "Other Non Current Liabilities": 19300000.0,
      "Derivative Product Liabilities": 93800000.0,
      "Employee Benefits": 90900000.0,
      "Non Current Pension And Other Postretirement Benefit Plans": 85100000.0,
      "Non Current Deferred Liabilities": 1440900000.0,
      "Non Current Deferred Revenue": 28000000.0,
      "Non Current Deferred Taxes Liabilities": 1283900000.0,
      "Long Term Debt And Capital Lease Obligation": 9034800000.0,
      "Long Term Capital Lease Obligation": 3146500000.0,
      "Long Term Debt": 5888300000.0,
      "Long Term Provisions": 647700000.0,
      "Current Liabilities": 5166500000.0,
      "Other Current Liabilities": 800000.0,
      "Current Debt And Capital Lease Obligation": 438800000.0,
      "Current Capital Lease Obligation": 438100000.0,
      "Current Debt": 700000.0,
      "Other Current Borrowings": 700000.0,
      "Current Provisions": 147900000.0,
      "Payables And Accrued Expenses": 4579000000.0,
      "Current Accrued Expenses": 388300000.0,
      "Payables": 4190700000.0,
      "Other Payable": 225400000.0,
      "Total Tax Payable": 782100000.0,
      "Income Tax Payable": 79600000.0,
      "Accounts Payable": 3183200000.0,
      "Total Assets": 29058400000.0,
      "Total Non Current Assets": 23388800000.0,
      "Other Non Current Assets": 23100000.0,
      "Defined Pension Benefit": 74600000.0,
      "Non Current Prepaid Assets": 17000000.0,
      "Non Current Deferred Assets": 159600000.0,
      "Non Current Deferred Taxes Assets": 51000000.0,
      "Non Current Note Receivables": 16600000.0,
      "Non Current Accounts Receivable": 62700000.0,
      "Investments And Advances": 384200000.0,
      "Other Investments": 27900000.0,
      "Investmentin Financial Assets": 172900000.0,
      "Available For Sale Securities": 172900000.0,
      "Long Term Equity Investment": 183400000.0,
      "Investmentsin Joint Venturesat Cost": 179900000.0,
      "Investmentsin Associatesat Cost": 3500000.0,
      "Goodwill And Other Intangible Assets": 7413900000.0,
      "Other Intangible Assets": 772500000.0,
      "Goodwill": 6641400000.0,
      "Net PPE": 15237100000.0,
      "Accumulated Depreciation": -6688200000.0,
      "Gross PPE": 21925300000.0,
      "Leases": 4621200000.0,
      "Other Properties": 8410800000.0,
      "Machinery Furniture Equipment": 86700000.0,
      "Buildings And Improvements": 5227600000.0,
      "Land And Improvements": 3579000000.0,
      "Properties": 0.0,
      "Current Assets": 5669600000.0,
      "Assets Held For Sale Current": 0.0,
      "Restricted Cash": 13800000.0,
      "Prepaid Assets": 151600000.0,
      "Inventory": 2176000000.0,
      "Other Inventories": 1044300000.0,
      "Finished Goods": 1131700000.0,
      "Receivables": 2399000000.0,
      "Receivables Adjustments Allowances": -28200000.0,
      "Other Receivables": 756900000.0,
      "Taxes Receivable": 100500000.0,
      "Accounts Receivable": 1569800000.0,
      "Gross Accounts Receivable": 1569800000.0,
      "Cash Cash Equivalents And Short Term Investments": 929200000.0,
      "Other Short Term Investments": 95000000.0,
      "Cash And Cash Equivalents": 834200000.0
    },
    "2022-04-30T00:00:00": {
      "Ordinary Shares Number": 1033210943.0,
      "Share Issued": 1033210943.0,
      "Net Debt": 3821100000.0,
      "Total Debt": 9439900000.0,
      "Tangible Book Value": 5656000000.0,
      "Invested Capital": 18402600000.0,
      "Working Capital": 1310900000.0,
      "Net Tangible Assets": 5656000000.0,
      "Capital Lease Obligations": 3474900000.0,
      "Common Stock Equity": 12437600000.0,
      "Total Capitalization": 18401200000.0,
      "Total Equity Gross Minority Interest": 12437600000.0,
      "Minority Interest": null,
      "Stockholders Equity": 12437600000.0,
      "Gains Losses Not Affecting Retained Earnings": -749100000.0,
      "Other Equity Adjustments": -749100000.0,
      "Retained Earnings": 12521000000.0,
      "Additional Paid In Capital": 25800000.0,
      "Capital Stock": 639900000.0,
      "Common Stock": 639900000.0,
      "Total Liabilities Net Minority Interest": 17154000000.0,
      "Total Non Current Liabilities Net Minority Interest": 11136600000.0,
      "Other Non Current Liabilities": 8900000.0,
      "Derivative Product Liabilities": 34100000.0,
      "Employee Benefits": 104300000.0,
      "Non Current Pension And Other Postretirement Benefit Plans": 85800000.0,
      "Non Current Deferred Liabilities": 1399200000.0,
      "Non Current Deferred Revenue": 28800000.0,
      "Non Current Deferred Taxes Liabilities": 1182700000.0,
      "Long Term Debt And Capital Lease Obligation": 9013100000.0,
      "Long Term Capital Lease Obligation": 3049500000.0,
      "Long Term Debt": 5963600000.0,
      "Long Term Provisions": 577000000.0,
      "Current Liabilities": 6017400000.0,
      "Other Current Liabilities": 86700000.0,
      "Current Debt And Capital Lease Obligation": 426800000.0,
      "Current Capital Lease Obligation": 425400000.0,
      "Current Debt": 1400000.0,
      "Other Current Borrowings": 1400000.0,
      "Current Provisions": 144700000.0,
      "Payables And Accrued Expenses": 5359200000.0,
      "Current Accrued Expenses": 360000000.0,
      "Payables": 4999200000.0,
      "Other Payable": 283300000.0,
      "Total Tax Payable": 928900000.0,
      "Income Tax Payable": 103100000.0,
      "Accounts Payable": 3787000000.0,
      "Total Assets": 29591600000.0,
      "Total Non Current Assets": 22263300000.0,
      "Other Non Current Assets": 25400000.0,
      "Defined Pension Benefit": 68500000.0,
      "Non Current Prepaid Assets": 76800000.0,
      "Non Current Deferred Assets": 165200000.0,
      "Non Current Deferred Taxes Assets": 49500000.0,
      "Non Current Note Receivables": 18500000.0,
      "Non Current Accounts Receivable": 62500000.0,
      "Investments And Advances": 476400000.0,
      "Other Investments": 34100000.0,
      "Investmentin Financial Assets": 272700000.0,
      "Available For Sale Securities": 272700000.0,
      "Long Term Equity Investment": 169600000.0,
      "Investmentsin Joint Venturesat Cost": 143900000.0,
      "Investmentsin Associatesat Cost": 25700000.0,
      "Goodwill And Other Intangible Assets": 6781600000.0,
      "Other Intangible Assets": 687500000.0,
      "Goodwill": 6094100000.0,
      "Net PPE": 14588400000.0,
      "Accumulated Depreciation": -5939500000.0,
      "Gross PPE": 20527900000.0,
      "Leases": 4362600000.0,
      "Other Properties": 7734300000.0,
      "Machinery Furniture Equipment": 66200000.0,
      "Buildings And Improvements": 4799400000.0,
      "Land And Improvements": 3565400000.0,
      "Properties": 0.0,
      "Current Assets": 7328300000.0,
      "Assets Held For Sale Current": 9300000.0,
      "Restricted Cash": 19300000.0,
      "Prepaid Assets": 147000000.0,
      "Inventory": 2403000000.0,
      "Other Inventories": 968100000.0,
      "Finished Goods": 1434900000.0,
      "Receivables": 2582700000.0,
      "Receivables Adjustments Allowances": -33400000.0,
      "Other Receivables": 803200000.0,
      "Taxes Receivable": 85200000.0,
      "Accounts Receivable": 1727700000.0,
      "Gross Accounts Receivable": 1727700000.0,
      "Cash Cash Equivalents And Short Term Investments": 2167000000.0,
      "Other Short Term Investments": 23100000.0,
      "Cash And Cash Equivalents": 2143900000.0
    },
    "2021-04-30T00:00:00": {
      "Ordinary Shares Number": null,
      "Share Issued": null,
      "Net Debt": null,
      "Total Debt": null,
      "Tangible Book Value": null,
      "Invested Capital": null,
      "Working Capital": null,
      "Net Tangible Assets": null,
      "Capital Lease Obligations": null,
      "Common Stock Equity": null,
      "Total Capitalization": null,
      "Total Equity Gross Minority Interest": null,
      "Minority Interest": null,
      "Stockholders Equity": null,
      "Gains Losses Not Affecting Retained Earnings": null,
      "Other Equity Adjustments": null,
      "Retained Earnings": null,
      "Additional Paid In Capital": null,
      "Capital Stock": null,
      "Common Stock": null,
      "Total Liabilities Net Minority Interest": null,
      "Total Non Current Liabilities Net Minority Interest": null,
      "Other Non Current Liabilities": null,
      "Derivative Product Liabilities": null,
      "Employee Benefits": null,
      "Non Current Pension And Other Postretirement Benefit Plans": null,
      "Non Current Deferred Liabilities": null,
      "Non Current Deferred Revenue": null,
      "Non Current Deferred Taxes Liabilities": null,
      "Long Term Debt And Capital Lease Obligation": null,
      "Long Term Capital Lease Obligation": null,
      "Long Term Debt": null,
      "Long Term Provisions": null,
      "Current Liabilities": null,
      "Other Current Liabilities": null,
      "Current Debt And Capital Lease Obligation": null,
      "Current Capital Lease Obligation": null,
      "Current Debt": null,
      "Other Current Borrowings": null,
      "Current Provisions": null,
      "Payables And Accrued Expenses": null,
      "Current Accrued Expenses": null,
      "Payables": null,
      "Other Payable": null,
      "Total Tax Payable": null,
      "Income Tax Payable": 155600000.0,
      "Accounts Payable": null,
      "Total Assets": null,
      "Total Non Current Assets": null,
      "Other Non Current Assets": null,
      "Defined Pension Benefit": null,
      "Non Current Prepaid Assets": null,
      "Non Current Deferred Assets": null,
      "Non Current Deferred Taxes Assets": null,
      "Non Current Note Receivables": null,
      "Non Current Accounts Receivable": null,
      "Investments And Advances": null,
      "Other Investments": null,
      "Investmentin Financial Assets": null,
      "Available For Sale Securities": null,
      "Long Term Equity Investment": null,
      "Investmentsin Joint Venturesat Cost": null,
      "Investmentsin Associatesat Cost": 58400000.0,
      "Goodwill And Other Intangible Assets": null,
      "Other Intangible Assets": null,
      "Goodwill": null,
      "Net PPE": null,
      "Accumulated Depreciation": null,
      "Gross PPE": null,
      "Leases": null,
      "Other Properties": null,
      "Machinery Furniture Equipment": null,
      "Buildings And Improvements": null,
      "Land And Improvements": null,
      "Properties": null,
      "Current Assets": null,
      "Assets Held For Sale Current": 335100000.0,
      "Restricted Cash": null,
      "Prepaid Assets": null,
      "Inventory": null,
      "Other Inventories": null,
      "Finished Goods": null,
      "Receivables": null,
      "Receivables Adjustments Allowances": null,
      "Other Receivables": null,
      "Taxes Receivable": null,
      "Accounts Receivable": null,
      "Gross Accounts Receivable": null,
      "Cash Cash Equivalents And Short Term Investments": null,
      "Other Short Term Investments": null,
      "Cash And Cash Equivalents": null
    }
  },
  "cashflow": {
    "2025-04-30T00:00:00": {
      "Free Cash Flow": 2710500000.0,
      "Repurchase Of Capital Stock": -538300000.0,
      "Repayment Of Debt": -1448300000.0,
      "Issuance Of Debt": 0.0,
      "Capital Expenditure": -2326600000.0,
      "Interest Paid Supplemental Data": 627500000.0,
      "Income Tax Paid Supplemental Data": 493500000.0,
      "End Cash Position": 2263000000.0,
      "Beginning Cash Position": 1309000000.0,
      "Effect Of Exchange Rate Changes": 38900000.0,
      "Changes In Cash": 915100000.0,
      "Financing Cash Flow": -2537900000.0,
      "Cash Flow From Continuing Financing Activities": -2537900000.0,
      "Net Other Financing Charges": -48800000.0,
      "Proceeds From Stock Option Exercised": 2800000.0,
      "Cash Dividends Paid": -505300000.0,
      "Common Stock Dividend Paid": -505300000.0,
      "Net Common Stock Issuance": -538300000.0,
      "Common Stock Payments": -538300000.0,
      "Net Issuance Payments Of Debt": -1448300000.0,
      "Net Short Term Debt Issuance": null,
      "Short Term Debt Payments": null,
      "Short Term Debt Issuance": null,
      "Net Long Term Debt Issuance": -1448300000.0,
      "Long Term Debt Payments": -1448300000.0,
      "Long Term Debt Issuance": 0.0,
      "Investing Cash Flow": -1584100000.0,
      "Cash Flow From Continuing Investing Activities": -1589100000.0,
      "Net Other Investing Changes": 5000000.0,
      "Net Investment Purchase And Sale": 515600000.0,
      "Sale Of Investment": 520900000.0,
      "Purchase Of Investment": -5300000.0,
      "Net Business Purchase And Sale": 86800000.0,
      "Sale Of Business": 251300000.0,
      "Purchase Of Business": -164500000.0,
      "Net PPE Purchase And Sale": -2191500000.0,
      "Sale Of PPE": 135100000.0,
      "Purchase Of PPE": -2326600000.0,
      "Operating Cash Flow": 5037100000.0,
      "Cash Flow From Continuing Operating Activities": 5037100000.0,
      "Change In Working Capital": 135000000.0,
      "Change In Other Working Capital": null,
      "Change In Payables And Accrued Expense": -350100000.0,
      "Change In Payable": -350100000.0,
      "Change In Account Payable": -439400000.0,
      "Change In Tax Payable": 89300000.0,
      "Change In Income Tax Payable": 89300000.0,
      "Change In Prepaid Assets": -21800000.0,
      "Change In Inventory": 176800000.0,
      "Change In Receivables": 330100000.0,
      "Changes In Account Receivables": 330100000.0,
      "Other Non Cash Items": 88000000.0,
      "Unrealized Gain Loss On Investment Securities": 12900000.0,
      "Deferred Tax": 147500000.0,
      "Deferred Income Tax": 147500000.0,
      "Depreciation Amortization Depletion": 2111800000.0,
      "Depreciation And Amortization": 2111800000.0,
      "Depreciation": 2111800000.0,
      "Operating Gains Losses": -50500000.0,
      "Pension And Employee Benefit Expense": null,
      "Earnings Losses From Equity Investments": -1600000.0,
      "Gain Loss On Investment Securities": null,
      "Net Foreign Currency Exchange Gain Loss": -15500000.0,
      "Gain Loss On Sale Of PPE": -33400000.0,
      "Net Income From Continuing Operations": 2592400000.0
    },
    "2024-04-30T00:00:00": {
      "Free Cash Flow": 2874100000.0,
      "Repurchase Of Capital Stock": -1349400000.0,
      "Repayment Of Debt": -478900000.0,
      "Issuance Of Debt": 4444100000.0,
      "Capital Expenditure": -1943100000.0,
      "Interest Paid Supplemental Data": 491300000.0,
      "Income Tax Paid Supplemental Data": 770700000.0,
      "End Cash Position": 1309000000.0,
      "Beginning Cash Position": 834200000.0,
      "Effect Of Exchange Rate Changes": 56100000.0,
      "Changes In Cash": 418700000.0,
      "Financing Cash Flow": 2205400000.0,
      "Cash Flow From Continuing Financing Activities": 2205400000.0,
      "Net Other Financing Charges": 6800000.0,
      "Proceeds From Stock Option Exercised": 35800000.0,
      "Cash Dividends Paid": -453000000.0,
      "Common Stock Dividend Paid": -453000000.0,
      "Net Common Stock Issuance": -1349400000.0,
      "Common Stock Payments": -1349400000.0,
      "Net Issuance Payments Of Debt": 3965200000.0,
      "Net Short Term Debt Issuance": 549600000.0,
      "Short Term Debt Payments": null,
      "Short Term Debt Issuance": 549600000.0,
      "Net Long Term Debt Issuance": 3415600000.0,
      "Long Term Debt Payments": -478900000.0,
      "Long Term Debt Issuance": 3894500000.0,
      "Investing Cash Flow": -6603900000.0,
      "Cash Flow From Continuing Investing Activities": -6608100000.0,
      "Net Other Investing Changes": 4200000.0,
      "Net Investment Purchase And Sale": -454900000.0,
      "Sale Of Investment": 184200000.0,
      "Purchase Of Investment": -639100000.0,
      "Net Business Purchase And Sale": -4297200000.0,
      "Sale Of Business": 0.0,
      "Purchase Of Business": -4297200000.0,
      "Net PPE Purchase And Sale": -1856000000.0,
      "Sale Of PPE": 87100000.0,
      "Purchase Of PPE": -1943100000.0,
      "Operating Cash Flow": 4817200000.0,
      "Cash Flow From Continuing Operating Activities": 4817200000.0,
      "Change In Working Capital": 163100000.0,
      "Change In Other Working Capital": -119200000.0,
      "Change In Payables And Accrued Expense": 25900000.0,
      "Change In Payable": 25900000.0,
      "Change In Account Payable": 145100000.0,
      "Change In Tax Payable": -119200000.0,
      "Change In Income Tax Payable": -119200000.0,
      "Change In Prepaid Assets": 6200000.0,
      "Change In Inventory": 20600000.0,
      "Change In Receivables": 110400000.0,
      "Changes In Account Receivables": 110400000.0,
      "Other Non Cash Items": 36700000.0,
      "Unrealized Gain Loss On Investment Securities": 25000000.0,
      "Deferred Tax": 60500000.0,
      "Deferred Income Tax": 60500000.0,
      "Depreciation Amortization Depletion": 1765300000.0,
      "Depreciation And Amortization": 1765300000.0,
      "Depreciation": 1765300000.0,
      "Operating Gains Losses": 34400000.0,
      "Pension And Employee Benefit Expense": null,
      "Earnings Losses From Equity Investments": -2400000.0,
      "Gain Loss On Investment Securities": 50700000.0,
      "Net Foreign Currency Exchange Gain Loss": -16300000.0,
      "Gain Loss On Sale Of PPE": 2400000.0,
      "Net Income From Continuing Operations": 2732200000.0
    },
    "2023-04-30T00:00:00": {
      "Free Cash Flow": 2540800000.0,
      "Repurchase Of Capital Stock": -2392500000.0,
      "Repayment Of Debt": -584800000.0,
      "Issuance Of Debt": 0.0,
      "Capital Expenditure": -1803800000.0,
      "Interest Paid Supplemental Data": 353600000.0,
      "Income Tax Paid Supplemental Data": 794500000.0,
      "End Cash Position": 834200000.0,
      "Beginning Cash Position": 2143900000.0,
      "Effect Of Exchange Rate Changes": -29000000.0,
      "Changes In Cash": -1280700000.0,
      "Financing Cash Flow": -3349700000.0,
      "Cash Flow From Continuing Financing Activities": -3349700000.0,
      "Net Other Financing Charges": null,
      "Proceeds From Stock Option Exercised": 5300000.0,
      "Cash Dividends Paid": -377700000.0,
      "Common Stock Dividend Paid": null,
      "Net Common Stock Issuance": -2392500000.0,
      "Common Stock Payments": -2392500000.0,
      "Net Issuance Payments Of Debt": -584800000.0,
      "Net Short Term Debt Issuance": 0.0,
      "Short Term Debt Payments": null,
      "Short Term Debt Issuance": 0.0,
      "Net Long Term Debt Issuance": -584800000.0,
      "Long Term Debt Payments": -584800000.0,
      "Long Term Debt Issuance": 0.0,
      "Investing Cash Flow": -2275600000.0,
      "Cash Flow From Continuing Investing Activities": -2275600000.0,
      "Net Other Investing Changes": 5500000.0,
      "Net Investment Purchase And Sale": 138600000.0,
      "Sale Of Investment": 194200000.0,
      "Purchase Of Investment": -55600000.0,
      "Net Business Purchase And Sale": -878000000.0,
      "Sale Of Business": null,
      "Purchase Of Business": -878000000.0,
      "Net PPE Purchase And Sale": -1541700000.0,
      "Sale Of PPE": 262100000.0,
      "Purchase Of PPE": -1803800000.0,
      "Operating Cash Flow": 4344600000.0,
      "Cash Flow From Continuing Operating Activities": 4344600000.0,
      "Change In Working Capital": -315400000.0,
      "Change In Other Working Capital": -41300000.0,
      "Change In Payables And Accrued Expense": -577500000.0,
      "Change In Payable": -618800000.0,
      "Change In Account Payable": -577500000.0,
      "Change In Tax Payable": -41300000.0,
      "Change In Income Tax Payable": -41300000.0,
      "Change In Prepaid Assets": -5900000.0,
      "Change In Inventory": 202800000.0,
      "Change In Receivables": 106500000.0,
      "Changes In Account Receivables": 106500000.0,
      "Other Non Cash Items": 49700000.0,
      "Unrealized Gain Loss On Investment Securities": 30000000.0,
      "Deferred Tax": 80900000.0,
      "Deferred Income Tax": 80900000.0,
      "Depreciation Amortization Depletion": 1533500000.0,
      "Depreciation And Amortization": 1533500000.0,
      "Depreciation": 1533500000.0,
      "Operating Gains Losses": -125000000.0,
      "Pension And Employee Benefit Expense": null,
      "Earnings Losses From Equity Investments": 20800000.0,
      "Gain Loss On Investment Securities": -99200000.0,
      "Net Foreign Currency Exchange Gain Loss": 21000000.0,
      "Gain Loss On Sale Of PPE": -67600000.0,
      "Net Income From Continuing Operations": 3090900000.0
    },
    "2022-04-30T00:00:00": {
      "Free Cash Flow": 2280400000.0,
      "Repurchase Of Capital Stock": -1842300000.0,
      "Repayment Of Debt": -1712700000.0,
      "Issuance Of Debt": 990100000.0,
      "Capital Expenditure": -1664500000.0,
      "Interest Paid Supplemental Data": 329700000.0,
      "Income Tax Paid Supplemental Data": 714600000.0,
      "End Cash Position": 2143900000.0,
      "Beginning Cash Position": 3015800000.0,
      "Effect Of Exchange Rate Changes": -66300000.0,
      "Changes In Cash": -805600000.0,
      "Financing Cash Flow": -2951100000.0,
      "Cash Flow From Continuing Financing Activities": -2951100000.0,
      "Net Other Financing Charges": -56900000.0,
      "Proceeds From Stock Option Exercised": 800000.0,
      "Cash Dividends Paid": -330100000.0,
      "Common Stock Dividend Paid": null,
      "Net Common Stock Issuance": -1842300000.0,
      "Common Stock Payments": -1842300000.0,
      "Net Issuance Payments Of Debt": -722600000.0,
      "Net Short Term Debt Issuance": null,
      "Short Term Debt Payments": null,
      "Short Term Debt Issuance": null,
      "Net Long Term Debt Issuance": -722600000.0,
      "Long Term Debt Payments": -1712700000.0,
      "Long Term Debt Issuance": 990100000.0,
      "Investing Cash Flow": -1799400000.0,
      "Cash Flow From Continuing Investing Activities": -1799400000.0,
      "Net Other Investing Changes": -15900000.0,
      "Net Investment Purchase And Sale": -196700000.0,
      "Sale Of Investment": 0.0,
      "Purchase Of Investment": -196700000.0,
      "Net Business Purchase And Sale": -325600000.0,
      "Sale Of Business": null,
      "Purchase Of Business": -325600000.0,
      "Net PPE Purchase And Sale": -1261200000.0,
      "Sale Of PPE": 403300000.0,
      "Purchase Of PPE": -1664500000.0,
      "Operating Cash Flow": 3944900000.0,
      "Cash Flow From Continuing Operating Activities": 3944900000.0,
      "Change In Working Capital": -340500000.0,
      "Change In Other Working Capital": null,
      "Change In Payables And Accrued Expense": 1172000000.0,
      "Change In Payable": 1172000000.0,
      "Change In Account Payable": 1203300000.0,
      "Change In Tax Payable": -31300000.0,
      "Change In Income Tax Payable": -31300000.0,
      "Change In Prepaid Assets": -34500000.0,
      "Change In Inventory": -639200000.0,
      "Change In Receivables": -838800000.0,
      "Changes In Account Receivables": -838800000.0,
      "Other Non Cash Items": 53300000.0,
      "Unrealized Gain Loss On Investment Securities": -8900000.0,
      "Deferred Tax": 56700000.0,
      "Deferred Income Tax": 56700000.0,
      "Depreciation Amortization Depletion": 1549900000.0,
      "Depreciation And Amortization": 1549900000.0,
      "Depreciation": null,
      "Operating Gains Losses": -48900000.0,
      "Pension And Employee Benefit Expense": 12500000.0,
      "Earnings Losses From Equity Investments": 4400000.0,
      "Gain Loss On Investment Securities": 50600000.0,
      "Net Foreign Currency Exchange Gain Loss": 0.0,
      "Gain Loss On Sale Of PPE": -103900000.0,
      "Net Income From Continuing Operations": 2683300000.0
    },
    "2021-04-30T00:00:00": {
      "Free Cash Flow": null,
      "Repurchase Of Capital Stock": null,
      "Repayment Of Debt": null,
      "Issuance Of Debt": null,
      "Capital Expenditure": null,
      "Interest Paid Supplemental Data": null,
      "Income Tax Paid Supplemental Data": null,
      "End Cash Position": null,
      "Beginning Cash Position": null,
      "Effect Of Exchange Rate Changes": null,
      "Changes In Cash": null,
      "Financing Cash Flow": null,
      "Cash Flow From Continuing Financing Activities": null,
      "Net Other Financing Charges": null,
      "Proceeds From Stock Option Exercised": null,
      "Cash Dividends Paid": null,
      "Common Stock Dividend Paid": null,
      "Net Common Stock Issuance": null,
      "Common Stock Payments": null,
      "Net Issuance Payments Of Debt": null,
      "Net Short Term Debt Issuance": -1500000000.0,
      "Short Term Debt Payments": -1500000000.0,
      "Short Term Debt Issuance": 0.0,
      "Net Long Term Debt Issuance": null,
      "Long Term Debt Payments": null,
      "Long Term Debt Issuance": null,
      "Investing Cash Flow": null,
      "Cash Flow From Continuing Investing Activities": null,
      "Net Other Investing Changes": null,
      "Net Investment Purchase And Sale": null,
      "Sale Of Investment": null,
      "Purchase Of Investment": null,
      "Net Business Purchase And Sale": null,
      "Sale Of Business": null,
      "Purchase Of Business": null,
      "Net PPE Purchase And Sale": null,
      "Sale Of PPE": null,
      "Purchase Of PPE": null,
      "Operating Cash Flow": null,
      "Cash Flow From Continuing Operating Activities": null,
      "Change In Working Capital": null,
      "Change In Other Working Capital": null,
      "Change In Payables And Accrued Expense": null,
      "Change In Payable": null,
      "Change In Account Payable": null,
      "Change In Tax Payable": null,
      "Change In Income Tax Payable": null,
      "Change In Prepaid Assets": null,
      "Change In Inventory": null,
      "Change In Receivables": null,
      "Changes In Account Receivables": null,
      "Other Non Cash Items": null,
      "Unrealized Gain Loss On Investment Securities": null,
      "Deferred Tax": null,
      "Deferred Income Tax": null,
      "Depreciation Amortization Depletion": null,
      "Depreciation And Amortization": null,
      "Depreciation": null,
      "Operating Gains Losses": null,
      "Pension And Employee Benefit Expense": 44000000.0,
      "Earnings Losses From Equity Investments": null,
      "Gain Loss On Investment Securities": 32800000.0,
      "Net Foreign Currency Exchange Gain Loss": null,
      "Gain Loss On Sale Of PPE": null,
      "Net Income From Continuing Operations": null
    }
  },
  "earnings_estimate": {
    "avg": {
      "0q": 0.82945,
      "+1q": 0.5886,
      "0y": 2.96215,
      "+1y": 3.28052
    },
    "low": {
      "0q": 0.7,
      "+1q": 0.51,
      "0y": 2.77,
      "+1y": 2.97
    },
    "high": {
      "0q": 0.94,
      "+1q": 0.64,
      "0y": 3.09,
      "+1y": 3.46
    },
    "yearAgoEps": {
      "0q": 0.68,
      "+1q": 0.46,
      "0y": 2.71,
      "+1y": 2.96215
    },
    "numberOfAnalysts": {
      "0q": 13,
      "+1q": 13,
      "0y": 15,
      "+1y": 15
    },
    "growth": {
      "0q": 0.2198,
      "+1q": 0.2796,
      "0y": 0.093,
      "+1y": 0.1075
    }
  },
  "revenue_estimate": {
    "avg": {
      "0q": 22091610150,
      "+1q": 17294387380,
      "0y": 74738748240,
      "+1y": 77011560930
    },
    "low": {
      "0q": 21461000000,
      "+1q": 16552000000,
      "0y": 73225800000,
      "+1y": 73197000000
    },
    "high": {
      "0q": 22700000000,
      "+1q": 17728082100,
      "0y": 75837000000,
      "+1y": 82407937140
    },
    "numberOfAnalysts": {
      "0q": 10,
      "+1q": 10,
      "0y": 14,
      "+1y": 14
    },
    "yearAgoRevenue": {
      "0q": 20903500000,
      "+1q": 16270500000,
      "0y": 72856800000,
      "+1y": 74738748240
    },
    "growth": {
      "0q": 0.056799997,
      "+1q": 0.0629,
      "0y": 0.025799999,
      "+1y": 0.0304
    }
  },
  "growth_estimates": {
    "stockTrend": {
      "0q": 0.2198,
      "+1q": 0.2796,
      "0y": 0.093,
      "+1y": 0.1075,
      "LTG": null
    },
    "indexTrend": {
      "0q": 0.1273,
      "+1q": 0.103599995,
      "0y": 0.14310001,
      "+1y": 0.1557,
      "LTG": 0.122
    }
  },
  "revenue_forecasts": null,
  "dividend_rate": 0.86,
  "trailing_dividend_rate": 0.572
}