{
  "ticker": "AVGO",
  "name": "Broadcom",
  "country": "usa",
  "currency": "USD",
  "last_fetched": "2026-02-26T20:44:54.182090",
  "market_cap": 1503552602112,
  "revenue": 63886999552,
  "net_income": 23125999616,
  "pe_ratio": 66.20459,
  "forward_pe": 21.844177,
  "dividend_yield": 0.78,
  "profit_margin": 0.36198002,
  "roe": 0.31048,
  "debt_to_equity": 166.032,
  "beta": 1.221,
  "ev_to_ebitda": 4.741,
  "sector": "Technology",
  "industry": "Semiconductors",
  "summary": "Broadcom Inc. designs, develops, and supplies various semiconductor devices and infrastructure software solutions internationally. The company operates in two segments: Semiconductor Solutions and Infrastructure Software. The company offers networking connectivity, such as custom silicon solutions, ethernet switching & routing, ethernet NIC controllers, physical layer devices, and fiber optic components; wireless device connectivity, including RF semiconductor devices, connectivity solutions, custom touch controllers, and inductive charging ASICS; servers and storage system solutions, such as PCIE switches, SAS & raid products, fibre channel products, and HDD & SSD solutions; broadband solutions, includes set-top box, and broadband access; and industrial. The company also offers a private cloud software portfolio, including the VMware Cloud Foundation, Edge, vSphere foundation, telco cloud platform, private AI, live recovery, application networking and security, application development and data services; mainframe software, such as AIOPS & automation, database & data management, DEVX & DEVOPS, cybersecurity & compliance management, beyond code programs, foundational & open mainframe solutions; cybersecurity, such as endpoint, network, information, application security, and identity & access management; enterprise software; and fc san management. Its products are used in various applications in enterprise and data center networking, including artificial intelligence networking and connectivity, home connectivity, set-top boxes, broadband access, telecommunication equipment, wireless device and base stations, data center servers and storage systems, factory automation, power generation and alternative energy systems, and electronic displays. Broadcom Inc. was founded in 1961 and is headquartered in Palo Alto, California.",
  "website": "https://www.broadcom.com",
  "employees": 33000,
  "target_high": 535.0,
  "target_low": 335.0,
  "target_mean": 455.0997,
  "target_median": 458.0,
  "recommendation": "strong_buy",
  "num_analysts": 45,
  "income_stmt": {
    "2025-10-31T00:00:00": {
      "Tax Effect Of Unusual Items": -127680000.0,
      "Tax Rate For Calcs": 0.21,
      "Normalized EBITDA": 35322000000.0,
      "Total Unusual Items": -608000000.0,
      "Total Unusual Items Excluding Goodwill": -608000000.0,
      "Net Income From Continuing Operation Net Minority Interest": 23126000000.0,
      "Reconciled Depreciation": 8775000000.0,
      "Reconciled Cost Of Revenue": 13849000000.0,
      "EBITDA": 34714000000.0,
      "EBIT": 25939000000.0,
      "Net Interest Income": -2863000000.0,
      "Interest Expense": 3210000000.0,
      "Interest Income": 347000000.0,
      "Normalized Income": 23606320000.0,
      "Net Income From Continuing And Discontinued Operation": 23126000000.0,
      "Total Expenses": 37812000000.0,
      "Total Operating Income As Reported": 25484000000.0,
      "Diluted Average Shares": 4853000000.0,
      "Basic Average Shares": 4712000000.0,
      "Diluted EPS": 4.77,
      "Basic EPS": 4.91,
      "Diluted NI Availto Com Stockholders": 23126000000.0,
      "Net Income Common Stockholders": 23126000000.0,
      "Preferred Stock Dividends": null,
      "Net Income": 23126000000.0,
      "Net Income Including Noncontrolling Interests": 23126000000.0,
      "Net Income Discontinuous Operations": 0.0,
      "Net Income Continuous Operations": 23126000000.0,
      "Tax Provision": -397000000.0,
      "Pretax Income": 22729000000.0,
      "Other Income Expense": -483000000.0,
      "Other Non Operating Income Expenses": 125000000.0,
      "Special Income Charges": -591000000.0,
      "Restructuring And Mergern Acquisition": 591000000.0,
      "Gain On Sale Of Security": -17000000.0,
      "Net Non Operating Interest Income Expense": -2863000000.0,
      "Interest Expense Non Operating": 3210000000.0,
      "Interest Income Non Operating": 347000000.0,
      "Operating Income": 26075000000.0,
      "Operating Expense": 17219000000.0,
      "Depreciation Amortization Depletion Income Statement": 2031000000.0,
      "Depreciation And Amortization In Income Statement": 2031000000.0,
      "Amortization": 2031000000.0,
      "Amortization Of Intangibles Income Statement": 2031000000.0,
      "Research And Development": 10977000000.0,
      "Selling General And Administration": 4211000000.0,
      "Gross Profit": 43294000000.0,
      "Cost Of Revenue": 20593000000.0,
      "Total Revenue": 63887000000.0,
      "Operating Revenue": 63887000000.0
    },
    "2024-10-31T00:00:00": {
      "Tax Effect Of Unusual Items": -584010000.0,
      "Tax Rate For Calcs": 0.378,
      "Normalized EBITDA": 25424000000.0,
      "Total Unusual Items": -1545000000.0,
      "Total Unusual Items Excluding Goodwill": -1545000000.0,
      "Net Income From Continuing Operation Net Minority Interest": 6168000000.0,
      "Reconciled Depreciation": 10010000000.0,
      "Reconciled Cost Of Revenue": 12299000000.0,
      "EBITDA": 23879000000.0,
      "EBIT": 13869000000.0,
      "Net Interest Income": -3492000000.0,
      "Interest Expense": 3953000000.0,
      "Interest Income": 461000000.0,
      "Normalized Income": 7128990000.0,
      "Net Income From Continuing And Discontinued Operation": 5895000000.0,
      "Total Expenses": 36578000000.0,
      "Total Operating Income As Reported": 13463000000.0,
      "Diluted Average Shares": 4778000000.0,
      "Basic Average Shares": 4624000000.0,
      "Diluted EPS": 1.23,
      "Basic EPS": 1.27,
      "Diluted NI Availto Com Stockholders": 5895000000.0,
      "Net Income Common Stockholders": 5895000000.0,
      "Preferred Stock Dividends": null,
      "Net Income": 5895000000.0,
      "Net Income Including Noncontrolling Interests": 5895000000.0,
      "Net Income Discontinuous Operations": -273000000.0,
      "Net Income Continuous Operations": 6168000000.0,
      "Tax Provision": 3748000000.0,
      "Pretax Income": 9916000000.0,
      "Other Income Expense": -1588000000.0,
      "Other Non Operating Income Expenses": -43000000.0,
      "Special Income Charges": -1533000000.0,
      "Restructuring And Mergern Acquisition": 1533000000.0,
      "Gain On Sale Of Security": -12000000.0,
      "Net Non Operating Interest Income Expense": -3492000000.0,
      "Interest Expense Non Operating": 3953000000.0,
      "Interest Income Non Operating": 461000000.0,
      "Operating Income": 14996000000.0,
      "Operating Expense": 17513000000.0,
      "Depreciation Amortization Depletion Income Statement": 3244000000.0,
      "Depreciation And Amortization In Income Statement": 3244000000.0,
      "Amortization": 3244000000.0,
      "Amortization Of Intangibles Income Statement": 3244000000.0,
      "Research And Development": 9310000000.0,
      "Selling General And Administration": 4959000000.0,
      "Gross Profit": 32509000000.0,
      "Cost Of Revenue": 19065000000.0,
      "Total Revenue": 51574000000.0,
      "Operating Revenue": 51574000000.0
    },
    "2023-10-31T00:00:00": {
      "Tax Effect Of Unusual Items": -15611000.0,
      "Tax Rate For Calcs": 0.067,
      "Normalized EBITDA": 20787000000.0,
      "Total Unusual Items": -233000000.0,
      "Total Unusual Items Excluding Goodwill": -233000000.0,
      "Net Income From Continuing Operation Net Minority Interest": 14082000000.0,
      "Reconciled Depreciation": 3835000000.0,
      "Reconciled Cost Of Revenue": 8688000000.0,
      "EBITDA": 20554000000.0,
      "EBIT": 16719000000.0,
      "Net Interest Income": -1087000000.0,
      "Interest Expense": 1622000000.0,
      "Interest Income": 535000000.0,
      "Normalized Income": 14299389000.0,
      "Net Income From Continuing And Discontinued Operation": 14082000000.0,
      "Total Expenses": 19368000000.0,
      "Total Operating Income As Reported": 16207000000.0,
      "Diluted Average Shares": 4270000000.0,
      "Basic Average Shares": 4150000000.0,
      "Diluted EPS": 3.298,
      "Basic EPS": 3.393,
      "Diluted NI Availto Com Stockholders": 14082000000.0,
      "Net Income Common Stockholders": 14082000000.0,
      "Preferred Stock Dividends": null,
      "Net Income": 14082000000.0,
      "Net Income Including Noncontrolling Interests": 14082000000.0,
      "Net Income Discontinuous Operations": 0.0,
      "Net Income Continuous Operations": 14082000000.0,
      "Tax Provision": 1015000000.0,
      "Pretax Income": 15097000000.0,
      "Other Income Expense": -267000000.0,
      "Other Non Operating Income Expenses": -34000000.0,
      "Special Income Charges": -244000000.0,
      "Restructuring And Mergern Acquisition": 244000000.0,
      "Gain On Sale Of Security": 11000000.0,
      "Net Non Operating Interest Income Expense": -1087000000.0,
      "Interest Expense Non Operating": 1622000000.0,
      "Interest Income Non Operating": 535000000.0,
      "Operating Income": 16451000000.0,
      "Operating Expense": 8239000000.0,
      "Depreciation Amortization Depletion Income Statement": 1394000000.0,
      "Depreciation And Amortization In Income Statement": 1394000000.0,
      "Amortization": 1394000000.0,
      "Amortization Of Intangibles Income Statement": 1394000000.0,
      "Research And Development": 5253000000.0,
      "Selling General And Administration": 1592000000.0,
      "Gross Profit": 24690000000.0,
      "Cost Of Revenue": 11129000000.0,
      "Total Revenue": 35819000000.0,
      "Operating Revenue": 35819000000.0
    },
    "2022-10-31T00:00:00": {
      "Tax Effect Of Unusual Items": -16950000.0,
      "Tax Rate For Calcs": 0.075,
      "Normalized EBITDA": 19381000000.0,
      "Total Unusual Items": -226000000.0,
      "Total Unusual Items Excluding Goodwill": -226000000.0,
      "Net Income From Continuing Operation Net Minority Interest": 11495000000.0,
      "Reconciled Depreciation": 4984000000.0,
      "Reconciled Cost Of Revenue": 7636000000.0,
      "EBITDA": 19155000000.0,
      "EBIT": 14171000000.0,
      "Net Interest Income": -1637000000.0,
      "Interest Expense": 1737000000.0,
      "Interest Income": 100000000.0,
      "Normalized Income": 11704050000.0,
      "Net Income From Continuing And Discontinued Operation": 11495000000.0,
      "Total Expenses": 18921000000.0,
      "Total Operating Income As Reported": 14225000000.0,
      "Diluted Average Shares": 4230000000.0,
      "Basic Average Shares": 4090000000.0,
      "Diluted EPS": 2.653,
      "Basic EPS": 2.744,
      "Diluted NI Availto Com Stockholders": 11223000000.0,
      "Net Income Common Stockholders": 11223000000.0,
      "Preferred Stock Dividends": 272000000.0,
      "Net Income": 11495000000.0,
      "Net Income Including Noncontrolling Interests": 11495000000.0,
      "Net Income Discontinuous Operations": 0.0,
      "Net Income Continuous Operations": 11495000000.0,
      "Tax Provision": 939000000.0,
      "Pretax Income": 12434000000.0,
      "Other Income Expense": -211000000.0,
      "Other Non Operating Income Expenses": 15000000.0,
      "Special Income Charges": -57000000.0,
      "Restructuring And Mergern Acquisition": 57000000.0,
      "Gain On Sale Of Security": -169000000.0,
      "Net Non Operating Interest Income Expense": -1637000000.0,
      "Interest Expense Non Operating": 1737000000.0,
      "Interest Income Non Operating": 100000000.0,
      "Operating Income": 14282000000.0,
      "Operating Expense": 7813000000.0,
      "Depreciation Amortization Depletion Income Statement": 1512000000.0,
      "Depreciation And Amortization In Income Statement": 1512000000.0,
      "Amortization": 1512000000.0,
      "Amortization Of Intangibles Income Statement": 1512000000.0,
      "Research And Development": 4919000000.0,
      "Selling General And Administration": 1382000000.0,
      "Gross Profit": 22095000000.0,
      "Cost Of Revenue": 11108000000.0,
      "Total Revenue": 33203000000.0,
      "Operating Revenue": 33203000000.0
    },
    "2021-10-31T00:00:00": {
      "Tax Effect Of Unusual Items": null,
      "Tax Rate For Calcs": null,
      "Normalized EBITDA": null,
      "Total Unusual Items": null,
      "Total Unusual Items Excluding Goodwill": null,
      "Net Income From Continuing Operation Net Minority Interest": null,
      "Reconciled Depreciation": null,
      "Reconciled Cost Of Revenue": null,
      "EBITDA": null,
      "EBIT": null,
      "Net Interest Income": null,
      "Interest Expense": null,
      "Interest Income": null,
      "Normalized Income": null,
      "Net Income From Continuing And Discontinued Operation": null,
      "Total Expenses": null,
      "Total Operating Income As Reported": null,
      "Diluted Average Shares": null,
      "Basic Average Shares": null,
      "Diluted EPS": null,
      "Basic EPS": null,
      "Diluted NI Availto Com Stockholders": null,
      "Net Income Common Stockholders": null,
      "Preferred Stock Dividends": 299000000.0,
      "Net Income": null,
      "Net Income Including Noncontrolling Interests": null,
      "Net Income Discontinuous Operations": null,
      "Net Income Continuous Operations": null,
      "Tax Provision": null,
      "Pretax Income": null,
      "Other Income Expense": null,
      "Other Non Operating Income Expenses": null,
      "Special Income Charges": null,
      "Restructuring And Mergern Acquisition": null,
      "Gain On Sale Of Security": null,
      "Net Non Operating Interest Income Expense": null,
      "Interest Expense Non Operating": null,
      "Interest Income Non Operating": null,
      "Operating Income": null,
      "Operating Expense": null,
      "Depreciation Amortization Depletion Income Statement": null,
      "Depreciation And Amortization In Income Statement": null,
      "Amortization": null,
      "Amortization Of Intangibles Income Statement": null,
      "Research And Development": null,
      "Selling General And Administration": null,
      "Gross Profit": null,
      "Cost Of Revenue": null,
      "Total Revenue": null,
      "Operating Revenue": null
    }
  },
  "quarterly_income": {
    "2025-10-31T00:00:00": {
      "Tax Effect Of Unusual Items": -34230000.0,
      "Tax Rate For Calcs": 0.21,
      "Normalized EBITDA": 10026000000.0,
      "Total Unusual Items": -163000000.0,
      "Total Unusual Items Excluding Goodwill": -163000000.0,
      "Net Income From Continuing Operation Net Minority Interest": 8518000000.0,
      "Reconciled Depreciation": 2233000000.0,
      "Reconciled Cost Of Revenue": 4040000000.0,
      "EBITDA": 9863000000.0,
      "EBIT": 7630000000.0,
      "Net Interest Income": -414000000.0,
      "Interest Expense": 761000000.0,
      "Normalized Income": 8646770000.0,
      "Net Income From Continuing And Discontinued Operation": 8518000000.0,
      "Total Expenses": 10361000000.0,
      "Total Operating Income As Reported": 7508000000.0,
      "Diluted Average Shares": 4889000000.0,
      "Basic Average Shares": 4732000000.0,
      "Diluted EPS": 1.74,
      "Basic EPS": 1.8,
      "Diluted NI Availto Com Stockholders": 8518000000.0,
      "Net Income Common Stockholders": 8518000000.0,
      "Net Income": 8518000000.0,
      "Net Income Including Noncontrolling Interests": 8518000000.0,
      "Net Income Discontinuous Operations": 0.0,
      "Net Income Continuous Operations": 8518000000.0,
      "Tax Provision": -1649000000.0,
      "Pretax Income": 6869000000.0,
      "Other Income Expense": -371000000.0,
      "Other Non Operating Income Expenses": -208000000.0,
      "Special Income Charges": -146000000.0,
      "Restructuring And Mergern Acquisition": 146000000.0,
      "Net Non Operating Interest Income Expense": -414000000.0,
      "Interest Expense Non Operating": 761000000.0,
      "Operating Income": 7654000000.0,
      "Operating Expense": 4595000000.0,
      "Depreciation Amortization Depletion Income Statement": 507000000.0,
      "Depreciation And Amortization In Income Statement": 507000000.0,
      "Amortization": 507000000.0,
      "Amortization Of Intangibles Income Statement": 507000000.0,
      "Research And Development": 2981000000.0,
      "Selling General And Administration": 1107000000.0,
      "Gross Profit": 12249000000.0,
      "Cost Of Revenue": 5766000000.0,
      "Total Revenue": 18015000000.0,
      "Operating Revenue": 18015000000.0
    },
    "2025-07-31T00:00:00": {
      "Tax Effect Of Unusual Items": -40513718.070009,
      "Tax Rate For Calcs": 0.216651,
      "Normalized EBITDA": 8481000000.0,
      "Total Unusual Items": -187000000.0,
      "Total Unusual Items Excluding Goodwill": -187000000.0,
      "Net Income From Continuing Operation Net Minority Interest": 4140000000.0,
      "Reconciled Depreciation": 2202000000.0,
      "Reconciled Cost Of Revenue": 3554000000.0,
      "EBITDA": 8294000000.0,
      "EBIT": 6092000000.0,
      "Net Interest Income": -807000000.0,
      "Interest Expense": 807000000.0,
      "Normalized Income": 4286486281.929991,
      "Net Income From Continuing And Discontinued Operation": 4140000000.0,
      "Total Expenses": 9878000000.0,
      "Total Operating Income As Reported": 5887000000.0,
      "Diluted Average Shares": 4860000000.0,
      "Basic Average Shares": 4714000000.0,
      "Diluted EPS": 0.85,
      "Basic EPS": 0.88,
      "Diluted NI Availto Com Stockholders": 4140000000.0,
      "Net Income Common Stockholders": 4140000000.0,
      "Net Income": 4140000000.0,
      "Net Income Including Noncontrolling Interests": 4140000000.0,
      "Net Income Discontinuous Operations": 0.0,
      "Net Income Continuous Operations": 4140000000.0,
      "Tax Provision": 1145000000.0,
      "Pretax Income": 5285000000.0,
      "Other Income Expense": 18000000.0,
      "Other Non Operating Income Expenses": 205000000.0,
      "Special Income Charges": -187000000.0,
      "Restructuring And Mergern Acquisition": 187000000.0,
      "Net Non Operating Interest Income Expense": -807000000.0,
      "Interest Expense Non Operating": 807000000.0,
      "Operating Income": 6074000000.0,
      "Operating Expense": 4629000000.0,
      "Depreciation Amortization Depletion Income Statement": 507000000.0,
      "Depreciation And Amortization In Income Statement": 507000000.0,
      "Amortization": 507000000.0,
      "Amortization Of Intangibles Income Statement": 507000000.0,
      "Research And Development": 3050000000.0,
      "Selling General And Administration": 1072000000.0,
      "Gross Profit": 10703000000.0,
      "Cost Of Revenue": 5249000000.0,
      "Total Revenue": 15952000000.0,
      "Operating Revenue": 15952000000.0
    },
    "2025-04-30T00:00:00": {
      "Tax Effect Of Unusual Items": -2029498.525074,
      "Tax Rate For Calcs": 0.023599,
      "Normalized EBITDA": 8106000000.0,
      "Total Unusual Items": -86000000.0,
      "Total Unusual Items Excluding Goodwill": -86000000.0,
      "Net Income From Continuing Operation Net Minority Interest": 4965000000.0,
      "Reconciled Depreciation": 2166000000.0,
      "Reconciled Cost Of Revenue": 3147000000.0,
      "EBITDA": 8020000000.0,
      "EBIT": 5854000000.0,
      "Net Interest Income": -769000000.0,
      "Interest Expense": 769000000.0,
      "Normalized Income": 5048970501.474926,
      "Net Income From Continuing And Discontinued Operation": 4965000000.0,
      "Total Expenses": 9089000000.0,
      "Total Operating Income As Reported": 5829000000.0,
      "Diluted Average Shares": 4826000000.0,
      "Basic Average Shares": 4707000000.0,
      "Diluted EPS": 1.03,
      "Basic EPS": 1.05,
      "Diluted NI Availto Com Stockholders": 4965000000.0,
      "Net Income Common Stockholders": 4965000000.0,
      "Net Income": 4965000000.0,
      "Net Income Including Noncontrolling Interests": 4965000000.0,
      "Net Income Discontinuous Operations": 0.0,
      "Net Income Continuous Operations": 4965000000.0,
      "Tax Provision": 120000000.0,
      "Pretax Income": 5085000000.0,
      "Other Income Expense": -61000000.0,
      "Other Non Operating Income Expenses": 25000000.0,
      "Special Income Charges": -86000000.0,
      "Restructuring And Mergern Acquisition": 86000000.0,
      "Net Non Operating Interest Income Expense": -769000000.0,
      "Interest Expense Non Operating": 769000000.0,
      "Operating Income": 5915000000.0,
      "Operating Expense": 4282000000.0,
      "Depreciation Amortization Depletion Income Statement": 506000000.0,
      "Depreciation And Amortization In Income Statement": 506000000.0,
      "Amortization": 506000000.0,
      "Amortization Of Intangibles Income Statement": 506000000.0,
      "Research And Development": 2693000000.0,
      "Selling General And Administration": 1083000000.0,
      "Gross Profit": 10197000000.0,
      "Cost Of Revenue": 4807000000.0,
      "Total Revenue": 15004000000.0,
      "Operating Revenue": 15004000000.0
    },
    "2025-01-31T00:00:00": {
      "Tax Effect Of Unusual Items": -36120000.0,
      "Tax Rate For Calcs": 0.21,
      "Normalized EBITDA": 8709000000.0,
      "Total Unusual Items": -172000000.0,
      "Total Unusual Items Excluding Goodwill": -172000000.0,
      "Net Income From Continuing Operation Net Minority Interest": 5503000000.0,
      "Reconciled Depreciation": 2174000000.0,
      "Reconciled Cost Of Revenue": 3108000000.0,
      "EBITDA": 8537000000.0,
      "EBIT": 6363000000.0,
      "Net Interest Income": -873000000.0,
      "Interest Expense": 873000000.0,
      "Normalized Income": 5638880000.0,
      "Net Income From Continuing And Discontinued Operation": 5503000000.0,
      "Total Expenses": 8484000000.0,
      "Total Operating Income As Reported": 6260000000.0,
      "Diluted Average Shares": 4836000000.0,
      "Basic Average Shares": 4695000000.0,
      "Diluted EPS": 1.14,
      "Basic EPS": 1.17,
      "Diluted NI Availto Com Stockholders": 5503000000.0,
      "Net Income Common Stockholders": 5503000000.0,
      "Net Income": 5503000000.0,
      "Net Income Including Noncontrolling Interests": 5503000000.0,
      "Net Income Discontinuous Operations": 0.0,
      "Net Income Continuous Operations": 5503000000.0,
      "Tax Provision": -13000000.0,
      "Pretax Income": 5490000000.0,
      "Other Income Expense": -69000000.0,
      "Other Non Operating Income Expenses": 103000000.0,
      "Special Income Charges": -172000000.0,
      "Restructuring And Mergern Acquisition": 172000000.0,
      "Net Non Operating Interest Income Expense": -873000000.0,
      "Interest Expense Non Operating": 873000000.0,
      "Operating Income": 6432000000.0,
      "Operating Expense": 3713000000.0,
      "Depreciation Amortization Depletion Income Statement": 511000000.0,
      "Depreciation And Amortization In Income Statement": 511000000.0,
      "Amortization": 511000000.0,
      "Amortization Of Intangibles Income Statement": 511000000.0,
      "Research And Development": 2253000000.0,
      "Selling General And Administration": 949000000.0,
      "Gross Profit": 10145000000.0,
      "Cost Of Revenue": 4771000000.0,
      "Total Revenue": 14916000000.0,
      "Operating Revenue": 14916000000.0
    },
    "2024-10-31T00:00:00": {
      "Tax Effect Of Unusual Items": -69300000.0,
      "Tax Rate For Calcs": 0.21,
      "Normalized EBITDA": 7620000000.0,
      "Total Unusual Items": -330000000.0,
      "Total Unusual Items Excluding Goodwill": -330000000.0,
      "Net Income From Continuing Operation Net Minority Interest": 4205000000.0,
      "Reconciled Depreciation": 2611000000.0,
      "Reconciled Cost Of Revenue": 3254000000.0,
      "EBITDA": 7290000000.0,
      "EBIT": 4679000000.0,
      "Net Interest Income": -455000000.0,
      "Interest Expense": 916000000.0,
      "Normalized Income": 4465700000.0,
      "Net Income From Continuing And Discontinued Operation": 4324000000.0,
      "Total Expenses": 9109000000.0,
      "Total Operating Income As Reported": 4627000000.0,
      "Diluted Average Shares": 4828000000.0,
      "Basic Average Shares": 4679000000.0,
      "Diluted EPS": 0.9,
      "Basic EPS": 0.92,
      "Diluted NI Availto Com Stockholders": 4324000000.0,
      "Net Income Common Stockholders": 4324000000.0,
      "Net Income": 4324000000.0,
      "Net Income Including Noncontrolling Interests": 4324000000.0,
      "Net Income Discontinuous Operations": 119000000.0,
      "Net Income Continuous Operations": 4205000000.0,
      "Tax Provision": -442000000.0,
      "Pretax Income": 3763000000.0,
      "Other Income Expense": -727000000.0,
      "Other Non Operating Income Expenses": -397000000.0,
      "Special Income Charges": -318000000.0,
      "Restructuring And Mergern Acquisition": 318000000.0,
      "Net Non Operating Interest Income Expense": -455000000.0,
      "Interest Expense Non Operating": 916000000.0,
      "Operating Income": 4945000000.0,
      "Operating Expense": 4057000000.0,
      "Depreciation Amortization Depletion Income Statement": 813000000.0,
      "Depreciation And Amortization In Income Statement": 813000000.0,
      "Amortization": 813000000.0,
      "Amortization Of Intangibles Income Statement": 813000000.0,
      "Research And Development": 2234000000.0,
      "Selling General And Administration": 1010000000.0,
      "Gross Profit": 9002000000.0,
      "Cost Of Revenue": 5052000000.0,
      "Total Revenue": 14054000000.0,
      "Operating Revenue": 14054000000.0
    }
  },
  "balance_sheet": {
    "2025-10-31T00:00:00": {
      "Treasury Shares Number": null,
      "Preferred Shares Number": null,
      "Ordinary Shares Number": 4741000000.0,
      "Share Issued": 4741000000.0,
      "Net Debt": 48958000000.0,
      "Total Debt": 65136000000.0,
      "Tangible Book Value": -48782000000.0,
      "Invested Capital": 146428000000.0,
      "Working Capital": 13059000000.0,
      "Net Tangible Assets": -48782000000.0,
      "Capital Lease Obligations": 0.0,
      "Common Stock Equity": 81292000000.0,
      "Preferred Stock Equity": null,
      "Total Capitalization": 143276000000.0,
      "Total Equity Gross Minority Interest": 81292000000.0,
      "Stockholders Equity": 81292000000.0,
      "Gains Losses Not Affecting Retained Earnings": 218000000.0,
      "Other Equity Adjustments": 218000000.0,
      "Retained Earnings": 9761000000.0,
      "Additional Paid In Capital": 71308000000.0,
      "Capital Stock": 5000000.0,
      "Common Stock": 5000000.0,
      "Preferred Stock": 0.0,
      "Total Liabilities Net Minority Interest": 89800000000.0,
      "Total Non Current Liabilities Net Minority Interest": 71286000000.0,
      "Other Non Current Liabilities": 1423000000.0,
      "Tradeand Other Payables Non Current": 1628000000.0,
      "Non Current Deferred Liabilities": 6251000000.0,
      "Non Current Deferred Revenue": 3547000000.0,
      "Non Current Deferred Taxes Liabilities": 2704000000.0,
      "Long Term Debt And Capital Lease Obligation": 61984000000.0,
      "Long Term Capital Lease Obligation": 0.0,
      "Long Term Debt": 61984000000.0,
      "Current Liabilities": 18514000000.0,
      "Other Current Liabilities": 663000000.0,
      "Current Deferred Liabilities": 9469000000.0,
      "Current Deferred Revenue": 9469000000.0,
      "Current Debt And Capital Lease Obligation": 3152000000.0,
      "Current Capital Lease Obligation": 0.0,
      "Current Debt": 3152000000.0,
      "Other Current Borrowings": 3152000000.0,
      "Pensionand Other Post Retirement Benefit Plans Current": 2129000000.0,
      "Payables And Accrued Expenses": 3101000000.0,
      "Current Accrued Expenses": 620000000.0,
      "Interest Payable": 620000000.0,
      "Payables": 2481000000.0,
      "Total Tax Payable": 921000000.0,
      "Accounts Payable": 1560000000.0,
      "Total Assets": 171092000000.0,
      "Total Non Current Assets": 139519000000.0,
      "Other Non Current Assets": 6915000000.0,
      "Goodwill And Other Intangible Assets": 130074000000.0,
      "Other Intangible Assets": 32273000000.0,
      "Goodwill": 97801000000.0,
      "Net PPE": 2530000000.0,
      "Accumulated Depreciation": -4896000000.0,
      "Gross PPE": 7426000000.0,
      "Construction In Progress": 78000000.0,
      "Machinery Furniture Equipment": 5656000000.0,
      "Buildings And Improvements": 1488000000.0,
      "Land And Improvements": 204000000.0,
      "Properties": 0.0,
      "Current Assets": 31573000000.0,
      "Other Current Assets": 457000000.0,
      "Prepaid Assets": 518000000.0,
      "Inventory": 2270000000.0,
      "Finished Goods": 682000000.0,
      "Work In Process": 1280000000.0,
      "Raw Materials": 308000000.0,
      "Receivables": 12150000000.0,
      "Other Receivables": 5005000000.0,
      "Accounts Receivable": 7145000000.0,
      "Allowance For Doubtful Accounts Receivable": null,
      "Gross Accounts Receivable": null,
      "Cash Cash Equivalents And Short Term Investments": 16178000000.0,
      "Cash And Cash Equivalents": 16178000000.0
    },
    "2024-10-31T00:00:00": {
      "Treasury Shares Number": null,
      "Preferred Shares Number": null,
      "Ordinary Shares Number": 4686000000.0,
      "Share Issued": 4686000000.0,
      "Net Debt": 58179000000.0,
      "Total Debt": 67566000000.0,
      "Tangible Book Value": -70778000000.0,
      "Invested Capital": 135205000000.0,
      "Working Capital": 2898000000.0,
      "Net Tangible Assets": -70778000000.0,
      "Capital Lease Obligations": 39000000.0,
      "Common Stock Equity": 67678000000.0,
      "Preferred Stock Equity": null,
      "Total Capitalization": 133960000000.0,
      "Total Equity Gross Minority Interest": 67678000000.0,
      "Stockholders Equity": 67678000000.0,
      "Gains Losses Not Affecting Retained Earnings": 207000000.0,
      "Other Equity Adjustments": 207000000.0,
      "Retained Earnings": 0.0,
      "Additional Paid In Capital": 67466000000.0,
      "Capital Stock": 5000000.0,
      "Common Stock": 5000000.0,
      "Preferred Stock": 0.0,
      "Total Liabilities Net Minority Interest": 97967000000.0,
      "Total Non Current Liabilities Net Minority Interest": 81270000000.0,
      "Other Non Current Liabilities": 1503000000.0,
      "Tradeand Other Payables Non Current": 3669000000.0,
      "Non Current Deferred Liabilities": 9803000000.0,
      "Non Current Deferred Revenue": 5100000000.0,
      "Non Current Deferred Taxes Liabilities": 4703000000.0,
      "Long Term Debt And Capital Lease Obligation": 66295000000.0,
      "Long Term Capital Lease Obligation": 13000000.0,
      "Long Term Debt": 66282000000.0,
      "Current Liabilities": 16697000000.0,
      "Other Current Liabilities": 1143000000.0,
      "Current Deferred Liabilities": 9395000000.0,
      "Current Deferred Revenue": 9395000000.0,
      "Current Debt And Capital Lease Obligation": 1271000000.0,
      "Current Capital Lease Obligation": 26000000.0,
      "Current Debt": 1245000000.0,
      "Other Current Borrowings": 1245000000.0,
      "Pensionand Other Post Retirement Benefit Plans Current": 1971000000.0,
      "Payables And Accrued Expenses": 2917000000.0,
      "Current Accrued Expenses": 535000000.0,
      "Interest Payable": 535000000.0,
      "Payables": 2382000000.0,
      "Total Tax Payable": 720000000.0,
      "Accounts Payable": 1662000000.0,
      "Total Assets": 165645000000.0,
      "Total Non Current Assets": 146050000000.0,
      "Other Non Current Assets": 5073000000.0,
      "Goodwill And Other Intangible Assets": 138456000000.0,
      "Other Intangible Assets": 40583000000.0,
      "Goodwill": 97873000000.0,
      "Net PPE": 2521000000.0,
      "Accumulated Depreciation": -4504000000.0,
      "Gross PPE": 7025000000.0,
      "Construction In Progress": 57000000.0,
      "Machinery Furniture Equipment": 5246000000.0,
      "Buildings And Improvements": 1518000000.0,
      "Land And Improvements": 204000000.0,
      "Properties": 0.0,
      "Current Assets": 19595000000.0,
      "Other Current Assets": 764000000.0,
      "Prepaid Assets": 1391000000.0,
      "Inventory": 1760000000.0,
      "Finished Goods": 504000000.0,
      "Work In Process": 970000000.0,
      "Raw Materials": 286000000.0,
      "Receivables": 6332000000.0,
      "Other Receivables": 1916000000.0,
      "Accounts Receivable": 4416000000.0,
      "Allowance For Doubtful Accounts Receivable": null,
      "Gross Accounts Receivable": null,
      "Cash Cash Equivalents And Short Term Investments": 9348000000.0,
      "Cash And Cash Equivalents": 9348000000.0
    },
    "2023-10-31T00:00:00": {
      "Treasury Shares Number": 0.0,
      "Preferred Shares Number": null,
      "Ordinary Shares Number": 4140000000.0,
      "Share Issued": 4140000000.0,
      "Net Debt": 24991000000.0,
      "Total Debt": 39229000000.0,
      "Tangible Book Value": -23532000000.0,
      "Invested Capital": 63168000000.0,
      "Working Capital": 13442000000.0,
      "Net Tangible Assets": -23532000000.0,
      "Capital Lease Obligations": 49000000.0,
      "Common Stock Equity": 23988000000.0,
      "Preferred Stock Equity": null,
      "Total Capitalization": 61605000000.0,
      "Total Equity Gross Minority Interest": 23988000000.0,
      "Stockholders Equity": 23988000000.0,
      "Gains Losses Not Affecting Retained Earnings": 207000000.0,
      "Other Equity Adjustments": 207000000.0,
      "Retained Earnings": 2682000000.0,
      "Additional Paid In Capital": 21095000000.0,
      "Capital Stock": 4000000.0,
      "Common Stock": 4000000.0,
      "Preferred Stock": 0.0,
      "Total Liabilities Net Minority Interest": 48873000000.0,
      "Total Non Current Liabilities Net Minority Interest": 41468000000.0,
      "Other Non Current Liabilities": 657000000.0,
      "Tradeand Other Payables Non Current": 2792000000.0,
      "Non Current Deferred Liabilities": 398000000.0,
      "Non Current Deferred Revenue": 299000000.0,
      "Non Current Deferred Taxes Liabilities": 99000000.0,
      "Long Term Debt And Capital Lease Obligation": 37621000000.0,
      "Long Term Capital Lease Obligation": 4000000.0,
      "Long Term Debt": 37617000000.0,
      "Current Liabilities": 7405000000.0,
      "Other Current Liabilities": 312000000.0,
      "Current Deferred Liabilities": 2487000000.0,
      "Current Deferred Revenue": 2487000000.0,
      "Current Debt And Capital Lease Obligation": 1608000000.0,
      "Current Capital Lease Obligation": 45000000.0,
      "Current Debt": 1563000000.0,
      "Other Current Borrowings": 1563000000.0,
      "Pensionand Other Post Retirement Benefit Plans Current": 935000000.0,
      "Payables And Accrued Expenses": 2063000000.0,
      "Current Accrued Expenses": 380000000.0,
      "Interest Payable": 380000000.0,
      "Payables": 1683000000.0,
      "Total Tax Payable": 473000000.0,
      "Accounts Payable": 1210000000.0,
      "Total Assets": 72861000000.0,
      "Total Non Current Assets": 52014000000.0,
      "Other Non Current Assets": 2340000000.0,
      "Goodwill And Other Intangible Assets": 47520000000.0,
      "Other Intangible Assets": 3867000000.0,
      "Goodwill": 43653000000.0,
      "Net PPE": 2154000000.0,
      "Accumulated Depreciation": -4024000000.0,
      "Gross PPE": 6178000000.0,
      "Construction In Progress": 63000000.0,
      "Machinery Furniture Equipment": 4739000000.0,
      "Buildings And Improvements": 1181000000.0,
      "Land And Improvements": 195000000.0,
      "Properties": 0.0,
      "Current Assets": 20847000000.0,
      "Other Current Assets": 364000000.0,
      "Prepaid Assets": 743000000.0,
      "Inventory": 1898000000.0,
      "Finished Goods": 676000000.0,
      "Work In Process": 901000000.0,
      "Raw Materials": 321000000.0,
      "Receivables": 3653000000.0,
      "Other Receivables": 499000000.0,
      "Accounts Receivable": 3154000000.0,
      "Allowance For Doubtful Accounts Receivable": null,
      "Gross Accounts Receivable": null,
      "Cash Cash Equivalents And Short Term Investments": 14189000000.0,
      "Cash And Cash Equivalents": 14189000000.0
    },
    "2022-10-31T00:00:00": {
      "Treasury Shares Number": null,
      "Preferred Shares Number": null,
      "Ordinary Shares Number": 4180000000.0,
      "Share Issued": 4180000000.0,
      "Net Debt": 27040000000.0,
      "Total Debt": 39515000000.0,
      "Tangible Book Value": -28016000000.0,
      "Invested Capital": 62165000000.0,
      "Working Capital": 11452000000.0,
      "Net Tangible Assets": -28016000000.0,
      "Capital Lease Obligations": 59000000.0,
      "Common Stock Equity": 22709000000.0,
      "Preferred Stock Equity": null,
      "Total Capitalization": 61762000000.0,
      "Total Equity Gross Minority Interest": 22709000000.0,
      "Stockholders Equity": 22709000000.0,
      "Gains Losses Not Affecting Retained Earnings": -54000000.0,
      "Other Equity Adjustments": -54000000.0,
      "Retained Earnings": 1604000000.0,
      "Additional Paid In Capital": 21159000000.0,
      "Capital Stock": 0.0,
      "Common Stock": 0.0,
      "Preferred Stock": 0.0,
      "Total Liabilities Net Minority Interest": 50540000000.0,
      "Total Non Current Liabilities Net Minority Interest": 43488000000.0,
      "Other Non Current Liabilities": 774000000.0,
      "Tradeand Other Payables Non Current": 3229000000.0,
      "Non Current Deferred Liabilities": 410000000.0,
      "Non Current Deferred Revenue": 410000000.0,
      "Non Current Deferred Taxes Liabilities": null,
      "Long Term Debt And Capital Lease Obligation": 39075000000.0,
      "Long Term Capital Lease Obligation": 22000000.0,
      "Long Term Debt": 39053000000.0,
      "Current Liabilities": 7052000000.0,
      "Other Current Liabilities": 408000000.0,
      "Current Deferred Liabilities": 2931000000.0,
      "Current Deferred Revenue": 2931000000.0,
      "Current Debt And Capital Lease Obligation": 440000000.0,
      "Current Capital Lease Obligation": 37000000.0,
      "Current Debt": 403000000.0,
      "Other Current Borrowings": 403000000.0,
      "Pensionand Other Post Retirement Benefit Plans Current": 1202000000.0,
      "Payables And Accrued Expenses": 2071000000.0,
      "Current Accrued Expenses": 393000000.0,
      "Interest Payable": 393000000.0,
      "Payables": 1678000000.0,
      "Total Tax Payable": 680000000.0,
      "Accounts Payable": 998000000.0,
      "Total Assets": 73249000000.0,
      "Total Non Current Assets": 54745000000.0,
      "Other Non Current Assets": 1797000000.0,
      "Goodwill And Other Intangible Assets": 50725000000.0,
      "Other Intangible Assets": 7111000000.0,
      "Goodwill": 43614000000.0,
      "Net PPE": 2223000000.0,
      "Accumulated Depreciation": -3604000000.0,
      "Gross PPE": 5827000000.0,
      "Construction In Progress": 63000000.0,
      "Machinery Furniture Equipment": 4413000000.0,
      "Buildings And Improvements": 1156000000.0,
      "Land And Improvements": 195000000.0,
      "Properties": 0.0,
      "Current Assets": 18504000000.0,
      "Other Current Assets": 341000000.0,
      "Prepaid Assets": 864000000.0,
      "Inventory": 1925000000.0,
      "Finished Goods": 780000000.0,
      "Work In Process": 966000000.0,
      "Raw Materials": 179000000.0,
      "Receivables": 2958000000.0,
      "Other Receivables": null,
      "Accounts Receivable": 2958000000.0,
      "Allowance For Doubtful Accounts Receivable": null,
      "Gross Accounts Receivable": null,
      "Cash Cash Equivalents And Short Term Investments": 12416000000.0,
      "Cash And Cash Equivalents": 12416000000.0
    },
    "2021-10-31T00:00:00": {
      "Treasury Shares Number": null,
      "Preferred Shares Number": 4000000.0,
      "Ordinary Shares Number": null,
      "Share Issued": null,
      "Net Debt": null,
      "Total Debt": null,
      "Tangible Book Value": null,
      "Invested Capital": null,
      "Working Capital": null,
      "Net Tangible Assets": null,
      "Capital Lease Obligations": null,
      "Common Stock Equity": null,
      "Preferred Stock Equity": 27000000.0,
      "Total Capitalization": null,
      "Total Equity Gross Minority Interest": null,
      "Stockholders Equity": null,
      "Gains Losses Not Affecting Retained Earnings": null,
      "Other Equity Adjustments": null,
      "Retained Earnings": null,
      "Additional Paid In Capital": null,
      "Capital Stock": null,
      "Common Stock": null,
      "Preferred Stock": null,
      "Total Liabilities Net Minority Interest": null,
      "Total Non Current Liabilities Net Minority Interest": null,
      "Other Non Current Liabilities": null,
      "Tradeand Other Payables Non Current": null,
      "Non Current Deferred Liabilities": null,
      "Non Current Deferred Revenue": null,
      "Non Current Deferred Taxes Liabilities": null,
      "Long Term Debt And Capital Lease Obligation": null,
      "Long Term Capital Lease Obligation": null,
      "Long Term Debt": null,
      "Current Liabilities": null,
      "Other Current Liabilities": null,
      "Current Deferred Liabilities": null,
      "Current Deferred Revenue": null,
      "Current Debt And Capital Lease Obligation": null,
      "Current Capital Lease Obligation": null,
      "Current Debt": null,
      "Other Current Borrowings": null,
      "Pensionand Other Post Retirement Benefit Plans Current": null,
      "Payables And Accrued Expenses": null,
      "Current Accrued Expenses": null,
      "Interest Payable": null,
      "Payables": null,
      "Total Tax Payable": null,
      "Accounts Payable": null,
      "Total Assets": null,
      "Total Non Current Assets": null,
      "Other Non Current Assets": null,
      "Goodwill And Other Intangible Assets": null,
      "Other Intangible Assets": null,
      "Goodwill": null,
      "Net PPE": null,
      "Accumulated Depreciation": null,
      "Gross PPE": null,
      "Construction In Progress": null,
      "Machinery Furniture Equipment": null,
      "Buildings And Improvements": null,
      "Land And Improvements": null,
      "Properties": null,
      "Current Assets": null,
      "Other Current Assets": null,
      "Prepaid Assets": null,
      "Inventory": null,
      "Finished Goods": null,
      "Work In Process": null,
      "Raw Materials": null,
      "Receivables": null,
      "Other Receivables": null,
      "Accounts Receivable": null,
      "Allowance For Doubtful Accounts Receivable": -2597000000.0,
      "Gross Accounts Receivable": 4668000000.0,
      "Cash Cash Equivalents And Short Term Investments": null,
      "Cash And Cash Equivalents": null
    }
  },
  "cashflow": {
    "2025-10-31T00:00:00": {
      "Free Cash Flow": 26914000000.0,
      "Repurchase Of Capital Stock": -6310000000.0,
      "Repayment Of Debt": -18478000000.0,
      "Issuance Of Debt": 15666000000.0,
      "Issuance Of Capital Stock": 221000000.0,
      "Capital Expenditure": -623000000.0,
      "Interest Paid Supplemental Data": 2672000000.0,
      "Income Tax Paid Supplemental Data": 2589000000.0,
      "End Cash Position": 16178000000.0,
      "Beginning Cash Position": 9348000000.0,
      "Changes In Cash": 6830000000.0,
      "Financing Cash Flow": -20127000000.0,
      "Cash Flow From Continuing Financing Activities": -20127000000.0,
      "Net Other Financing Charges": -84000000.0,
      "Cash Dividends Paid": -11142000000.0,
      "Net Preferred Stock Issuance": null,
      "Preferred Stock Issuance": null,
      "Net Common Stock Issuance": -6089000000.0,
      "Common Stock Payments": -6310000000.0,
      "Common Stock Issuance": 221000000.0,
      "Net Issuance Payments Of Debt": -2812000000.0,
      "Net Long Term Debt Issuance": -2812000000.0,
      "Long Term Debt Payments": -18478000000.0,
      "Long Term Debt Issuance": 15666000000.0,
      "Investing Cash Flow": -580000000.0,
      "Cash Flow From Continuing Investing Activities": -580000000.0,
      "Net Other Investing Changes": 92000000.0,
      "Net Investment Purchase And Sale": -349000000.0,
      "Sale Of Investment": 248000000.0,
      "Purchase Of Investment": -597000000.0,
      "Net Business Purchase And Sale": 300000000.0,
      "Sale Of Business": 300000000.0,
      "Purchase Of Business": 0.0,
      "Net PPE Purchase And Sale": -623000000.0,
      "Sale Of PPE": null,
      "Purchase Of PPE": -623000000.0,
      "Operating Cash Flow": 27537000000.0,
      "Cash Flow From Continuing Operating Activities": 27537000000.0,
      "Change In Working Capital": -8500000000.0,
      "Change In Other Working Capital": -5155000000.0,
      "Change In Payables And Accrued Expense": -118000000.0,
      "Change In Payable": -118000000.0,
      "Change In Account Payable": -118000000.0,
      "Change In Inventory": -510000000.0,
      "Change In Receivables": -2717000000.0,
      "Changes In Account Receivables": -2717000000.0,
      "Other Non Cash Items": 438000000.0,
      "Stock Based Compensation": 7568000000.0,
      "Deferred Tax": -4008000000.0,
      "Deferred Income Tax": -4008000000.0,
      "Depreciation Amortization Depletion": 8775000000.0,
      "Depreciation And Amortization": 8775000000.0,
      "Amortization Cash Flow": 8201000000.0,
      "Amortization Of Intangibles": 8201000000.0,
      "Depreciation": 574000000.0,
      "Operating Gains Losses": 138000000.0,
      "Net Income From Continuing Operations": 23126000000.0
    },
    "2024-10-31T00:00:00": {
      "Free Cash Flow": 19414000000.0,
      "Repurchase Of Capital Stock": -12392000000.0,
      "Repayment Of Debt": -19608000000.0,
      "Issuance Of Debt": 39954000000.0,
      "Issuance Of Capital Stock": 190000000.0,
      "Capital Expenditure": -548000000.0,
      "Interest Paid Supplemental Data": 3250000000.0,
      "Income Tax Paid Supplemental Data": 3155000000.0,
      "End Cash Position": 9348000000.0,
      "Beginning Cash Position": 14189000000.0,
      "Changes In Cash": -4841000000.0,
      "Financing Cash Flow": -1733000000.0,
      "Cash Flow From Continuing Financing Activities": -1733000000.0,
      "Net Other Financing Charges": -63000000.0,
      "Cash Dividends Paid": -9814000000.0,
      "Net Preferred Stock Issuance": null,
      "Preferred Stock Issuance": null,
      "Net Common Stock Issuance": -12202000000.0,
      "Common Stock Payments": -12392000000.0,
      "Common Stock Issuance": 190000000.0,
      "Net Issuance Payments Of Debt": 20346000000.0,
      "Net Long Term Debt Issuance": 20346000000.0,
      "Long Term Debt Payments": -19608000000.0,
      "Long Term Debt Issuance": 39954000000.0,
      "Investing Cash Flow": -23070000000.0,
      "Cash Flow From Continuing Investing Activities": -23070000000.0,
      "Net Other Investing Changes": -10000000.0,
      "Net Investment Purchase And Sale": -19000000.0,
      "Sale Of Investment": 156000000.0,
      "Purchase Of Investment": -175000000.0,
      "Net Business Purchase And Sale": -22493000000.0,
      "Sale Of Business": 3485000000.0,
      "Purchase Of Business": -25978000000.0,
      "Net PPE Purchase And Sale": -548000000.0,
      "Sale Of PPE": null,
      "Purchase Of PPE": -548000000.0,
      "Operating Cash Flow": 19962000000.0,
      "Cash Flow From Continuing Operating Activities": 19962000000.0,
      "Change In Working Capital": -4637000000.0,
      "Change In Other Working Capital": -7235000000.0,
      "Change In Payables And Accrued Expense": 121000000.0,
      "Change In Payable": 121000000.0,
      "Change In Account Payable": 121000000.0,
      "Change In Inventory": 150000000.0,
      "Change In Receivables": 2327000000.0,
      "Changes In Account Receivables": 2327000000.0,
      "Other Non Cash Items": 831000000.0,
      "Stock Based Compensation": 5741000000.0,
      "Deferred Tax": 1965000000.0,
      "Deferred Income Tax": 1965000000.0,
      "Depreciation Amortization Depletion": 10010000000.0,
      "Depreciation And Amortization": 10010000000.0,
      "Amortization Cash Flow": 9417000000.0,
      "Amortization Of Intangibles": 9417000000.0,
      "Depreciation": 593000000.0,
      "Operating Gains Losses": 157000000.0,
      "Net Income From Continuing Operations": 5895000000.0
    },
    "2023-10-31T00:00:00": {
      "Free Cash Flow": 17633000000.0,
      "Repurchase Of Capital Stock": -7685000000.0,
      "Repayment Of Debt": -403000000.0,
      "Issuance Of Debt": 0.0,
      "Issuance Of Capital Stock": 122000000.0,
      "Capital Expenditure": -452000000.0,
      "Interest Paid Supplemental Data": 1503000000.0,
      "Income Tax Paid Supplemental Data": 1782000000.0,
      "End Cash Position": 14189000000.0,
      "Beginning Cash Position": 12416000000.0,
      "Changes In Cash": 1773000000.0,
      "Financing Cash Flow": -15623000000.0,
      "Cash Flow From Continuing Financing Activities": -15623000000.0,
      "Net Other Financing Charges": -12000000.0,
      "Cash Dividends Paid": -7645000000.0,
      "Net Preferred Stock Issuance": null,
      "Preferred Stock Issuance": null,
      "Net Common Stock Issuance": -7563000000.0,
      "Common Stock Payments": -7685000000.0,
      "Common Stock Issuance": 122000000.0,
      "Net Issuance Payments Of Debt": -403000000.0,
      "Net Long Term Debt Issuance": -403000000.0,
      "Long Term Debt Payments": -403000000.0,
      "Long Term Debt Issuance": 0.0,
      "Investing Cash Flow": -689000000.0,
      "Cash Flow From Continuing Investing Activities": -689000000.0,
      "Net Other Investing Changes": -66000000.0,
      "Net Investment Purchase And Sale": -118000000.0,
      "Sale Of Investment": 228000000.0,
      "Purchase Of Investment": -346000000.0,
      "Net Business Purchase And Sale": -53000000.0,
      "Sale Of Business": 0.0,
      "Purchase Of Business": -53000000.0,
      "Net PPE Purchase And Sale": -452000000.0,
      "Sale Of PPE": null,
      "Purchase Of PPE": -452000000.0,
      "Operating Cash Flow": 18085000000.0,
      "Cash Flow From Continuing Operating Activities": 18085000000.0,
      "Change In Working Capital": -1643000000.0,
      "Change In Other Working Capital": -1692000000.0,
      "Change In Payables And Accrued Expense": 209000000.0,
      "Change In Payable": 209000000.0,
      "Change In Account Payable": 209000000.0,
      "Change In Inventory": 27000000.0,
      "Change In Receivables": -187000000.0,
      "Changes In Account Receivables": -187000000.0,
      "Other Non Cash Items": 141000000.0,
      "Stock Based Compensation": 2171000000.0,
      "Deferred Tax": -501000000.0,
      "Deferred Income Tax": -501000000.0,
      "Depreciation Amortization Depletion": 3835000000.0,
      "Depreciation And Amortization": 3835000000.0,
      "Amortization Cash Flow": 3333000000.0,
      "Amortization Of Intangibles": 3333000000.0,
      "Depreciation": 502000000.0,
      "Operating Gains Losses": null,
      "Net Income From Continuing Operations": 14082000000.0
    },
    "2022-10-31T00:00:00": {
      "Free Cash Flow": 16312000000.0,
      "Repurchase Of Capital Stock": -8455000000.0,
      "Repayment Of Debt": -2361000000.0,
      "Issuance Of Debt": 1935000000.0,
      "Issuance Of Capital Stock": 114000000.0,
      "Capital Expenditure": -424000000.0,
      "Interest Paid Supplemental Data": 1386000000.0,
      "Income Tax Paid Supplemental Data": 908000000.0,
      "End Cash Position": 12416000000.0,
      "Beginning Cash Position": 12163000000.0,
      "Changes In Cash": 253000000.0,
      "Financing Cash Flow": -15816000000.0,
      "Cash Flow From Continuing Financing Activities": -15816000000.0,
      "Net Other Financing Charges": -17000000.0,
      "Cash Dividends Paid": -7032000000.0,
      "Net Preferred Stock Issuance": null,
      "Preferred Stock Issuance": null,
      "Net Common Stock Issuance": -8341000000.0,
      "Common Stock Payments": -8455000000.0,
      "Common Stock Issuance": 114000000.0,
      "Net Issuance Payments Of Debt": -426000000.0,
      "Net Long Term Debt Issuance": -426000000.0,
      "Long Term Debt Payments": -2361000000.0,
      "Long Term Debt Issuance": 1935000000.0,
      "Investing Cash Flow": -667000000.0,
      "Cash Flow From Continuing Investing Activities": -667000000.0,
      "Net Other Investing Changes": 3000000.0,
      "Net Investment Purchase And Sale": 0.0,
      "Sale Of Investment": 200000000.0,
      "Purchase Of Investment": -200000000.0,
      "Net Business Purchase And Sale": -246000000.0,
      "Sale Of Business": 0.0,
      "Purchase Of Business": -246000000.0,
      "Net PPE Purchase And Sale": -424000000.0,
      "Sale Of PPE": null,
      "Purchase Of PPE": -424000000.0,
      "Operating Cash Flow": 16736000000.0,
      "Cash Flow From Continuing Operating Activities": 16736000000.0,
      "Change In Working Capital": -1654000000.0,
      "Change In Other Working Capital": -78000000.0,
      "Change In Payables And Accrued Expense": -79000000.0,
      "Change In Payable": -79000000.0,
      "Change In Account Payable": -79000000.0,
      "Change In Inventory": -627000000.0,
      "Change In Receivables": -870000000.0,
      "Changes In Account Receivables": -870000000.0,
      "Other Non Cash Items": 312000000.0,
      "Stock Based Compensation": 1533000000.0,
      "Deferred Tax": -34000000.0,
      "Deferred Income Tax": -34000000.0,
      "Depreciation Amortization Depletion": 4984000000.0,
      "Depreciation And Amortization": 4984000000.0,
      "Amortization Cash Flow": 4455000000.0,
      "Amortization Of Intangibles": 4455000000.0,
      "Depreciation": 529000000.0,
      "Operating Gains Losses": 100000000.0,
      "Net Income From Continuing Operations": 11495000000.0
    },
    "2021-10-31T00:00:00": {
      "Free Cash Flow": null,
      "Repurchase Of Capital Stock": null,
      "Repayment Of Debt": null,
      "Issuance Of Debt": null,
      "Issuance Of Capital Stock": null,
      "Capital Expenditure": null,
      "Interest Paid Supplemental Data": null,
      "Income Tax Paid Supplemental Data": null,
      "End Cash Position": null,
      "Beginning Cash Position": null,
      "Changes In Cash": null,
      "Financing Cash Flow": null,
      "Cash Flow From Continuing Financing Activities": null,
      "Net Other Financing Charges": null,
      "Cash Dividends Paid": null,
      "Net Preferred Stock Issuance": 0.0,
      "Preferred Stock Issuance": 0.0,
      "Net Common Stock Issuance": null,
      "Common Stock Payments": null,
      "Common Stock Issuance": null,
      "Net Issuance Payments Of Debt": null,
      "Net Long Term Debt Issuance": null,
      "Long Term Debt Payments": null,
      "Long Term Debt Issuance": null,
      "Investing Cash Flow": null,
      "Cash Flow From Continuing Investing Activities": null,
      "Net Other Investing Changes": null,
      "Net Investment Purchase And Sale": null,
      "Sale Of Investment": null,
      "Purchase Of Investment": null,
      "Net Business Purchase And Sale": null,
      "Sale Of Business": null,
      "Purchase Of Business": null,
      "Net PPE Purchase And Sale": null,
      "Sale Of PPE": 4000000.0,
      "Purchase Of PPE": null,
      "Operating Cash Flow": null,
      "Cash Flow From Continuing Operating Activities": null,
      "Change In Working Capital": null,
      "Change In Other Working Capital": null,
      "Change In Payables And Accrued Expense": null,
      "Change In Payable": null,
      "Change In Account Payable": null,
      "Change In Inventory": null,
      "Change In Receivables": null,
      "Changes In Account Receivables": null,
      "Other Non Cash Items": null,
      "Stock Based Compensation": null,
      "Deferred Tax": null,
      "Deferred Income Tax": null,
      "Depreciation Amortization Depletion": null,
      "Depreciation And Amortization": null,
      "Amortization Cash Flow": null,
      "Amortization Of Intangibles": null,
      "Depreciation": null,
      "Operating Gains Losses": 198000000.0,
      "Net Income From Continuing Operations": null
    }
  },
  "earnings_estimate": {
    "avg": {
      "0q": 2.01781,
      "+1q": 2.15207,
      "0y": 10.32629,
      "+1y": 14.52319
    },
    "low": {
      "0q": 1.9,
      "+1q": 1.9,
      "0y": 9.07,
      "+1y": 12.53
    },
    "high": {
      "0q": 2.11,
      "+1q": 2.31428,
      "0y": 11.77,
      "+1y": 16.82
    },
    "yearAgoEps": {
      "0q": 1.6,
      "+1q": 1.58,
      "0y": 6.82,
      "+1y": 10.32629
    },
    "numberOfAnalysts": {
      "0q": 41,
      "+1q": 37,
      "0y": 46,
      "+1y": 43
    },
    "growth": {
      "0q": 0.2611,
      "+1q": 0.3621,
      "0y": 0.5141,
      "+1y": 0.4064
    }
  },
  "revenue_estimate": {
    "avg": {
      "0q": 19105669760,
      "+1q": 20320761850,
      "0y": 97613052810,
      "+1y": 135279680540
    },
    "low": {
      "0q": 17400000000,
      "+1q": 18047000000,
      "0y": 83270000000,
      "+1y": 90654000000
    },
    "high": {
      "0q": 19895000000,
      "+1q": 21425829140,
      "0y": 112175000000,
      "+1y": 156229000000
    },
    "numberOfAnalysts": {
      "0q": 39,
      "+1q": 35,
      "0y": 47,
      "+1y": 44
    },
    "yearAgoRevenue": {
      "0q": 14916000000,
      "+1q": 15004000000,
      "0y": 63887000000,
      "+1y": 97613052810
    },
    "growth": {
      "0q": 0.2809,
      "+1q": 0.35439998,
      "0y": 0.5279,
      "+1y": 0.3859
    }
  },
  "growth_estimates": {
    "stockTrend": {
      "0q": 0.2611,
      "+1q": 0.3621,
      "0y": 0.5141,
      "+1y": 0.4064,
      "LTG": null
    },
    "indexTrend": {
      "0q": 0.1273,
      "+1q": 0.103599995,
      "0y": 0.14310001,
      "+1y": 0.1557,
      "LTG": 0.122
    }
  },
  "revenue_forecasts": null,
  "dividend_rate": 2.6,
  "trailing_dividend_rate": 2.42
}