{
  "ticker": "AZN.L",
  "name": "AstraZeneca",
  "country": "uk",
  "currency": "GBP",
  "last_fetched": "2026-02-26T20:45:53.836845",
  "market_cap": 234319888384,
  "revenue": 58738999296,
  "net_income": 10225000448,
  "pe_ratio": 31.21901,
  "forward_pe": 17.56319,
  "dividend_yield": 1.55,
  "profit_margin": 0.17408001,
  "roe": 0.22844,
  "debt_to_equity": 60.968,
  "beta": 0.192,
  "ev_to_ebitda": 13.352,
  "sector": "Healthcare",
  "industry": "Drug Manufacturers - General",
  "summary": "AstraZeneca PLC, a biopharmaceutical company, focuses on the discovery, development, manufacture, and commercialization of prescription medicines. The company offers Imjudo, Datroway, Iressa, Tagrisso, Imfinzi, Lynparza, Calquence, Enhertu, Orpathys, Truqap, Zoladex, Faslodex, Crestor, Andexxa, Onglyza, Symlin, XIGDUO XR, Atacand, Atacand HCT, Atacand Plus, Farxiga/Forxiga, Plendil, Modip, Splendil, Munobal, Flodil, Tenormin, Tenormine, Prenormine, Atenol, Zestril, Brilinta/Brilique, Komboglyze, Qtern, Wainua, Byetta, Lokelma, Seloken ZOK, Toprol-XL, Betaloc ZOK, XIGDUO, Accolate, Accoleit, Vanticon, Bricanyl Respules, Eklira Genuair/Tudorza/Bretaris, Pulmicort Turbuhaler, Symbicort Turbuhaler, Airsupra, Bricanyl Turbuhaler, Fasenra, Rhinocort, Tezspire, Bevespi Aerosphere, Daliresp/Daxas, Oxis Turbuhaler, Saphnelo, Breztri Aerosphere, Duaklir Genuair, Pulmicort Respules, and Symbicort pMDI. It also provides Beyfortus, Kavigale, Evusheld, Fluenz/FluMist, Synagis, Kanuma, Ultomiris, Koselugo, Voydeya, Soliris, Strensiq, Nexium, and other medicines. The company offers its products for ocology, cardiovascular, renal and metabolism, respiratory & immunology, vaccines and immune, and therapies rare diseases. It serves primary and specialty care physicians through distributors and local representative offices in the United Kingdom, the Americas, rest of Europe, Asia, Africa, and Australasia. It has a strategic agreement with Tempus and Pathos to develop the largest multimodal foundation model in oncology; and a strategic research collaboration with CSPC Pharmaceutical Group Limited to advance the discovery and development of novel oral candidates, with the potential to treat diseases across multiple indications. The company was formerly known as Zeneca Group PLC and changed its name to AstraZeneca PLC in April 1999. AstraZeneca PLC was incorporated in 1992 and is headquartered in Cambridge, the United Kingdom.",
  "website": "https://www.astrazeneca.com",
  "employees": null,
  "target_high": 20720.725,
  "target_low": 11216.514,
  "target_mean": 16047.716,
  "target_median": 16291.982,
  "recommendation": "buy",
  "num_analysts": 21,
  "income_stmt": {
    "2025-12-31T00:00:00": {
      "Tax Effect Of Unusual Items": 0.0,
      "Tax Rate For Calcs": 0.174891,
      "Normalized EBITDA": 19829000000.0,
      "Total Unusual Items": null,
      "Total Unusual Items Excluding Goodwill": null,
      "Net Income From Continuing Operation Net Minority Interest": 10225000000.0,
      "Reconciled Depreciation": 5733000000.0,
      "Reconciled Cost Of Revenue": 10633000000.0,
      "EBITDA": 19829000000.0,
      "EBIT": 14096000000.0,
      "Net Interest Income": -1334000000.0,
      "Interest Expense": 1694000000.0,
      "Interest Income": 360000000.0,
      "Normalized Income": 10225000000.0,
      "Net Income From Continuing And Discontinued Operation": 10225000000.0,
      "Total Expenses": 44996000000.0,
      "Rent Expense Supplemental": null,
      "Total Operating Income As Reported": 13743000000.0,
      "Diluted Average Shares": 1562000000.0,
      "Basic Average Shares": 1550000000.0,
      "Diluted EPS": 6.54,
      "Basic EPS": 6.6,
      "Diluted NI Availto Com Stockholders": 10225000000.0,
      "Net Income Common Stockholders": 10225000000.0,
      "Otherunder Preferred Stock Dividend": 0.0,
      "Net Income": 10225000000.0,
      "Minority Interests": -8000000.0,
      "Net Income Including Noncontrolling Interests": 10233000000.0,
      "Net Income Continuous Operations": 10233000000.0,
      "Tax Provision": 2169000000.0,
      "Pretax Income": 12402000000.0,
      "Special Income Charges": null,
      "Other Special Charges": null,
      "Impairment Of Capital Assets": null,
      "Restructuring And Mergern Acquisition": null,
      "Net Non Operating Interest Income Expense": -1334000000.0,
      "Interest Expense Non Operating": 1694000000.0,
      "Interest Income Non Operating": 360000000.0,
      "Operating Income": 13743000000.0,
      "Operating Expense": 34363000000.0,
      "Other Operating Expenses": null,
      "Depreciation And Amortization In Income Statement": null,
      "Amortization": null,
      "Depreciation Income Statement": null,
      "Research And Development": 14232000000.0,
      "Selling General And Administration": 20512000000.0,
      "Selling And Marketing Expense": 579000000.0,
      "General And Administrative Expense": 19933000000.0,
      "Gross Profit": 48106000000.0,
      "Cost Of Revenue": 10633000000.0,
      "Total Revenue": 58739000000.0,
      "Operating Revenue": 58739000000.0
    },
    "2024-12-31T00:00:00": {
      "Tax Effect Of Unusual Items": 0.0,
      "Tax Rate For Calcs": 0.189852,
      "Normalized EBITDA": 17121000000.0,
      "Total Unusual Items": -153000000.0,
      "Total Unusual Items Excluding Goodwill": -153000000.0,
      "Net Income From Continuing Operation Net Minority Interest": 7035000000.0,
      "Reconciled Depreciation": 6688000000.0,
      "Reconciled Cost Of Revenue": 10207000000.0,
      "EBITDA": 17121000000.0,
      "EBIT": 10433000000.0,
      "Net Interest Income": -1284000000.0,
      "Interest Expense": 1742000000.0,
      "Interest Income": 458000000.0,
      "Normalized Income": 7035000000.0,
      "Net Income From Continuing And Discontinued Operation": 7035000000.0,
      "Total Expenses": 44070000000.0,
      "Rent Expense Supplemental": 377000000.0,
      "Total Operating Income As Reported": 10003000000.0,
      "Diluted Average Shares": 1563000000.0,
      "Basic Average Shares": 1550000000.0,
      "Diluted EPS": 4.5,
      "Basic EPS": 4.54,
      "Diluted NI Availto Com Stockholders": 7035000000.0,
      "Net Income Common Stockholders": 7035000000.0,
      "Otherunder Preferred Stock Dividend": 0.0,
      "Net Income": 7035000000.0,
      "Minority Interests": -6000000.0,
      "Net Income Including Noncontrolling Interests": 7041000000.0,
      "Net Income Continuous Operations": 7041000000.0,
      "Tax Provision": 1650000000.0,
      "Pretax Income": 8691000000.0,
      "Special Income Charges": -248000000.0,
      "Other Special Charges": -12000000.0,
      "Impairment Of Capital Assets": null,
      "Restructuring And Mergern Acquisition": 260000000.0,
      "Net Non Operating Interest Income Expense": -1284000000.0,
      "Interest Expense Non Operating": 1742000000.0,
      "Interest Income Non Operating": 458000000.0,
      "Operating Income": 10003000000.0,
      "Operating Expense": 33863000000.0,
      "Other Operating Expenses": 121000000.0,
      "Depreciation And Amortization In Income Statement": null,
      "Amortization": null,
      "Depreciation Income Statement": null,
      "Research And Development": 13583000000.0,
      "Selling General And Administration": 20532000000.0,
      "Selling And Marketing Expense": 555000000.0,
      "General And Administrative Expense": 19977000000.0,
      "Gross Profit": 43866000000.0,
      "Cost Of Revenue": 10207000000.0,
      "Total Revenue": 54073000000.0,
      "Operating Revenue": 54073000000.0
    },
    "2023-12-31T00:00:00": {
      "Tax Effect Of Unusual Items": -66485287.722858,
      "Tax Rate For Calcs": 0.135962,
      "Normalized EBITDA": 13911000000.0,
      "Total Unusual Items": -489000000.0,
      "Total Unusual Items Excluding Goodwill": -489000000.0,
      "Net Income From Continuing Operation Net Minority Interest": 5955000000.0,
      "Reconciled Depreciation": 4934000000.0,
      "Reconciled Cost Of Revenue": 8268000000.0,
      "EBITDA": 13422000000.0,
      "EBIT": 8488000000.0,
      "Net Interest Income": -1288000000.0,
      "Interest Expense": 1589000000.0,
      "Interest Income": 301000000.0,
      "Normalized Income": 6377514712.277142,
      "Net Income From Continuing And Discontinued Operation": 5955000000.0,
      "Total Expenses": 37089000000.0,
      "Rent Expense Supplemental": 301000000.0,
      "Total Operating Income As Reported": 8193000000.0,
      "Diluted Average Shares": 1562000000.0,
      "Basic Average Shares": 1549000000.0,
      "Diluted EPS": 3.81,
      "Basic EPS": 3.84,
      "Diluted NI Availto Com Stockholders": 5955000000.0,
      "Net Income Common Stockholders": 5955000000.0,
      "Otherunder Preferred Stock Dividend": 0.0,
      "Net Income": 5955000000.0,
      "Minority Interests": -6000000.0,
      "Net Income Including Noncontrolling Interests": 5961000000.0,
      "Net Income Continuous Operations": 5961000000.0,
      "Tax Provision": 938000000.0,
      "Pretax Income": 6899000000.0,
      "Special Income Charges": -529000000.0,
      "Other Special Charges": 9000000.0,
      "Impairment Of Capital Assets": null,
      "Restructuring And Mergern Acquisition": 520000000.0,
      "Net Non Operating Interest Income Expense": -1288000000.0,
      "Interest Expense Non Operating": 1589000000.0,
      "Interest Income Non Operating": 301000000.0,
      "Operating Income": 8722000000.0,
      "Operating Expense": 28821000000.0,
      "Other Operating Expenses": 164000000.0,
      "Depreciation And Amortization In Income Statement": null,
      "Amortization": null,
      "Depreciation Income Statement": null,
      "Research And Development": 10935000000.0,
      "Selling General And Administration": 18222000000.0,
      "Selling And Marketing Expense": 539000000.0,
      "General And Administrative Expense": 17683000000.0,
      "Gross Profit": 37543000000.0,
      "Cost Of Revenue": 8268000000.0,
      "Total Revenue": 45811000000.0,
      "Operating Revenue": 45811000000.0
    },
    "2022-12-31T00:00:00": {
      "Tax Effect Of Unusual Items": -140790000.0,
      "Tax Rate For Calcs": 0.19,
      "Normalized EBITDA": 9826000000.0,
      "Total Unusual Items": -741000000.0,
      "Total Unusual Items Excluding Goodwill": -741000000.0,
      "Net Income From Continuing Operation Net Minority Interest": 3288000000.0,
      "Reconciled Depreciation": 5254000000.0,
      "Reconciled Cost Of Revenue": 12391000000.0,
      "EBITDA": 9085000000.0,
      "EBIT": 3831000000.0,
      "Net Interest Income": -1249000000.0,
      "Interest Expense": 1330000000.0,
      "Interest Income": 81000000.0,
      "Normalized Income": 3888210000.0,
      "Net Income From Continuing And Discontinued Operation": 3288000000.0,
      "Total Expenses": 39839000000.0,
      "Rent Expense Supplemental": 268000000.0,
      "Total Operating Income As Reported": 3757000000.0,
      "Diluted Average Shares": 1560000000.0,
      "Basic Average Shares": 1548000000.0,
      "Diluted EPS": 2.11,
      "Basic EPS": 2.12,
      "Diluted NI Availto Com Stockholders": 3288000000.0,
      "Net Income Common Stockholders": 3288000000.0,
      "Otherunder Preferred Stock Dividend": 0.0,
      "Net Income": 3288000000.0,
      "Minority Interests": -5000000.0,
      "Net Income Including Noncontrolling Interests": 3293000000.0,
      "Net Income Continuous Operations": 3293000000.0,
      "Tax Provision": -792000000.0,
      "Pretax Income": 2501000000.0,
      "Special Income Charges": -755000000.0,
      "Other Special Charges": 573000000.0,
      "Impairment Of Capital Assets": 0.0,
      "Restructuring And Mergern Acquisition": 182000000.0,
      "Net Non Operating Interest Income Expense": -1249000000.0,
      "Interest Expense Non Operating": 1330000000.0,
      "Interest Income Non Operating": 81000000.0,
      "Operating Income": 4512000000.0,
      "Operating Expense": 27448000000.0,
      "Other Operating Expenses": 200000000.0,
      "Depreciation And Amortization In Income Statement": null,
      "Amortization": null,
      "Depreciation Income Statement": null,
      "Research And Development": 9762000000.0,
      "Selling General And Administration": 17984000000.0,
      "Selling And Marketing Expense": 536000000.0,
      "General And Administrative Expense": 17448000000.0,
      "Gross Profit": 31960000000.0,
      "Cost Of Revenue": 12391000000.0,
      "Total Revenue": 44351000000.0,
      "Operating Revenue": 44351000000.0
    },
    "2021-12-31T00:00:00": {
      "Tax Effect Of Unusual Items": null,
      "Tax Rate For Calcs": null,
      "Normalized EBITDA": null,
      "Total Unusual Items": 1191000000.0,
      "Total Unusual Items Excluding Goodwill": 1191000000.0,
      "Net Income From Continuing Operation Net Minority Interest": null,
      "Reconciled Depreciation": null,
      "Reconciled Cost Of Revenue": null,
      "EBITDA": null,
      "EBIT": null,
      "Net Interest Income": null,
      "Interest Expense": null,
      "Interest Income": null,
      "Normalized Income": null,
      "Net Income From Continuing And Discontinued Operation": null,
      "Total Expenses": null,
      "Rent Expense Supplemental": 262000000.0,
      "Total Operating Income As Reported": null,
      "Diluted Average Shares": null,
      "Basic Average Shares": null,
      "Diluted EPS": null,
      "Basic EPS": null,
      "Diluted NI Availto Com Stockholders": null,
      "Net Income Common Stockholders": null,
      "Otherunder Preferred Stock Dividend": null,
      "Net Income": null,
      "Minority Interests": null,
      "Net Income Including Noncontrolling Interests": null,
      "Net Income Continuous Operations": null,
      "Tax Provision": null,
      "Pretax Income": null,
      "Special Income Charges": 1195000000.0,
      "Other Special Charges": -1237000000.0,
      "Impairment Of Capital Assets": 0.0,
      "Restructuring And Mergern Acquisition": 42000000.0,
      "Net Non Operating Interest Income Expense": null,
      "Interest Expense Non Operating": null,
      "Interest Income Non Operating": null,
      "Operating Income": null,
      "Operating Expense": null,
      "Other Operating Expenses": 308000000.0,
      "Depreciation And Amortization In Income Statement": 1000000.0,
      "Amortization": 1000000.0,
      "Depreciation Income Statement": 0.0,
      "Research And Development": null,
      "Selling General And Administration": null,
      "Selling And Marketing Expense": null,
      "General And Administrative Expense": null,
      "Gross Profit": null,
      "Cost Of Revenue": null,
      "Total Revenue": null,
      "Operating Revenue": null
    }
  },
  "quarterly_income": {
    "2025-12-31T00:00:00": {
      "Tax Effect Of Unusual Items": 0.0,
      "Tax Rate For Calcs": 0.114112,
      "Normalized EBITDA": 4624000000.0,
      "Net Income From Continuing Operation Net Minority Interest": 2326000000.0,
      "Reconciled Depreciation": 1511000000.0,
      "Reconciled Cost Of Revenue": 3118000000.0,
      "EBITDA": 4624000000.0,
      "EBIT": 3113000000.0,
      "Net Interest Income": -349000000.0,
      "Interest Expense": 484000000.0,
      "Interest Income": 135000000.0,
      "Normalized Income": 2326000000.0,
      "Net Income From Continuing And Discontinued Operation": 2326000000.0,
      "Total Expenses": 12525000000.0,
      "Total Operating Income As Reported": 2978000000.0,
      "Diluted Average Shares": 1563000000.0,
      "Basic Average Shares": 1551000000.0,
      "Diluted EPS": 1.49,
      "Basic EPS": 1.5,
      "Diluted NI Availto Com Stockholders": 2326000000.0,
      "Net Income Common Stockholders": 2326000000.0,
      "Otherunder Preferred Stock Dividend": 0.0,
      "Net Income": 2326000000.0,
      "Minority Interests": -3000000.0,
      "Net Income Including Noncontrolling Interests": 2329000000.0,
      "Net Income Continuous Operations": 2329000000.0,
      "Tax Provision": 300000000.0,
      "Pretax Income": 2629000000.0,
      "Net Non Operating Interest Income Expense": -349000000.0,
      "Interest Expense Non Operating": 484000000.0,
      "Interest Income Non Operating": 135000000.0,
      "Operating Income": 2978000000.0,
      "Operating Expense": 9407000000.0,
      "Other Operating Expenses": null,
      "Research And Development": 3862000000.0,
      "Selling General And Administration": 5645000000.0,
      "Selling And Marketing Expense": 153000000.0,
      "General And Administrative Expense": 5492000000.0,
      "Gross Profit": 12385000000.0,
      "Cost Of Revenue": 3118000000.0,
      "Total Revenue": 15503000000.0,
      "Operating Revenue": 15503000000.0
    },
    "2025-09-30T00:00:00": {
      "Tax Effect Of Unusual Items": 0.0,
      "Tax Rate For Calcs": 0.22,
      "Normalized EBITDA": 5227000000.0,
      "Net Income From Continuing Operation Net Minority Interest": 2533000000.0,
      "Reconciled Depreciation": 1549000000.0,
      "Reconciled Cost Of Revenue": 2801000000.0,
      "EBITDA": 5227000000.0,
      "EBIT": 3678000000.0,
      "Net Interest Income": -349000000.0,
      "Interest Expense": 434000000.0,
      "Interest Income": 85000000.0,
      "Normalized Income": 2533000000.0,
      "Net Income From Continuing And Discontinued Operation": 2533000000.0,
      "Total Expenses": 11608000000.0,
      "Total Operating Income As Reported": 3583000000.0,
      "Diluted Average Shares": null,
      "Basic Average Shares": null,
      "Diluted EPS": null,
      "Basic EPS": null,
      "Diluted NI Availto Com Stockholders": 2533000000.0,
      "Net Income Common Stockholders": 2533000000.0,
      "Otherunder Preferred Stock Dividend": 0.0,
      "Net Income": 2533000000.0,
      "Minority Interests": -2000000.0,
      "Net Income Including Noncontrolling Interests": 2535000000.0,
      "Net Income Continuous Operations": 2535000000.0,
      "Tax Provision": 709000000.0,
      "Pretax Income": 3244000000.0,
      "Net Non Operating Interest Income Expense": -349000000.0,
      "Interest Expense Non Operating": 434000000.0,
      "Interest Income Non Operating": 85000000.0,
      "Operating Income": 3583000000.0,
      "Operating Expense": 8807000000.0,
      "Other Operating Expenses": -89000000.0,
      "Research And Development": 3663000000.0,
      "Selling General And Administration": 5233000000.0,
      "Selling And Marketing Expense": 148000000.0,
      "General And Administrative Expense": 5085000000.0,
      "Gross Profit": 12390000000.0,
      "Cost Of Revenue": 2801000000.0,
      "Total Revenue": 15191000000.0,
      "Operating Revenue": 15191000000.0
    },
    "2025-06-30T00:00:00": {
      "Tax Effect Of Unusual Items": 0.0,
      "Tax Rate For Calcs": 0.22,
      "Normalized EBITDA": 4955000000.0,
      "Net Income From Continuing Operation Net Minority Interest": 2450000000.0,
      "Reconciled Depreciation": 1389000000.0,
      "Reconciled Cost Of Revenue": 2473000000.0,
      "EBITDA": 4955000000.0,
      "EBIT": 3566000000.0,
      "Net Interest Income": -371000000.0,
      "Interest Expense": 439000000.0,
      "Interest Income": 68000000.0,
      "Normalized Income": 2450000000.0,
      "Net Income From Continuing And Discontinued Operation": 2450000000.0,
      "Total Expenses": 10949000000.0,
      "Total Operating Income As Reported": 3508000000.0,
      "Diluted Average Shares": 1559000000.0,
      "Basic Average Shares": 1550000000.0,
      "Diluted EPS": 1.57,
      "Basic EPS": 1.58,
      "Diluted NI Availto Com Stockholders": 2450000000.0,
      "Net Income Common Stockholders": 2450000000.0,
      "Otherunder Preferred Stock Dividend": 0.0,
      "Net Income": 2450000000.0,
      "Minority Interests": 2000000.0,
      "Net Income Including Noncontrolling Interests": 2448000000.0,
      "Net Income Continuous Operations": 2448000000.0,
      "Tax Provision": 679000000.0,
      "Pretax Income": 3127000000.0,
      "Net Non Operating Interest Income Expense": -371000000.0,
      "Interest Expense Non Operating": 439000000.0,
      "Interest Income Non Operating": 68000000.0,
      "Operating Income": 3508000000.0,
      "Operating Expense": 8476000000.0,
      "Other Operating Expenses": -79000000.0,
      "Research And Development": 3548000000.0,
      "Selling General And Administration": 5007000000.0,
      "Selling And Marketing Expense": 143000000.0,
      "General And Administrative Expense": 4864000000.0,
      "Gross Profit": 11984000000.0,
      "Cost Of Revenue": 2473000000.0,
      "Total Revenue": 14457000000.0,
      "Operating Revenue": 14457000000.0
    },
    "2025-03-31T00:00:00": {
      "Tax Effect Of Unusual Items": 0.0,
      "Tax Rate For Calcs": 0.14,
      "Normalized EBITDA": 5035000000.0,
      "Net Income From Continuing Operation Net Minority Interest": 2916000000.0,
      "Reconciled Depreciation": 1284000000.0,
      "Reconciled Cost Of Revenue": 2241000000.0,
      "EBITDA": 5035000000.0,
      "EBIT": 3751000000.0,
      "Net Interest Income": -265000000.0,
      "Interest Expense": 349000000.0,
      "Interest Income": 84000000.0,
      "Normalized Income": 2916000000.0,
      "Net Income From Continuing And Discontinued Operation": 2916000000.0,
      "Total Expenses": 9914000000.0,
      "Total Operating Income As Reported": 3674000000.0,
      "Diluted Average Shares": 1561000000.0,
      "Basic Average Shares": 1550000000.0,
      "Diluted EPS": 1.87,
      "Basic EPS": 1.88,
      "Diluted NI Availto Com Stockholders": 2916000000.0,
      "Net Income Common Stockholders": 2916000000.0,
      "Otherunder Preferred Stock Dividend": 0.0,
      "Net Income": 2916000000.0,
      "Minority Interests": -5000000.0,
      "Net Income Including Noncontrolling Interests": 2921000000.0,
      "Net Income Continuous Operations": 2921000000.0,
      "Tax Provision": 481000000.0,
      "Pretax Income": 3402000000.0,
      "Net Non Operating Interest Income Expense": -265000000.0,
      "Interest Expense Non Operating": 349000000.0,
      "Interest Income Non Operating": 84000000.0,
      "Operating Income": 3674000000.0,
      "Operating Expense": 7673000000.0,
      "Other Operating Expenses": null,
      "Research And Development": 3159000000.0,
      "Selling General And Administration": 4627000000.0,
      "Selling And Marketing Expense": 135000000.0,
      "General And Administrative Expense": 4492000000.0,
      "Gross Profit": 11347000000.0,
      "Cost Of Revenue": 2241000000.0,
      "Total Revenue": 13588000000.0,
      "Operating Revenue": 13588000000.0
    },
    "2024-12-31T00:00:00": {
      "Tax Effect Of Unusual Items": 0.0,
      "Tax Rate For Calcs": 0.09964,
      "Normalized EBITDA": 4432000000.0,
      "Net Income From Continuing Operation Net Minority Interest": 1500000000.0,
      "Reconciled Depreciation": 2337000000.0,
      "Reconciled Cost Of Revenue": 2725000000.0,
      "EBITDA": 4432000000.0,
      "EBIT": 2095000000.0,
      "Net Interest Income": -365000000.0,
      "Interest Expense": 429000000.0,
      "Interest Income": 64000000.0,
      "Normalized Income": 1500000000.0,
      "Net Income From Continuing And Discontinued Operation": 1500000000.0,
      "Total Expenses": 12855000000.0,
      "Total Operating Income As Reported": 2036000000.0,
      "Diluted Average Shares": 1562000000.0,
      "Basic Average Shares": 1550000000.0,
      "Diluted EPS": 0.96,
      "Basic EPS": 0.97,
      "Diluted NI Availto Com Stockholders": 1500000000.0,
      "Net Income Common Stockholders": 1500000000.0,
      "Otherunder Preferred Stock Dividend": 0.0,
      "Net Income": 1500000000.0,
      "Minority Interests": 0.0,
      "Net Income Including Noncontrolling Interests": 1500000000.0,
      "Net Income Continuous Operations": 1500000000.0,
      "Tax Provision": 166000000.0,
      "Pretax Income": 1666000000.0,
      "Net Non Operating Interest Income Expense": -365000000.0,
      "Interest Expense Non Operating": 429000000.0,
      "Interest Income Non Operating": 64000000.0,
      "Operating Income": 2036000000.0,
      "Operating Expense": 10130000000.0,
      "Other Operating Expenses": null,
      "Research And Development": 4677000000.0,
      "Selling General And Administration": 5553000000.0,
      "Selling And Marketing Expense": 143000000.0,
      "General And Administrative Expense": 5410000000.0,
      "Gross Profit": 12166000000.0,
      "Cost Of Revenue": 2725000000.0,
      "Total Revenue": 14891000000.0,
      "Operating Revenue": 14891000000.0
    },
    "2024-09-30T00:00:00": {
      "Tax Effect Of Unusual Items": null,
      "Tax Rate For Calcs": null,
      "Normalized EBITDA": null,
      "Net Income From Continuing Operation Net Minority Interest": null,
      "Reconciled Depreciation": null,
      "Reconciled Cost Of Revenue": null,
      "EBITDA": null,
      "EBIT": null,
      "Net Interest Income": null,
      "Interest Expense": null,
      "Interest Income": null,
      "Normalized Income": null,
      "Net Income From Continuing And Discontinued Operation": null,
      "Total Expenses": null,
      "Total Operating Income As Reported": null,
      "Diluted Average Shares": 1562000000.0,
      "Basic Average Shares": 1550000000.0,
      "Diluted EPS": 0.91,
      "Basic EPS": 0.92,
      "Diluted NI Availto Com Stockholders": null,
      "Net Income Common Stockholders": null,
      "Otherunder Preferred Stock Dividend": null,
      "Net Income": null,
      "Minority Interests": null,
      "Net Income Including Noncontrolling Interests": null,
      "Net Income Continuous Operations": null,
      "Tax Provision": null,
      "Pretax Income": null,
      "Net Non Operating Interest Income Expense": null,
      "Interest Expense Non Operating": null,
      "Interest Income Non Operating": null,
      "Operating Income": null,
      "Operating Expense": null,
      "Other Operating Expenses": null,
      "Research And Development": null,
      "Selling General And Administration": null,
      "Selling And Marketing Expense": null,
      "General And Administrative Expense": null,
      "Gross Profit": null,
      "Cost Of Revenue": null,
      "Total Revenue": null,
      "Operating Revenue": null
    },
    "2024-06-30T00:00:00": {
      "Tax Effect Of Unusual Items": null,
      "Tax Rate For Calcs": null,
      "Normalized EBITDA": null,
      "Net Income From Continuing Operation Net Minority Interest": null,
      "Reconciled Depreciation": null,
      "Reconciled Cost Of Revenue": null,
      "EBITDA": null,
      "EBIT": null,
      "Net Interest Income": null,
      "Interest Expense": null,
      "Interest Income": null,
      "Normalized Income": null,
      "Net Income From Continuing And Discontinued Operation": null,
      "Total Expenses": null,
      "Total Operating Income As Reported": null,
      "Diluted Average Shares": null,
      "Basic Average Shares": null,
      "Diluted EPS": null,
      "Basic EPS": null,
      "Diluted NI Availto Com Stockholders": null,
      "Net Income Common Stockholders": null,
      "Otherunder Preferred Stock Dividend": null,
      "Net Income": null,
      "Minority Interests": null,
      "Net Income Including Noncontrolling Interests": null,
      "Net Income Continuous Operations": null,
      "Tax Provision": null,
      "Pretax Income": null,
      "Net Non Operating Interest Income Expense": null,
      "Interest Expense Non Operating": null,
      "Interest Income Non Operating": null,
      "Operating Income": null,
      "Operating Expense": null,
      "Other Operating Expenses": -60000000.0,
      "Research And Development": null,
      "Selling General And Administration": null,
      "Selling And Marketing Expense": null,
      "General And Administrative Expense": null,
      "Gross Profit": null,
      "Cost Of Revenue": null,
      "Total Revenue": null,
      "Operating Revenue": null
    }
  },
  "balance_sheet": {
    "2025-12-31T00:00:00": {
      "Treasury Shares Number": null,
      "Preferred Shares Number": null,
      "Ordinary Shares Number": 1550259603.0,
      "Share Issued": 1550259603.0,
      "Net Debt": 22108000000.0,
      "Total Debt": 29622000000.0,
      "Tangible Book Value": -10421000000.0,
      "Invested Capital": 76486000000.0,
      "Working Capital": -1894000000.0,
      "Net Tangible Assets": -10421000000.0,
      "Capital Lease Obligations": 1803000000.0,
      "Common Stock Equity": 48667000000.0,
      "Total Capitalization": 73382000000.0,
      "Total Equity Gross Minority Interest": 48719000000.0,
      "Minority Interest": 52000000.0,
      "Stockholders Equity": 48667000000.0,
      "Retained Earnings": 10972000000.0,
      "Additional Paid In Capital": 35266000000.0,
      "Capital Stock": 388000000.0,
      "Common Stock": 388000000.0,
      "Total Liabilities Net Minority Interest": 65355000000.0,
      "Total Non Current Liabilities Net Minority Interest": 34738000000.0,
      "Derivative Product Liabilities": 0.0,
      "Non Current Pension And Other Postretirement Benefit Plans": 1105000000.0,
      "Non Current Accrued Expenses": null,
      "Tradeand Other Payables Non Current": 3079000000.0,
      "Non Current Deferred Revenue": null,
      "Non Current Deferred Taxes Liabilities": 3500000000.0,
      "Long Term Debt And Capital Lease Obligation": 26136000000.0,
      "Long Term Capital Lease Obligation": 1421000000.0,
      "Long Term Debt": 24715000000.0,
      "Long Term Provisions": 918000000.0,
      "Current Liabilities": 30617000000.0,
      "Current Debt And Capital Lease Obligation": 3486000000.0,
      "Current Capital Lease Obligation": 382000000.0,
      "Current Debt": 3104000000.0,
      "Current Provisions": 686000000.0,
      "Payables": 26364000000.0,
      "Other Payable": null,
      "Total Tax Payable": 1084000000.0,
      "Accounts Payable": 25280000000.0,
      "Total Assets": 114074000000.0,
      "Total Non Current Assets": 85351000000.0,
      "Defined Pension Benefit": null,
      "Non Current Prepaid Assets": null,
      "Non Current Deferred Taxes Assets": 5819000000.0,
      "Financial Assets": 498000000.0,
      "Other Investments": 2223000000.0,
      "Investmentin Financial Assets": null,
      "Available For Sale Securities": null,
      "Financial Assets Designatedas Fair Value Through Profitor Loss Total": null,
      "Long Term Equity Investment": 302000000.0,
      "Goodwill And Other Intangible Assets": 59088000000.0,
      "Other Intangible Assets": 37846000000.0,
      "Goodwill": 21242000000.0,
      "Net PPE": 14703000000.0,
      "Accumulated Depreciation": null,
      "Gross PPE": 14703000000.0,
      "Construction In Progress": null,
      "Other Properties": 14703000000.0,
      "Machinery Furniture Equipment": null,
      "Buildings And Improvements": null,
      "Land And Improvements": null,
      "Properties": null,
      "Current Assets": 28723000000.0,
      "Other Current Assets": null,
      "Hedging Assets Current": 90000000.0,
      "Assets Held For Sale Current": null,
      "Restricted Cash": null,
      "Prepaid Assets": null,
      "Inventory": 6557000000.0,
      "Finished Goods": null,
      "Work In Process": null,
      "Raw Materials": null,
      "Other Receivables": null,
      "Taxes Receivable": 1158000000.0,
      "Accounts Receivable": 15177000000.0,
      "Allowance For Doubtful Accounts Receivable": null,
      "Gross Accounts Receivable": null,
      "Cash Cash Equivalents And Short Term Investments": 5741000000.0,
      "Other Short Term Investments": 30000000.0,
      "Cash And Cash Equivalents": 5711000000.0,
      "Cash Equivalents": null,
      "Cash Financial": null
    },
    "2024-12-31T00:00:00": {
      "Treasury Shares Number": 442342.0,
      "Preferred Shares Number": null,
      "Ordinary Shares Number": 1550103897.0,
      "Share Issued": 1550546239.0,
      "Net Debt": 23174000000.0,
      "Total Debt": 30114000000.0,
      "Tangible Book Value": -17416000000.0,
      "Invested Capital": 69448000000.0,
      "Working Capital": -2039000000.0,
      "Net Tangible Assets": -17416000000.0,
      "Capital Lease Obligations": 1452000000.0,
      "Common Stock Equity": 40786000000.0,
      "Total Capitalization": 67292000000.0,
      "Total Equity Gross Minority Interest": 40871000000.0,
      "Minority Interest": 85000000.0,
      "Stockholders Equity": 40786000000.0,
      "Retained Earnings": 3160000000.0,
      "Additional Paid In Capital": 35379000000.0,
      "Capital Stock": 388000000.0,
      "Common Stock": 388000000.0,
      "Total Liabilities Net Minority Interest": 63164000000.0,
      "Total Non Current Liabilities Net Minority Interest": 35298000000.0,
      "Derivative Product Liabilities": 115000000.0,
      "Non Current Pension And Other Postretirement Benefit Plans": 1330000000.0,
      "Non Current Accrued Expenses": 65000000.0,
      "Tradeand Other Payables Non Current": 1943000000.0,
      "Non Current Deferred Revenue": 0.0,
      "Non Current Deferred Taxes Liabilities": 3305000000.0,
      "Long Term Debt And Capital Lease Obligation": 27619000000.0,
      "Long Term Capital Lease Obligation": 1113000000.0,
      "Long Term Debt": 26506000000.0,
      "Long Term Provisions": 921000000.0,
      "Current Liabilities": 27866000000.0,
      "Current Debt And Capital Lease Obligation": 2495000000.0,
      "Current Capital Lease Obligation": 339000000.0,
      "Current Debt": 2156000000.0,
      "Current Provisions": 1269000000.0,
      "Payables": 8058000000.0,
      "Other Payable": 2611000000.0,
      "Total Tax Payable": 1807000000.0,
      "Accounts Payable": 3640000000.0,
      "Total Assets": 104035000000.0,
      "Total Non Current Assets": 78208000000.0,
      "Defined Pension Benefit": 99000000.0,
      "Non Current Prepaid Assets": 356000000.0,
      "Non Current Deferred Taxes Assets": 5347000000.0,
      "Financial Assets": 182000000.0,
      "Other Investments": 1632000000.0,
      "Investmentin Financial Assets": 1632000000.0,
      "Available For Sale Securities": 1632000000.0,
      "Financial Assets Designatedas Fair Value Through Profitor Loss Total": 0.0,
      "Long Term Equity Investment": 268000000.0,
      "Goodwill And Other Intangible Assets": 58202000000.0,
      "Other Intangible Assets": 37177000000.0,
      "Goodwill": 21025000000.0,
      "Net PPE": 11647000000.0,
      "Accumulated Depreciation": -8875000000.0,
      "Gross PPE": 20522000000.0,
      "Construction In Progress": 2789000000.0,
      "Other Properties": 47000000.0,
      "Machinery Furniture Equipment": 9518000000.0,
      "Buildings And Improvements": 1588000000.0,
      "Land And Improvements": 6580000000.0,
      "Properties": 0.0,
      "Current Assets": 25827000000.0,
      "Other Current Assets": null,
      "Hedging Assets Current": 54000000.0,
      "Assets Held For Sale Current": 0.0,
      "Restricted Cash": 129000000.0,
      "Prepaid Assets": 1737000000.0,
      "Inventory": 5288000000.0,
      "Finished Goods": 1517000000.0,
      "Work In Process": 2282000000.0,
      "Raw Materials": 1489000000.0,
      "Other Receivables": 2933000000.0,
      "Taxes Receivable": 1859000000.0,
      "Accounts Receivable": 8302000000.0,
      "Allowance For Doubtful Accounts Receivable": -33000000.0,
      "Gross Accounts Receivable": 8335000000.0,
      "Cash Cash Equivalents And Short Term Investments": 5525000000.0,
      "Other Short Term Investments": 37000000.0,
      "Cash And Cash Equivalents": 5488000000.0,
      "Cash Equivalents": 4273000000.0,
      "Cash Financial": 1215000000.0
    },
    "2023-12-31T00:00:00": {
      "Treasury Shares Number": 0.0,
      "Preferred Shares Number": null,
      "Ordinary Shares Number": 1550162626.0,
      "Share Issued": 1550162626.0,
      "Net Debt": 21439000000.0,
      "Total Debt": 28407000000.0,
      "Tangible Book Value": -18994000000.0,
      "Invested Capital": 66422000000.0,
      "Working Capital": -5488000000.0,
      "Net Tangible Assets": -18994000000.0,
      "Capital Lease Obligations": 1128000000.0,
      "Common Stock Equity": 39143000000.0,
      "Total Capitalization": 61508000000.0,
      "Total Equity Gross Minority Interest": 39166000000.0,
      "Minority Interest": 23000000.0,
      "Stockholders Equity": 39143000000.0,
      "Retained Earnings": 1502000000.0,
      "Additional Paid In Capital": 35341000000.0,
      "Capital Stock": 388000000.0,
      "Common Stock": 388000000.0,
      "Total Liabilities Net Minority Interest": 61953000000.0,
      "Total Non Current Liabilities Net Minority Interest": 31411000000.0,
      "Derivative Product Liabilities": 38000000.0,
      "Non Current Pension And Other Postretirement Benefit Plans": 1520000000.0,
      "Non Current Accrued Expenses": 36000000.0,
      "Tradeand Other Payables Non Current": 2617000000.0,
      "Non Current Deferred Revenue": 7000000.0,
      "Non Current Deferred Taxes Liabilities": 2844000000.0,
      "Long Term Debt And Capital Lease Obligation": 23222000000.0,
      "Long Term Capital Lease Obligation": 857000000.0,
      "Long Term Debt": 22365000000.0,
      "Long Term Provisions": 1127000000.0,
      "Current Liabilities": 30542000000.0,
      "Current Debt And Capital Lease Obligation": 5185000000.0,
      "Current Capital Lease Obligation": 271000000.0,
      "Current Debt": 4914000000.0,
      "Current Provisions": 1028000000.0,
      "Payables": 7623000000.0,
      "Other Payable": 2280000000.0,
      "Total Tax Payable": 2076000000.0,
      "Accounts Payable": 3267000000.0,
      "Total Assets": 101119000000.0,
      "Total Non Current Assets": 76065000000.0,
      "Defined Pension Benefit": 92000000.0,
      "Non Current Prepaid Assets": 274000000.0,
      "Non Current Deferred Taxes Assets": 4718000000.0,
      "Financial Assets": 228000000.0,
      "Other Investments": 1530000000.0,
      "Investmentin Financial Assets": 1530000000.0,
      "Available For Sale Securities": 1530000000.0,
      "Financial Assets Designatedas Fair Value Through Profitor Loss Total": 0.0,
      "Long Term Equity Investment": 147000000.0,
      "Goodwill And Other Intangible Assets": 58137000000.0,
      "Other Intangible Assets": 38089000000.0,
      "Goodwill": 20048000000.0,
      "Net PPE": 10502000000.0,
      "Accumulated Depreciation": -8599000000.0,
      "Gross PPE": 19101000000.0,
      "Construction In Progress": 2045000000.0,
      "Other Properties": 36000000.0,
      "Machinery Furniture Equipment": 9199000000.0,
      "Buildings And Improvements": 1352000000.0,
      "Land And Improvements": 6469000000.0,
      "Properties": 0.0,
      "Current Assets": 25054000000.0,
      "Other Current Assets": null,
      "Hedging Assets Current": 116000000.0,
      "Assets Held For Sale Current": 0.0,
      "Restricted Cash": 102000000.0,
      "Prepaid Assets": 1617000000.0,
      "Inventory": 5424000000.0,
      "Finished Goods": 1568000000.0,
      "Work In Process": 2325000000.0,
      "Raw Materials": 1531000000.0,
      "Other Receivables": 2102000000.0,
      "Taxes Receivable": 1426000000.0,
      "Accounts Receivable": 8407000000.0,
      "Allowance For Doubtful Accounts Receivable": -45000000.0,
      "Gross Accounts Receivable": 8452000000.0,
      "Cash Cash Equivalents And Short Term Investments": 5860000000.0,
      "Other Short Term Investments": 20000000.0,
      "Cash And Cash Equivalents": 5840000000.0,
      "Cash Equivalents": 4515000000.0,
      "Cash Financial": 1325000000.0
    },
    "2022-12-31T00:00:00": {
      "Treasury Shares Number": 0.0,
      "Preferred Shares Number": null,
      "Ordinary Shares Number": 1549800030.0,
      "Share Issued": 1549800030.0,
      "Net Debt": 22024000000.0,
      "Total Debt": 29143000000.0,
      "Tangible Book Value": -22090000000.0,
      "Invested Capital": 65227000000.0,
      "Working Capital": -3700000000.0,
      "Net Tangible Assets": -22090000000.0,
      "Capital Lease Obligations": 953000000.0,
      "Common Stock Equity": 37037000000.0,
      "Total Capitalization": 60002000000.0,
      "Total Equity Gross Minority Interest": 37058000000.0,
      "Minority Interest": 21000000.0,
      "Stockholders Equity": 37037000000.0,
      "Retained Earnings": -574000000.0,
      "Additional Paid In Capital": 35308000000.0,
      "Capital Stock": 387000000.0,
      "Common Stock": 387000000.0,
      "Total Liabilities Net Minority Interest": 59425000000.0,
      "Total Non Current Liabilities Net Minority Interest": 33132000000.0,
      "Derivative Product Liabilities": 943000000.0,
      "Non Current Pension And Other Postretirement Benefit Plans": 1168000000.0,
      "Non Current Accrued Expenses": 37000000.0,
      "Tradeand Other Payables Non Current": 3440000000.0,
      "Non Current Deferred Revenue": 14000000.0,
      "Non Current Deferred Taxes Liabilities": 2944000000.0,
      "Long Term Debt And Capital Lease Obligation": 23690000000.0,
      "Long Term Capital Lease Obligation": 725000000.0,
      "Long Term Debt": 22965000000.0,
      "Long Term Provisions": 896000000.0,
      "Current Liabilities": 26293000000.0,
      "Current Debt And Capital Lease Obligation": 5453000000.0,
      "Current Capital Lease Obligation": 228000000.0,
      "Current Debt": 5225000000.0,
      "Current Provisions": 722000000.0,
      "Payables": 5841000000.0,
      "Other Payable": 1927000000.0,
      "Total Tax Payable": 1364000000.0,
      "Accounts Payable": 2550000000.0,
      "Total Assets": 96483000000.0,
      "Total Non Current Assets": 73890000000.0,
      "Defined Pension Benefit": 90000000.0,
      "Non Current Prepaid Assets": 243000000.0,
      "Non Current Deferred Taxes Assets": 3263000000.0,
      "Financial Assets": 74000000.0,
      "Other Investments": null,
      "Investmentin Financial Assets": 1066000000.0,
      "Available For Sale Securities": 1056000000.0,
      "Financial Assets Designatedas Fair Value Through Profitor Loss Total": 10000000.0,
      "Long Term Equity Investment": 76000000.0,
      "Goodwill And Other Intangible Assets": 59127000000.0,
      "Other Intangible Assets": 39307000000.0,
      "Goodwill": 19820000000.0,
      "Net PPE": 9449000000.0,
      "Accumulated Depreciation": -7743000000.0,
      "Gross PPE": 17192000000.0,
      "Construction In Progress": 2653000000.0,
      "Other Properties": 32000000.0,
      "Machinery Furniture Equipment": 7885000000.0,
      "Buildings And Improvements": 1182000000.0,
      "Land And Improvements": 5440000000.0,
      "Properties": 0.0,
      "Current Assets": 22593000000.0,
      "Other Current Assets": null,
      "Hedging Assets Current": 87000000.0,
      "Assets Held For Sale Current": 150000000.0,
      "Restricted Cash": 162000000.0,
      "Prepaid Assets": 1329000000.0,
      "Inventory": 4699000000.0,
      "Finished Goods": 1413000000.0,
      "Work In Process": 1864000000.0,
      "Raw Materials": 1422000000.0,
      "Other Receivables": 1980000000.0,
      "Taxes Receivable": 731000000.0,
      "Accounts Receivable": 7212000000.0,
      "Allowance For Doubtful Accounts Receivable": -59000000.0,
      "Gross Accounts Receivable": 7271000000.0,
      "Cash Cash Equivalents And Short Term Investments": 6243000000.0,
      "Other Short Term Investments": 77000000.0,
      "Cash And Cash Equivalents": 6166000000.0,
      "Cash Equivalents": 4755000000.0,
      "Cash Financial": 1411000000.0
    },
    "2021-12-31T00:00:00": {
      "Treasury Shares Number": 0.0,
      "Preferred Shares Number": 50000.0,
      "Ordinary Shares Number": null,
      "Share Issued": null,
      "Net Debt": null,
      "Total Debt": null,
      "Tangible Book Value": null,
      "Invested Capital": null,
      "Working Capital": null,
      "Net Tangible Assets": null,
      "Capital Lease Obligations": null,
      "Common Stock Equity": null,
      "Total Capitalization": null,
      "Total Equity Gross Minority Interest": null,
      "Minority Interest": null,
      "Stockholders Equity": null,
      "Retained Earnings": null,
      "Additional Paid In Capital": null,
      "Capital Stock": null,
      "Common Stock": null,
      "Total Liabilities Net Minority Interest": null,
      "Total Non Current Liabilities Net Minority Interest": null,
      "Derivative Product Liabilities": null,
      "Non Current Pension And Other Postretirement Benefit Plans": null,
      "Non Current Accrued Expenses": 25000000.0,
      "Tradeand Other Payables Non Current": null,
      "Non Current Deferred Revenue": 26000000.0,
      "Non Current Deferred Taxes Liabilities": null,
      "Long Term Debt And Capital Lease Obligation": null,
      "Long Term Capital Lease Obligation": null,
      "Long Term Debt": null,
      "Long Term Provisions": null,
      "Current Liabilities": null,
      "Current Debt And Capital Lease Obligation": null,
      "Current Capital Lease Obligation": null,
      "Current Debt": null,
      "Current Provisions": null,
      "Payables": null,
      "Other Payable": 1655000000.0,
      "Total Tax Payable": null,
      "Accounts Payable": null,
      "Total Assets": null,
      "Total Non Current Assets": null,
      "Defined Pension Benefit": 0.0,
      "Non Current Prepaid Assets": 391000000.0,
      "Non Current Deferred Taxes Assets": null,
      "Financial Assets": null,
      "Other Investments": null,
      "Investmentin Financial Assets": 1168000000.0,
      "Available For Sale Securities": 1168000000.0,
      "Financial Assets Designatedas Fair Value Through Profitor Loss Total": 0.0,
      "Long Term Equity Investment": null,
      "Goodwill And Other Intangible Assets": null,
      "Other Intangible Assets": null,
      "Goodwill": null,
      "Net PPE": null,
      "Accumulated Depreciation": -8324000000.0,
      "Gross PPE": null,
      "Construction In Progress": 2728000000.0,
      "Other Properties": null,
      "Machinery Furniture Equipment": 8224000000.0,
      "Buildings And Improvements": 1133000000.0,
      "Land And Improvements": 6377000000.0,
      "Properties": 0.0,
      "Current Assets": null,
      "Other Current Assets": 105000000.0,
      "Hedging Assets Current": null,
      "Assets Held For Sale Current": 368000000.0,
      "Restricted Cash": 0.0,
      "Prepaid Assets": 1512000000.0,
      "Inventory": null,
      "Finished Goods": 2012000000.0,
      "Work In Process": 5216000000.0,
      "Raw Materials": 1755000000.0,
      "Other Receivables": 2101000000.0,
      "Taxes Receivable": null,
      "Accounts Receivable": null,
      "Allowance For Doubtful Accounts Receivable": -23000000.0,
      "Gross Accounts Receivable": 6054000000.0,
      "Cash Cash Equivalents And Short Term Investments": null,
      "Other Short Term Investments": null,
      "Cash And Cash Equivalents": null,
      "Cash Equivalents": 4868000000.0,
      "Cash Financial": 1461000000.0
    }
  },
  "cashflow": {
    "2025-12-31T00:00:00": {
      "Free Cash Flow": 8670000000.0,
      "Repayment Of Debt": -2029000000.0,
      "Issuance Of Debt": 15000000.0,
      "Issuance Of Capital Stock": -481000000.0,
      "Capital Expenditure": -5905000000.0,
      "End Cash Position": 5698000000.0,
      "Beginning Cash Position": 5429000000.0,
      "Effect Of Exchange Rate Changes": 46000000.0,
      "Changes In Cash": 223000000.0,
      "Financing Cash Flow": -7544000000.0,
      "Net Other Financing Charges": -70000000.0,
      "Cash Dividends Paid": -4971000000.0,
      "Common Stock Dividend Paid": -4971000000.0,
      "Net Common Stock Issuance": -481000000.0,
      "Common Stock Issuance": -481000000.0,
      "Net Issuance Payments Of Debt": -1650000000.0,
      "Net Short Term Debt Issuance": 364000000.0,
      "Net Long Term Debt Issuance": -2014000000.0,
      "Long Term Debt Payments": -2029000000.0,
      "Long Term Debt Issuance": 15000000.0,
      "Investing Cash Flow": -6808000000.0,
      "Net Other Investing Changes": null,
      "Interest Received Cfi": 286000000.0,
      "Net Investment Purchase And Sale": -98000000.0,
      "Sale Of Investment": 131000000.0,
      "Purchase Of Investment": -229000000.0,
      "Net Business Purchase And Sale": -1240000000.0,
      "Sale Of Business": 0.0,
      "Purchase Of Business": -1240000000.0,
      "Net Intangibles Purchase And Sale": -2959000000.0,
      "Sale Of Intangibles": 136000000.0,
      "Purchase Of Intangibles": -3095000000.0,
      "Net PPE Purchase And Sale": -2797000000.0,
      "Sale Of PPE": 13000000.0,
      "Purchase Of PPE": -2810000000.0,
      "Operating Cash Flow": 14575000000.0,
      "Taxes Refund Paid": -2845000000.0,
      "Interest Paid Cfo": -1316000000.0,
      "Change In Working Capital": -1137000000.0,
      "Change In Payable": null,
      "Change In Inventory": null,
      "Change In Receivables": null,
      "Other Non Cash Items": 1899000000.0,
      "Depreciation And Amortization": 5733000000.0,
      "Amortization Cash Flow": null,
      "Depreciation": 5733000000.0,
      "Gain Loss On Investment Securities": null,
      "Net Foreign Currency Exchange Gain Loss": null,
      "Gain Loss On Sale Of PPE": -168000000.0,
      "Gain Loss On Sale Of Business": null,
      "Net Income From Continuing Operations": 12402000000.0
    },
    "2024-12-31T00:00:00": {
      "Free Cash Flow": 7275000000.0,
      "Repayment Of Debt": -4652000000.0,
      "Issuance Of Debt": 6492000000.0,
      "Issuance Of Capital Stock": -43000000.0,
      "Capital Expenditure": -4586000000.0,
      "End Cash Position": 5429000000.0,
      "Beginning Cash Position": 5637000000.0,
      "Effect Of Exchange Rate Changes": -93000000.0,
      "Changes In Cash": -115000000.0,
      "Financing Cash Flow": -3996000000.0,
      "Net Other Financing Charges": -817000000.0,
      "Cash Dividends Paid": -4629000000.0,
      "Common Stock Dividend Paid": -4629000000.0,
      "Net Common Stock Issuance": -43000000.0,
      "Common Stock Issuance": -43000000.0,
      "Net Issuance Payments Of Debt": 1809000000.0,
      "Net Short Term Debt Issuance": -31000000.0,
      "Net Long Term Debt Issuance": 1840000000.0,
      "Long Term Debt Payments": -4652000000.0,
      "Long Term Debt Issuance": 6492000000.0,
      "Investing Cash Flow": -7980000000.0,
      "Net Other Investing Changes": null,
      "Interest Received Cfi": 343000000.0,
      "Net Investment Purchase And Sale": 12000000.0,
      "Sale Of Investment": 108000000.0,
      "Purchase Of Investment": -96000000.0,
      "Net Business Purchase And Sale": -3927000000.0,
      "Sale Of Business": 13000000.0,
      "Purchase Of Business": -3940000000.0,
      "Net Intangibles Purchase And Sale": -2539000000.0,
      "Sale Of Intangibles": 123000000.0,
      "Purchase Of Intangibles": -2662000000.0,
      "Net PPE Purchase And Sale": -1869000000.0,
      "Sale Of PPE": 55000000.0,
      "Purchase Of PPE": -1924000000.0,
      "Operating Cash Flow": 11861000000.0,
      "Taxes Refund Paid": -2750000000.0,
      "Interest Paid Cfo": -1313000000.0,
      "Change In Working Capital": -893000000.0,
      "Change In Payable": 862000000.0,
      "Change In Inventory": -131000000.0,
      "Change In Receivables": -1624000000.0,
      "Other Non Cash Items": 1474000000.0,
      "Depreciation And Amortization": 6688000000.0,
      "Amortization Cash Flow": 3923000000.0,
      "Depreciation": 6688000000.0,
      "Gain Loss On Investment Securities": -95000000.0,
      "Net Foreign Currency Exchange Gain Loss": 42000000.0,
      "Gain Loss On Sale Of PPE": -64000000.0,
      "Gain Loss On Sale Of Business": null,
      "Net Income From Continuing Operations": 8691000000.0
    },
    "2023-12-31T00:00:00": {
      "Free Cash Flow": 6567000000.0,
      "Repayment Of Debt": -4942000000.0,
      "Issuance Of Debt": 3816000000.0,
      "Issuance Of Capital Stock": 33000000.0,
      "Capital Expenditure": -3778000000.0,
      "End Cash Position": 5637000000.0,
      "Beginning Cash Position": 5983000000.0,
      "Effect Of Exchange Rate Changes": -60000000.0,
      "Changes In Cash": -286000000.0,
      "Financing Cash Flow": -6567000000.0,
      "Net Other Financing Charges": -886000000.0,
      "Cash Dividends Paid": -4481000000.0,
      "Common Stock Dividend Paid": -4481000000.0,
      "Net Common Stock Issuance": 33000000.0,
      "Common Stock Issuance": 33000000.0,
      "Net Issuance Payments Of Debt": -965000000.0,
      "Net Short Term Debt Issuance": 161000000.0,
      "Net Long Term Debt Issuance": -1126000000.0,
      "Long Term Debt Payments": -4942000000.0,
      "Long Term Debt Issuance": 3816000000.0,
      "Investing Cash Flow": -4064000000.0,
      "Net Other Investing Changes": 190000000.0,
      "Interest Received Cfi": 287000000.0,
      "Net Investment Purchase And Sale": -7000000.0,
      "Sale Of Investment": 129000000.0,
      "Purchase Of Investment": -136000000.0,
      "Net Business Purchase And Sale": -1179000000.0,
      "Sale Of Business": 0.0,
      "Purchase Of Business": -1179000000.0,
      "Net Intangibles Purchase And Sale": -2126000000.0,
      "Sale Of Intangibles": 291000000.0,
      "Purchase Of Intangibles": -2417000000.0,
      "Net PPE Purchase And Sale": -1229000000.0,
      "Sale Of PPE": 132000000.0,
      "Purchase Of PPE": -1361000000.0,
      "Operating Cash Flow": 10345000000.0,
      "Taxes Refund Paid": -2366000000.0,
      "Interest Paid Cfo": -1081000000.0,
      "Change In Working Capital": 300000000.0,
      "Change In Payable": 2394000000.0,
      "Change In Inventory": -669000000.0,
      "Change In Receivables": -1425000000.0,
      "Other Non Cash Items": 1451000000.0,
      "Depreciation And Amortization": 4934000000.0,
      "Amortization Cash Flow": 3926000000.0,
      "Depreciation": 1008000000.0,
      "Gain Loss On Investment Securities": -40000000.0,
      "Net Foreign Currency Exchange Gain Loss": 34000000.0,
      "Gain Loss On Sale Of PPE": -251000000.0,
      "Gain Loss On Sale Of Business": 0.0,
      "Net Income From Continuing Operations": 6899000000.0
    },
    "2022-12-31T00:00:00": {
      "Free Cash Flow": 7237000000.0,
      "Repayment Of Debt": -1271000000.0,
      "Issuance Of Debt": 0.0,
      "Issuance Of Capital Stock": 29000000.0,
      "Capital Expenditure": -2571000000.0,
      "End Cash Position": 5983000000.0,
      "Beginning Cash Position": 6038000000.0,
      "Effect Of Exchange Rate Changes": -80000000.0,
      "Changes In Cash": 25000000.0,
      "Financing Cash Flow": -6823000000.0,
      "Net Other Financing Charges": -1047000000.0,
      "Cash Dividends Paid": -4364000000.0,
      "Common Stock Dividend Paid": -4364000000.0,
      "Net Common Stock Issuance": 29000000.0,
      "Common Stock Issuance": 29000000.0,
      "Net Issuance Payments Of Debt": -1197000000.0,
      "Net Short Term Debt Issuance": 74000000.0,
      "Net Long Term Debt Issuance": -1271000000.0,
      "Long Term Debt Payments": -1271000000.0,
      "Long Term Debt Issuance": 0.0,
      "Investing Cash Flow": -2960000000.0,
      "Net Other Investing Changes": null,
      "Interest Received Cfi": 60000000.0,
      "Net Investment Purchase And Sale": -117000000.0,
      "Sale Of Investment": 42000000.0,
      "Purchase Of Investment": -159000000.0,
      "Net Business Purchase And Sale": -1061000000.0,
      "Sale Of Business": 0.0,
      "Purchase Of Business": -1061000000.0,
      "Net Intangibles Purchase And Sale": -1033000000.0,
      "Sale Of Intangibles": 447000000.0,
      "Purchase Of Intangibles": -1480000000.0,
      "Net PPE Purchase And Sale": -809000000.0,
      "Sale Of PPE": 282000000.0,
      "Purchase Of PPE": -1091000000.0,
      "Operating Cash Flow": 9808000000.0,
      "Taxes Refund Paid": -1623000000.0,
      "Interest Paid Cfo": -849000000.0,
      "Change In Working Capital": 3757000000.0,
      "Change In Payable": 1165000000.0,
      "Change In Inventory": 3941000000.0,
      "Change In Receivables": -1349000000.0,
      "Other Non Cash Items": 639000000.0,
      "Depreciation And Amortization": 5254000000.0,
      "Amortization Cash Flow": 4156000000.0,
      "Depreciation": 1098000000.0,
      "Gain Loss On Investment Securities": -14000000.0,
      "Net Foreign Currency Exchange Gain Loss": 16000000.0,
      "Gain Loss On Sale Of PPE": -104000000.0,
      "Gain Loss On Sale Of Business": 0.0,
      "Net Income From Continuing Operations": 2501000000.0
    },
    "2021-12-31T00:00:00": {
      "Free Cash Flow": null,
      "Repayment Of Debt": null,
      "Issuance Of Debt": null,
      "Issuance Of Capital Stock": null,
      "Capital Expenditure": null,
      "End Cash Position": null,
      "Beginning Cash Position": null,
      "Effect Of Exchange Rate Changes": null,
      "Changes In Cash": null,
      "Financing Cash Flow": null,
      "Net Other Financing Charges": null,
      "Cash Dividends Paid": null,
      "Common Stock Dividend Paid": null,
      "Net Common Stock Issuance": null,
      "Common Stock Issuance": null,
      "Net Issuance Payments Of Debt": null,
      "Net Short Term Debt Issuance": null,
      "Net Long Term Debt Issuance": null,
      "Long Term Debt Payments": null,
      "Long Term Debt Issuance": null,
      "Investing Cash Flow": null,
      "Net Other Investing Changes": 20000000.0,
      "Interest Received Cfi": null,
      "Net Investment Purchase And Sale": null,
      "Sale Of Investment": null,
      "Purchase Of Investment": null,
      "Net Business Purchase And Sale": null,
      "Sale Of Business": null,
      "Purchase Of Business": null,
      "Net Intangibles Purchase And Sale": null,
      "Sale Of Intangibles": null,
      "Purchase Of Intangibles": null,
      "Net PPE Purchase And Sale": null,
      "Sale Of PPE": null,
      "Purchase Of PPE": null,
      "Operating Cash Flow": null,
      "Taxes Refund Paid": null,
      "Interest Paid Cfo": null,
      "Change In Working Capital": null,
      "Change In Payable": 1405000000.0,
      "Change In Inventory": 1577000000.0,
      "Change In Receivables": -961000000.0,
      "Other Non Cash Items": null,
      "Depreciation And Amortization": null,
      "Amortization Cash Flow": 3143000000.0,
      "Depreciation": null,
      "Gain Loss On Investment Securities": 4000000.0,
      "Net Foreign Currency Exchange Gain Loss": 20000000.0,
      "Gain Loss On Sale Of PPE": null,
      "Gain Loss On Sale Of Business": -776000000.0,
      "Net Income From Continuing Operations": null
    }
  },
  "earnings_estimate": {
    "avg": {
      "0q": 2.53138,
      "+1q": 2.50374,
      "0y": 10.31381,
      "+1y": 11.61082
    },
    "low": {
      "0q": 2.42689,
      "+1q": 2.36,
      "0y": 9.96317,
      "+1y": 11.1
    },
    "high": {
      "0q": 2.66,
      "+1q": 2.61,
      "0y": 10.63,
      "+1y": 12.62
    },
    "yearAgoEps": {
      "0q": 2.49,
      "+1q": 2.17,
      "0y": 9.16,
      "+1y": 10.31381
    },
    "numberOfAnalysts": {
      "0q": 5,
      "+1q": 5,
      "0y": 20,
      "+1y": 20
    },
    "growth": {
      "0q": 0.0166,
      "+1q": 0.1538,
      "0y": 0.126,
      "+1y": 0.1258
    }
  },
  "revenue_estimate": {
    "avg": {
      "0q": 14689081180,
      "+1q": 15291274430,
      "0y": 62581634720,
      "+1y": 66508486059
    },
    "low": {
      "0q": 14144000000,
      "+1q": 15142478000,
      "0y": 57944000000,
      "+1y": 60641669570
    },
    "high": {
      "0q": 14923145000,
      "+1q": 15558000000,
      "0y": 64515000000,
      "+1y": 70262000000
    },
    "numberOfAnalysts": {
      "0q": 8,
      "+1q": 8,
      "0y": 24,
      "+1y": 24
    },
    "yearAgoRevenue": {
      "0q": 13588000000,
      "+1q": 14457000000,
      "0y": 58739000000,
      "+1y": 62581634720
    },
    "growth": {
      "0q": 0.081,
      "+1q": 0.0577,
      "0y": 0.0654,
      "+1y": 0.0627
    }
  },
  "growth_estimates": {
    "stockTrend": {
      "0q": 0.0166,
      "+1q": 0.1538,
      "0y": 0.126,
      "+1y": 0.1258,
      "LTG": null
    },
    "indexTrend": {
      "0q": 0.1273,
      "+1q": 0.103599995,
      "0y": 0.14310001,
      "+1y": 0.1557,
      "LTG": 0.122
    }
  },
  "revenue_forecasts": null,
  "dividend_rate": 2.36,
  "trailing_dividend_rate": 3.2
}