{
  "ticker": "BAC",
  "name": "Bank of America",
  "country": "usa",
  "currency": "USD",
  "last_fetched": "2026-02-26T20:45:38.073368",
  "market_cap": 382285643776,
  "revenue": 107421999104,
  "net_income": 29055000576,
  "pe_ratio": 13.740157,
  "forward_pe": 10.535892,
  "dividend_yield": 2.13,
  "profit_margin": 0.28401,
  "roe": 0.1019,
  "debt_to_equity": null,
  "beta": 1.273,
  "ev_to_ebitda": null,
  "sector": "Financial Services",
  "industry": "Banks - Diversified",
  "summary": "Bank of America Corporation, through its subsidiaries, provides various financial products and services for individual consumers, small and middle-market businesses, institutional investors, large corporations, and governments worldwide. The company operates through four segments: Consumer Banking, Global Wealth & Investment Management (GWIM), Global Banking, and Global Markets. The Consumer Banking segment offers traditional and money market savings accounts, certificates of deposit and IRAs, checking accounts, and investment accounts and products; credit and debit cards; residential mortgages and home equity loans; and direct and indirect loans, such as automotive, recreational vehicle, and consumer personal loans. The GWIM segment provides investment management, brokerage, banking, and trust and retirement products and services; wealth management solutions; and customized solutions, including specialty asset management services. The Global Banking segment offers lending products and services, including commercial loans, leases, commitment facilities, trade finance, and commercial real estate and asset-based lending; treasury solutions, such as treasury management, foreign exchange, short-term investing options, and merchant services; working capital management solutions; debt and equity underwriting and distribution, and merger-related and other advisory services; and fixed-income and equity research services. The Global Markets segment provides market-making, financing, securities clearing, settlement, and custody services; securities and derivative products; and risk management products using interest rate, equity, credit, currency and commodity derivatives, foreign exchange, fixed-income, and mortgage-related products. Bank of America Corporation was founded in 1784 and is based in Charlotte, North Carolina.",
  "website": "https://www.bankofamerica.com",
  "employees": 213207,
  "target_high": 71.0,
  "target_low": 56.0,
  "target_mean": 62.52083,
  "target_median": 62.5,
  "recommendation": "buy",
  "num_analysts": 24,
  "income_stmt": {
    "2025-12-31T00:00:00": {
      "Tax Effect Of Unusual Items": null,
      "Tax Rate For Calcs": null,
      "Total Unusual Items": null,
      "Total Unusual Items Excluding Goodwill": null,
      "Net Income From Continuing Operation Net Minority Interest": null,
      "Reconciled Depreciation": null,
      "Net Interest Income": null,
      "Interest Expense": null,
      "Interest Income": null,
      "Normalized Income": null,
      "Net Income From Continuing And Discontinued Operation": null,
      "Diluted Average Shares": 7680900000.0,
      "Basic Average Shares": 7521900000.0,
      "Diluted EPS": 3.81,
      "Basic EPS": 3.86,
      "Diluted NI Availto Com Stockholders": null,
      "Net Income Common Stockholders": null,
      "Otherunder Preferred Stock Dividend": null,
      "Preferred Stock Dividends": null,
      "Net Income": null,
      "Net Income Including Noncontrolling Interests": null,
      "Net Income Continuous Operations": null,
      "Tax Provision": null,
      "Pretax Income": null,
      "Special Income Charges": null,
      "Other Special Charges": null,
      "Gain On Sale Of Security": null,
      "Selling General And Administration": null,
      "Selling And Marketing Expense": null,
      "General And Administrative Expense": null,
      "Other Gand A": null,
      "Salaries And Wages": null,
      "Total Revenue": null,
      "Operating Revenue": null,
      "Occupancy And Equipment": null,
      "Professional Expense And Contract Services Expense": null,
      "Other Non Interest Expense": null
    },
    "2024-12-31T00:00:00": {
      "Tax Effect Of Unusual Items": 0.0,
      "Tax Rate For Calcs": 0.073,
      "Total Unusual Items": null,
      "Total Unusual Items Excluding Goodwill": null,
      "Net Income From Continuing Operation Net Minority Interest": 27132000000.0,
      "Reconciled Depreciation": 2189000000.0,
      "Net Interest Income": 56060000000.0,
      "Interest Expense": 90547000000.0,
      "Interest Income": 146607000000.0,
      "Normalized Income": 27132000000.0,
      "Net Income From Continuing And Discontinued Operation": 27132000000.0,
      "Diluted Average Shares": 7935800000.0,
      "Basic Average Shares": 7855500000.0,
      "Diluted EPS": 3.21,
      "Basic EPS": 3.25,
      "Diluted NI Availto Com Stockholders": 25503000000.0,
      "Net Income Common Stockholders": 25503000000.0,
      "Otherunder Preferred Stock Dividend": null,
      "Preferred Stock Dividends": 1629000000.0,
      "Net Income": 27132000000.0,
      "Net Income Including Noncontrolling Interests": 27132000000.0,
      "Net Income Continuous Operations": 27132000000.0,
      "Tax Provision": 2122000000.0,
      "Pretax Income": 29254000000.0,
      "Special Income Charges": null,
      "Other Special Charges": null,
      "Gain On Sale Of Security": 0.0,
      "Selling General And Administration": 49623000000.0,
      "Selling And Marketing Expense": 5450000000.0,
      "General And Administrative Expense": 44173000000.0,
      "Other Gand A": 3991000000.0,
      "Salaries And Wages": 40182000000.0,
      "Total Revenue": 101887000000.0,
      "Operating Revenue": 101887000000.0,
      "Occupancy And Equipment": 7289000000.0,
      "Professional Expense And Contract Services Expense": 2669000000.0,
      "Other Non Interest Expense": 7231000000.0
    },
    "2023-12-31T00:00:00": {
      "Tax Effect Of Unusual Items": -134400000.0,
      "Tax Rate For Calcs": 0.064,
      "Total Unusual Items": -2100000000.0,
      "Total Unusual Items Excluding Goodwill": -2100000000.0,
      "Net Income From Continuing Operation Net Minority Interest": 26515000000.0,
      "Reconciled Depreciation": 2057000000.0,
      "Net Interest Income": 56931000000.0,
      "Interest Expense": 73331000000.0,
      "Interest Income": 130262000000.0,
      "Normalized Income": 28480600000.0,
      "Net Income From Continuing And Discontinued Operation": 26515000000.0,
      "Diluted Average Shares": 8080500000.0,
      "Basic Average Shares": 8028600000.0,
      "Diluted EPS": 3.08,
      "Basic EPS": 3.1,
      "Diluted NI Availto Com Stockholders": 24866000000.0,
      "Net Income Common Stockholders": 24866000000.0,
      "Otherunder Preferred Stock Dividend": null,
      "Preferred Stock Dividends": 1649000000.0,
      "Net Income": 26515000000.0,
      "Net Income Including Noncontrolling Interests": 26515000000.0,
      "Net Income Continuous Operations": 26515000000.0,
      "Tax Provision": 1827000000.0,
      "Pretax Income": 28342000000.0,
      "Special Income Charges": -2100000000.0,
      "Other Special Charges": 2100000000.0,
      "Gain On Sale Of Security": 0.0,
      "Selling General And Administration": 47715000000.0,
      "Selling And Marketing Expense": 5535000000.0,
      "General And Administrative Expense": 42180000000.0,
      "Other Gand A": 3850000000.0,
      "Salaries And Wages": 38330000000.0,
      "Total Revenue": 98581000000.0,
      "Operating Revenue": 98581000000.0,
      "Occupancy And Equipment": 7164000000.0,
      "Professional Expense And Contract Services Expense": 2159000000.0,
      "Other Non Interest Expense": 6707000000.0
    },
    "2022-12-31T00:00:00": {
      "Tax Effect Of Unusual Items": 0.0,
      "Tax Rate For Calcs": 0.111,
      "Total Unusual Items": null,
      "Total Unusual Items Excluding Goodwill": null,
      "Net Income From Continuing Operation Net Minority Interest": 27528000000.0,
      "Reconciled Depreciation": 1978000000.0,
      "Net Interest Income": 52462000000.0,
      "Interest Expense": 20103000000.0,
      "Interest Income": 72565000000.0,
      "Normalized Income": 27528000000.0,
      "Net Income From Continuing And Discontinued Operation": 27528000000.0,
      "Diluted Average Shares": 8167500000.0,
      "Basic Average Shares": 8113700000.0,
      "Diluted EPS": 3.19,
      "Basic EPS": 3.21,
      "Diluted NI Availto Com Stockholders": 26015000000.0,
      "Net Income Common Stockholders": 26015000000.0,
      "Otherunder Preferred Stock Dividend": 1513000000.0,
      "Preferred Stock Dividends": 1513000000.0,
      "Net Income": 27528000000.0,
      "Net Income Including Noncontrolling Interests": 27528000000.0,
      "Net Income Continuous Operations": 27528000000.0,
      "Tax Provision": 3441000000.0,
      "Pretax Income": 30969000000.0,
      "Special Income Charges": null,
      "Other Special Charges": null,
      "Gain On Sale Of Security": 0.0,
      "Selling General And Administration": 45946000000.0,
      "Selling And Marketing Expense": 5478000000.0,
      "General And Administrative Expense": 40468000000.0,
      "Other Gand A": 4021000000.0,
      "Salaries And Wages": 36447000000.0,
      "Total Revenue": 94950000000.0,
      "Operating Revenue": 94950000000.0,
      "Occupancy And Equipment": 7071000000.0,
      "Professional Expense And Contract Services Expense": 2142000000.0,
      "Other Non Interest Expense": 6279000000.0
    },
    "2021-12-31T00:00:00": {
      "Tax Effect Of Unusual Items": 0.0,
      "Tax Rate For Calcs": 0.058806,
      "Total Unusual Items": null,
      "Total Unusual Items Excluding Goodwill": null,
      "Net Income From Continuing Operation Net Minority Interest": 31978000000.0,
      "Reconciled Depreciation": 1898000000.0,
      "Net Interest Income": 42934000000.0,
      "Interest Expense": 4738000000.0,
      "Interest Income": 47672000000.0,
      "Normalized Income": 31978000000.0,
      "Net Income From Continuing And Discontinued Operation": 31978000000.0,
      "Diluted Average Shares": null,
      "Basic Average Shares": null,
      "Diluted EPS": null,
      "Basic EPS": null,
      "Diluted NI Availto Com Stockholders": 30557000000.0,
      "Net Income Common Stockholders": 30557000000.0,
      "Otherunder Preferred Stock Dividend": 1421000000.0,
      "Preferred Stock Dividends": 1421000000.0,
      "Net Income": 31978000000.0,
      "Net Income Including Noncontrolling Interests": 31978000000.0,
      "Net Income Continuous Operations": 31978000000.0,
      "Tax Provision": 1998000000.0,
      "Pretax Income": 33976000000.0,
      "Special Income Charges": null,
      "Other Special Charges": null,
      "Gain On Sale Of Security": 0.0,
      "Selling General And Administration": 45049000000.0,
      "Selling And Marketing Expense": 5820000000.0,
      "General And Administrative Expense": 39229000000.0,
      "Other Gand A": 3089000000.0,
      "Salaries And Wages": 36140000000.0,
      "Total Revenue": 89113000000.0,
      "Operating Revenue": 89113000000.0,
      "Occupancy And Equipment": 7138000000.0,
      "Professional Expense And Contract Services Expense": 1775000000.0,
      "Other Non Interest Expense": 5769000000.0
    }
  },
  "quarterly_income": {
    "2025-12-31T00:00:00": {
      "Tax Effect Of Unusual Items": null,
      "Tax Rate For Calcs": null,
      "Net Income From Continuing Operation Net Minority Interest": null,
      "Reconciled Depreciation": null,
      "Net Interest Income": null,
      "Interest Expense": null,
      "Interest Income": null,
      "Normalized Income": null,
      "Net Income From Continuing And Discontinued Operation": null,
      "Diluted Average Shares": 7546900000.0,
      "Basic Average Shares": 7364900000.0,
      "Diluted EPS": 0.98,
      "Basic EPS": 0.99,
      "Diluted NI Availto Com Stockholders": null,
      "Average Dilution Earnings": null,
      "Net Income Common Stockholders": null,
      "Preferred Stock Dividends": null,
      "Net Income": null,
      "Net Income Including Noncontrolling Interests": null,
      "Net Income Continuous Operations": null,
      "Tax Provision": null,
      "Pretax Income": null,
      "Gain On Sale Of Security": null,
      "Selling General And Administration": null,
      "Selling And Marketing Expense": null,
      "General And Administrative Expense": null,
      "Other Gand A": null,
      "Salaries And Wages": null,
      "Total Revenue": null,
      "Operating Revenue": null,
      "Occupancy And Equipment": null,
      "Professional Expense And Contract Services Expense": null,
      "Other Non Interest Expense": null
    },
    "2025-09-30T00:00:00": {
      "Tax Effect Of Unusual Items": 0.0,
      "Tax Rate For Calcs": 0.104,
      "Net Income From Continuing Operation Net Minority Interest": 8469000000.0,
      "Reconciled Depreciation": 584000000.0,
      "Net Interest Income": 15233000000.0,
      "Interest Expense": 20133000000.0,
      "Interest Income": 35366000000.0,
      "Normalized Income": 8469000000.0,
      "Net Income From Continuing And Discontinued Operation": 8469000000.0,
      "Diluted Average Shares": 7627100000.0,
      "Basic Average Shares": 7466000000.0,
      "Diluted EPS": 1.06,
      "Basic EPS": 1.08,
      "Diluted NI Availto Com Stockholders": 8096000000.0,
      "Average Dilution Earnings": 56000000.0,
      "Net Income Common Stockholders": 8040000000.0,
      "Preferred Stock Dividends": 429000000.0,
      "Net Income": 8469000000.0,
      "Net Income Including Noncontrolling Interests": 8469000000.0,
      "Net Income Continuous Operations": 8469000000.0,
      "Tax Provision": 987000000.0,
      "Pretax Income": 9456000000.0,
      "Gain On Sale Of Security": 0.0,
      "Selling General And Administration": 13032000000.0,
      "Selling And Marketing Expense": 1597000000.0,
      "General And Administrative Expense": 11435000000.0,
      "Other Gand A": 912000000.0,
      "Salaries And Wages": 10523000000.0,
      "Total Revenue": 28088000000.0,
      "Operating Revenue": 28088000000.0,
      "Occupancy And Equipment": 1872000000.0,
      "Professional Expense And Contract Services Expense": 606000000.0,
      "Other Non Interest Expense": 1827000000.0
    },
    "2025-06-30T00:00:00": {
      "Tax Effect Of Unusual Items": 0.0,
      "Tax Rate For Calcs": 0.074,
      "Net Income From Continuing Operation Net Minority Interest": 7116000000.0,
      "Reconciled Depreciation": 571000000.0,
      "Net Interest Income": 14670000000.0,
      "Interest Expense": 20203000000.0,
      "Interest Income": 34873000000.0,
      "Normalized Income": 7116000000.0,
      "Net Income From Continuing And Discontinued Operation": 7116000000.0,
      "Diluted Average Shares": 7651600000.0,
      "Basic Average Shares": 7581200000.0,
      "Diluted EPS": 0.89,
      "Basic EPS": 0.9,
      "Diluted NI Availto Com Stockholders": 6825000000.0,
      "Average Dilution Earnings": null,
      "Net Income Common Stockholders": 6825000000.0,
      "Preferred Stock Dividends": 291000000.0,
      "Net Income": 7116000000.0,
      "Net Income Including Noncontrolling Interests": 7116000000.0,
      "Net Income Continuous Operations": 7116000000.0,
      "Tax Provision": 572000000.0,
      "Pretax Income": 7688000000.0,
      "Gain On Sale Of Security": 0.0,
      "Selling General And Administration": 12888000000.0,
      "Selling And Marketing Expense": 1537000000.0,
      "General And Administrative Expense": 11351000000.0,
      "Other Gand A": 1019000000.0,
      "Salaries And Wages": 10332000000.0,
      "Total Revenue": 26463000000.0,
      "Operating Revenue": 26463000000.0,
      "Occupancy And Equipment": 1836000000.0,
      "Professional Expense And Contract Services Expense": 640000000.0,
      "Other Non Interest Expense": 1819000000.0
    },
    "2025-03-31T00:00:00": {
      "Tax Effect Of Unusual Items": 0.0,
      "Tax Rate For Calcs": 0.089,
      "Net Income From Continuing Operation Net Minority Interest": 7396000000.0,
      "Reconciled Depreciation": 565000000.0,
      "Net Interest Income": 14443000000.0,
      "Interest Expense": 19623000000.0,
      "Interest Income": 34066000000.0,
      "Normalized Income": 7396000000.0,
      "Net Income From Continuing And Discontinued Operation": 7396000000.0,
      "Diluted Average Shares": 7770800000.0,
      "Basic Average Shares": 7677900000.0,
      "Diluted EPS": 0.9,
      "Basic EPS": 0.91,
      "Diluted NI Availto Com Stockholders": 6990000000.0,
      "Average Dilution Earnings": null,
      "Net Income Common Stockholders": 6990000000.0,
      "Preferred Stock Dividends": 406000000.0,
      "Net Income": 7396000000.0,
      "Net Income Including Noncontrolling Interests": 7396000000.0,
      "Net Income Continuous Operations": 7396000000.0,
      "Tax Provision": 720000000.0,
      "Pretax Income": 8116000000.0,
      "Gain On Sale Of Security": 0.0,
      "Selling General And Administration": 13368000000.0,
      "Selling And Marketing Expense": 1420000000.0,
      "General And Administrative Expense": 11948000000.0,
      "Other Gand A": 1059000000.0,
      "Salaries And Wages": 10889000000.0,
      "Total Revenue": 27366000000.0,
      "Operating Revenue": 27366000000.0,
      "Occupancy And Equipment": 1856000000.0,
      "Professional Expense And Contract Services Expense": 652000000.0,
      "Other Non Interest Expense": 1894000000.0
    },
    "2024-12-31T00:00:00": {
      "Tax Effect Of Unusual Items": 0.0,
      "Tax Rate For Calcs": 0.062324,
      "Net Income From Continuing Operation Net Minority Interest": 6665000000.0,
      "Reconciled Depreciation": 559000000.0,
      "Net Interest Income": 14359000000.0,
      "Interest Expense": 21618000000.0,
      "Interest Income": 35977000000.0,
      "Normalized Income": 6665000000.0,
      "Net Income From Continuing And Discontinued Operation": 6665000000.0,
      "Diluted Average Shares": 7843700000.0,
      "Basic Average Shares": 7738400000.0,
      "Diluted EPS": 0.82,
      "Basic EPS": 0.83,
      "Diluted NI Availto Com Stockholders": 6399000000.0,
      "Average Dilution Earnings": null,
      "Net Income Common Stockholders": 6399000000.0,
      "Preferred Stock Dividends": 266000000.0,
      "Net Income": 6665000000.0,
      "Net Income Including Noncontrolling Interests": 6665000000.0,
      "Net Income Continuous Operations": 6665000000.0,
      "Tax Provision": 443000000.0,
      "Pretax Income": 7108000000.0,
      "Gain On Sale Of Security": 0.0,
      "Selling General And Administration": 12335000000.0,
      "Selling And Marketing Expense": 1413000000.0,
      "General And Administrative Expense": 10922000000.0,
      "Other Gand A": 677000000.0,
      "Salaries And Wages": 10245000000.0,
      "Total Revenue": 25347000000.0,
      "Operating Revenue": 25347000000.0,
      "Occupancy And Equipment": 1824000000.0,
      "Professional Expense And Contract Services Expense": 744000000.0,
      "Other Non Interest Expense": 1884000000.0
    },
    "2024-09-30T00:00:00": {
      "Tax Effect Of Unusual Items": 0.0,
      "Tax Rate For Calcs": 0.058,
      "Net Income From Continuing Operation Net Minority Interest": 6896000000.0,
      "Reconciled Depreciation": 549000000.0,
      "Net Interest Income": 13967000000.0,
      "Interest Expense": 23524000000.0,
      "Interest Income": 37491000000.0,
      "Normalized Income": 6896000000.0,
      "Net Income From Continuing And Discontinued Operation": 6896000000.0,
      "Diluted Average Shares": null,
      "Basic Average Shares": null,
      "Diluted EPS": null,
      "Basic EPS": null,
      "Diluted NI Availto Com Stockholders": 6380000000.0,
      "Average Dilution Earnings": 0.0,
      "Net Income Common Stockholders": 6380000000.0,
      "Preferred Stock Dividends": 516000000.0,
      "Net Income": 6896000000.0,
      "Net Income Including Noncontrolling Interests": 6896000000.0,
      "Net Income Continuous Operations": 6896000000.0,
      "Tax Provision": 428000000.0,
      "Pretax Income": 7324000000.0,
      "Gain On Sale Of Security": 0.0,
      "Selling General And Administration": 12136000000.0,
      "Selling And Marketing Expense": 1353000000.0,
      "General And Administrative Expense": 10783000000.0,
      "Other Gand A": 867000000.0,
      "Salaries And Wages": 9916000000.0,
      "Total Revenue": 25345000000.0,
      "Operating Revenue": 25345000000.0,
      "Occupancy And Equipment": 1836000000.0,
      "Professional Expense And Contract Services Expense": 723000000.0,
      "Other Non Interest Expense": 1784000000.0
    }
  },
  "balance_sheet": {
    "2024-12-31T00:00:00": {
      "Preferred Shares Number": 409797847.0,
      "Ordinary Shares Number": 7610862311.0,
      "Share Issued": 7610862311.0,
      "Net Debt": 30184000000.0,
      "Total Debt": 326670000000.0,
      "Tangible Book Value": 203379000000.0,
      "Invested Capital": 599070000000.0,
      "Net Tangible Assets": 226538000000.0,
      "Common Stock Equity": 272400000000.0,
      "Preferred Stock Equity": 23159000000.0,
      "Total Capitalization": 578838000000.0,
      "Total Equity Gross Minority Interest": 295559000000.0,
      "Stockholders Equity": 295559000000.0,
      "Gains Losses Not Affecting Retained Earnings": -15285000000.0,
      "Other Equity Adjustments": -15285000000.0,
      "Retained Earnings": 242349000000.0,
      "Capital Stock": 68495000000.0,
      "Common Stock": 45336000000.0,
      "Preferred Stock": 23159000000.0,
      "Total Liabilities Net Minority Interest": 2965960000000.0,
      "Derivative Product Liabilities": 39353000000.0,
      "Long Term Debt And Capital Lease Obligation": 283279000000.0,
      "Long Term Debt": 283279000000.0,
      "Long Term Provisions": 1096000000.0,
      "Current Debt And Capital Lease Obligation": 43391000000.0,
      "Current Debt": 43391000000.0,
      "Other Current Borrowings": 43391000000.0,
      "Payables And Accrued Expenses": null,
      "Current Accrued Expenses": null,
      "Total Assets": 3261519000000.0,
      "Investments And Advances": 1061416000000.0,
      "Held To Maturity Securities": 558677000000.0,
      "Available For Sale Securities": 12175000000.0,
      "Trading Securities": 144132000000.0,
      "Goodwill And Other Intangible Assets": 69021000000.0,
      "Goodwill": 69021000000.0,
      "Net PPE": 12168000000.0,
      "Receivables": 97919000000.0,
      "Other Receivables": 15672000000.0,
      "Accounts Receivable": 82247000000.0,
      "Other Short Term Investments": 346432000000.0,
      "Cash And Cash Equivalents": 296486000000.0,
      "Cash Financial": 26003000000.0,
      "Cash Cash Equivalents And Federal Funds Sold": 571195000000.0
    },
    "2023-12-31T00:00:00": {
      "Preferred Shares Number": 409797858.0,
      "Ordinary Shares Number": 7895457665.0,
      "Share Issued": 7895457665.0,
      "Net Debt": null,
      "Total Debt": 334302000000.0,
      "Tangible Book Value": 194228000000.0,
      "Invested Capital": 597551000000.0,
      "Net Tangible Assets": 222625000000.0,
      "Common Stock Equity": 263249000000.0,
      "Preferred Stock Equity": 28397000000.0,
      "Total Capitalization": 593850000000.0,
      "Total Equity Gross Minority Interest": 291646000000.0,
      "Stockholders Equity": 291646000000.0,
      "Gains Losses Not Affecting Retained Earnings": -17788000000.0,
      "Other Equity Adjustments": -17788000000.0,
      "Retained Earnings": 224672000000.0,
      "Capital Stock": 84762000000.0,
      "Common Stock": 56365000000.0,
      "Preferred Stock": 28397000000.0,
      "Total Liabilities Net Minority Interest": 2888505000000.0,
      "Derivative Product Liabilities": 43432000000.0,
      "Long Term Debt And Capital Lease Obligation": 302204000000.0,
      "Long Term Debt": 302204000000.0,
      "Long Term Provisions": 1209000000.0,
      "Current Debt And Capital Lease Obligation": 32098000000.0,
      "Current Debt": 32098000000.0,
      "Other Current Borrowings": 32098000000.0,
      "Payables And Accrued Expenses": null,
      "Current Accrued Expenses": null,
      "Total Assets": 3180151000000.0,
      "Investments And Advances": 1017946000000.0,
      "Held To Maturity Securities": 594555000000.0,
      "Available For Sale Securities": 10203000000.0,
      "Trading Securities": 146539000000.0,
      "Goodwill And Other Intangible Assets": 69021000000.0,
      "Goodwill": 69021000000.0,
      "Net PPE": 11855000000.0,
      "Receivables": 96697000000.0,
      "Other Receivables": 14816000000.0,
      "Accounts Receivable": 81881000000.0,
      "Other Short Term Investments": 266649000000.0,
      "Cash And Cash Equivalents": 341419000000.0,
      "Cash Financial": 27892000000.0,
      "Cash Cash Equivalents And Federal Funds Sold": 622043000000.0
    },
    "2022-12-31T00:00:00": {
      "Preferred Shares Number": 406711800.0,
      "Ordinary Shares Number": 7996777943.0,
      "Share Issued": 7996777943.0,
      "Net Debt": 65452000000.0,
      "Total Debt": 302914000000.0,
      "Tangible Book Value": 175778000000.0,
      "Invested Capital": 547714000000.0,
      "Net Tangible Assets": 204175000000.0,
      "Common Stock Equity": 244800000000.0,
      "Preferred Stock Equity": 28397000000.0,
      "Total Capitalization": 549179000000.0,
      "Total Equity Gross Minority Interest": 273197000000.0,
      "Stockholders Equity": 273197000000.0,
      "Gains Losses Not Affecting Retained Earnings": -21156000000.0,
      "Other Equity Adjustments": -21156000000.0,
      "Retained Earnings": 207003000000.0,
      "Capital Stock": 87350000000.0,
      "Common Stock": 58953000000.0,
      "Preferred Stock": 28397000000.0,
      "Total Liabilities Net Minority Interest": 2778178000000.0,
      "Derivative Product Liabilities": 44816000000.0,
      "Long Term Debt And Capital Lease Obligation": 275982000000.0,
      "Long Term Debt": 275982000000.0,
      "Long Term Provisions": 1540000000.0,
      "Current Debt And Capital Lease Obligation": 26932000000.0,
      "Current Debt": 26932000000.0,
      "Other Current Borrowings": 26932000000.0,
      "Payables And Accrued Expenses": 222533000000.0,
      "Current Accrued Expenses": 222533000000.0,
      "Total Assets": 3051375000000.0,
      "Investments And Advances": 1043422000000.0,
      "Held To Maturity Securities": 632825000000.0,
      "Available For Sale Securities": 9206000000.0,
      "Trading Securities": 180603000000.0,
      "Goodwill And Other Intangible Assets": 69022000000.0,
      "Goodwill": 69022000000.0,
      "Net PPE": 11510000000.0,
      "Receivables": 81135000000.0,
      "Other Receivables": 13592000000.0,
      "Accounts Receivable": 67543000000.0,
      "Other Short Term Investments": 220788000000.0,
      "Cash And Cash Equivalents": 237462000000.0,
      "Cash Financial": 30334000000.0,
      "Cash Cash Equivalents And Federal Funds Sold": 505036000000.0
    },
    "2021-12-31T00:00:00": {
      "Preferred Shares Number": null,
      "Ordinary Shares Number": 8077831463.0,
      "Share Issued": 8077831463.0,
      "Net Debt": null,
      "Total Debt": 303870000000.0,
      "Tangible Book Value": 176336000000.0,
      "Invested Capital": 549228000000.0,
      "Net Tangible Assets": 201044000000.0,
      "Common Stock Equity": 245358000000.0,
      "Preferred Stock Equity": 24708000000.0,
      "Total Capitalization": 550183000000.0,
      "Total Equity Gross Minority Interest": 270066000000.0,
      "Stockholders Equity": 270066000000.0,
      "Gains Losses Not Affecting Retained Earnings": -5104000000.0,
      "Other Equity Adjustments": -5104000000.0,
      "Retained Earnings": 188064000000.0,
      "Capital Stock": 87106000000.0,
      "Common Stock": 62398000000.0,
      "Preferred Stock": 24708000000.0,
      "Total Liabilities Net Minority Interest": 2899429000000.0,
      "Derivative Product Liabilities": 37675000000.0,
      "Long Term Debt And Capital Lease Obligation": 280117000000.0,
      "Long Term Debt": 280117000000.0,
      "Long Term Provisions": 1456000000.0,
      "Current Debt And Capital Lease Obligation": 23753000000.0,
      "Current Debt": 23753000000.0,
      "Other Current Borrowings": 23753000000.0,
      "Payables And Accrued Expenses": 198963000000.0,
      "Current Accrued Expenses": 198963000000.0,
      "Total Assets": 3169495000000.0,
      "Investments And Advances": 1126273000000.0,
      "Held To Maturity Securities": 674554000000.0,
      "Available For Sale Securities": 8895000000.0,
      "Trading Securities": 143646000000.0,
      "Goodwill And Other Intangible Assets": 69022000000.0,
      "Goodwill": 69022000000.0,
      "Net PPE": 10833000000.0,
      "Receivables": 87020000000.0,
      "Other Receivables": 14757000000.0,
      "Accounts Receivable": 72263000000.0,
      "Other Short Term Investments": 299178000000.0,
      "Cash And Cash Equivalents": 355365000000.0,
      "Cash Financial": 29222000000.0,
      "Cash Cash Equivalents And Federal Funds Sold": 606085000000.0
    }
  },
  "cashflow": {
    "2024-12-31T00:00:00": {
      "Free Cash Flow": -8805000000.0,
      "Repurchase Of Capital Stock": -18358000000.0,
      "Repayment Of Debt": -70411000000.0,
      "Issuance Of Debt": 56683000000.0,
      "Issuance Of Capital Stock": 0.0,
      "Interest Paid Supplemental Data": 89687000000.0,
      "Income Tax Paid Supplemental Data": 3822000000.0,
      "End Cash Position": 290114000000.0,
      "Beginning Cash Position": 333073000000.0,
      "Effect Of Exchange Rate Changes": -3830000000.0,
      "Changes In Cash": -39129000000.0,
      "Financing Cash Flow": 60369000000.0,
      "Cash Flow From Continuing Financing Activities": 60369000000.0,
      "Net Other Financing Charges": -127000000.0,
      "Cash Dividends Paid": -9503000000.0,
      "Net Preferred Stock Issuance": -5254000000.0,
      "Preferred Stock Payments": -5254000000.0,
      "Preferred Stock Issuance": 0.0,
      "Net Common Stock Issuance": -13104000000.0,
      "Common Stock Payments": -13104000000.0,
      "Net Issuance Payments Of Debt": -1154000000.0,
      "Net Short Term Debt Issuance": 12574000000.0,
      "Net Long Term Debt Issuance": -13728000000.0,
      "Long Term Debt Payments": -70411000000.0,
      "Long Term Debt Issuance": 56683000000.0,
      "Investing Cash Flow": -90693000000.0,
      "Cash Flow From Continuing Investing Activities": -90693000000.0,
      "Net Other Investing Changes": -4145000000.0,
      "Net Investment Purchase And Sale": -48456000000.0,
      "Sale Of Investment": 342455000000.0,
      "Purchase Of Investment": -390911000000.0,
      "Operating Cash Flow": -8805000000.0,
      "Cash Flow From Continuing Operating Activities": -8805000000.0,
      "Change In Working Capital": -48546000000.0,
      "Change In Other Working Capital": -45504000000.0,
      "Change In Other Current Assets": -4492000000.0,
      "Change In Payables And Accrued Expense": 1450000000.0,
      "Change In Accrued Expense": 1450000000.0,
      "Other Non Cash Items": 3201000000.0,
      "Stock Based Compensation": 3433000000.0,
      "Asset Impairment Charge": null,
      "Deferred Tax": -1734000000.0,
      "Deferred Income Tax": -1734000000.0,
      "Depreciation Amortization Depletion": 2189000000.0,
      "Depreciation And Amortization": 2189000000.0,
      "Operating Gains Losses": 29000000.0,
      "Gain Loss On Investment Securities": 29000000.0,
      "Net Income From Continuing Operations": 27132000000.0
    },
    "2023-12-31T00:00:00": {
      "Free Cash Flow": 44982000000.0,
      "Repurchase Of Capital Stock": -4576000000.0,
      "Repayment Of Debt": -44571000000.0,
      "Issuance Of Debt": 65396000000.0,
      "Issuance Of Capital Stock": 0.0,
      "Interest Paid Supplemental Data": 69604000000.0,
      "Income Tax Paid Supplemental Data": 3405000000.0,
      "End Cash Position": 333073000000.0,
      "Beginning Cash Position": 230203000000.0,
      "Effect Of Exchange Rate Changes": -70000000.0,
      "Changes In Cash": 102940000000.0,
      "Financing Cash Flow": 93345000000.0,
      "Cash Flow From Continuing Financing Activities": 93345000000.0,
      "Net Other Financing Charges": -717000000.0,
      "Cash Dividends Paid": -9087000000.0,
      "Net Preferred Stock Issuance": 0.0,
      "Preferred Stock Payments": 0.0,
      "Preferred Stock Issuance": 0.0,
      "Net Common Stock Issuance": -4576000000.0,
      "Common Stock Payments": -4576000000.0,
      "Net Issuance Payments Of Debt": 25987000000.0,
      "Net Short Term Debt Issuance": 5162000000.0,
      "Net Long Term Debt Issuance": 20825000000.0,
      "Long Term Debt Payments": -44571000000.0,
      "Long Term Debt Issuance": 65396000000.0,
      "Investing Cash Flow": -35387000000.0,
      "Cash Flow From Continuing Investing Activities": -35387000000.0,
      "Net Other Investing Changes": -5258000000.0,
      "Net Investment Purchase And Sale": -4238000000.0,
      "Sale Of Investment": 286819000000.0,
      "Purchase Of Investment": -291057000000.0,
      "Operating Cash Flow": 44982000000.0,
      "Cash Flow From Continuing Operating Activities": 44982000000.0,
      "Change In Working Capital": 2728000000.0,
      "Change In Other Working Capital": 44391000000.0,
      "Change In Other Current Assets": -23944000000.0,
      "Change In Payables And Accrued Expense": -17719000000.0,
      "Change In Accrued Expense": -17719000000.0,
      "Other Non Cash Items": 8349000000.0,
      "Stock Based Compensation": 2942000000.0,
      "Asset Impairment Charge": null,
      "Deferred Tax": -2011000000.0,
      "Deferred Income Tax": -2011000000.0,
      "Depreciation Amortization Depletion": 2057000000.0,
      "Depreciation And Amortization": 2057000000.0,
      "Operating Gains Losses": 405000000.0,
      "Gain Loss On Investment Securities": 405000000.0,
      "Net Income From Continuing Operations": 26515000000.0
    },
    "2022-12-31T00:00:00": {
      "Free Cash Flow": -6327000000.0,
      "Repurchase Of Capital Stock": -5727000000.0,
      "Repayment Of Debt": -34055000000.0,
      "Issuance Of Debt": 65910000000.0,
      "Issuance Of Capital Stock": 4426000000.0,
      "Interest Paid Supplemental Data": 18526000000.0,
      "Income Tax Paid Supplemental Data": 2288000000.0,
      "End Cash Position": 230203000000.0,
      "Beginning Cash Position": 348221000000.0,
      "Effect Of Exchange Rate Changes": -3123000000.0,
      "Changes In Cash": -114895000000.0,
      "Financing Cash Flow": -106039000000.0,
      "Cash Flow From Continuing Financing Activities": -106039000000.0,
      "Net Other Financing Charges": -312000000.0,
      "Cash Dividends Paid": -8576000000.0,
      "Net Preferred Stock Issuance": 3772000000.0,
      "Preferred Stock Payments": -654000000.0,
      "Preferred Stock Issuance": 4426000000.0,
      "Net Common Stock Issuance": -5073000000.0,
      "Common Stock Payments": -5073000000.0,
      "Net Issuance Payments Of Debt": 35034000000.0,
      "Net Short Term Debt Issuance": 3179000000.0,
      "Net Long Term Debt Issuance": 31855000000.0,
      "Long Term Debt Payments": -34055000000.0,
      "Long Term Debt Issuance": 65910000000.0,
      "Investing Cash Flow": -2529000000.0,
      "Cash Flow From Continuing Investing Activities": -2529000000.0,
      "Net Other Investing Changes": -4612000000.0,
      "Net Investment Purchase And Sale": 84103000000.0,
      "Sale Of Investment": 243161000000.0,
      "Purchase Of Investment": -159058000000.0,
      "Operating Cash Flow": -6327000000.0,
      "Cash Flow From Continuing Operating Activities": -6327000000.0,
      "Change In Working Capital": -51944000000.0,
      "Change In Other Working Capital": -95772000000.0,
      "Change In Other Current Assets": 20799000000.0,
      "Change In Payables And Accrued Expense": 23029000000.0,
      "Change In Accrued Expense": 23029000000.0,
      "Other Non Cash Items": 7927000000.0,
      "Stock Based Compensation": 2862000000.0,
      "Asset Impairment Charge": null,
      "Deferred Tax": 739000000.0,
      "Deferred Income Tax": 739000000.0,
      "Depreciation Amortization Depletion": 1978000000.0,
      "Depreciation And Amortization": 1978000000.0,
      "Operating Gains Losses": -32000000.0,
      "Gain Loss On Investment Securities": -32000000.0,
      "Net Income From Continuing Operations": 27528000000.0
    },
    "2021-12-31T00:00:00": {
      "Free Cash Flow": -7193000000.0,
      "Repurchase Of Capital Stock": -27097000000.0,
      "Repayment Of Debt": -46826000000.0,
      "Issuance Of Debt": 76675000000.0,
      "Issuance Of Capital Stock": 2169000000.0,
      "Interest Paid Supplemental Data": 4506000000.0,
      "Income Tax Paid Supplemental Data": 2760000000.0,
      "End Cash Position": 348221000000.0,
      "Beginning Cash Position": 380463000000.0,
      "Effect Of Exchange Rate Changes": -3408000000.0,
      "Changes In Cash": -28834000000.0,
      "Financing Cash Flow": 291650000000.0,
      "Cash Flow From Continuing Financing Activities": 291650000000.0,
      "Net Other Financing Charges": -620000000.0,
      "Cash Dividends Paid": -8055000000.0,
      "Net Preferred Stock Issuance": 198000000.0,
      "Preferred Stock Payments": -1971000000.0,
      "Preferred Stock Issuance": 2169000000.0,
      "Net Common Stock Issuance": -25126000000.0,
      "Common Stock Payments": -25126000000.0,
      "Net Issuance Payments Of Debt": 34281000000.0,
      "Net Short Term Debt Issuance": 4432000000.0,
      "Net Long Term Debt Issuance": 29849000000.0,
      "Long Term Debt Payments": -46826000000.0,
      "Long Term Debt Issuance": 76675000000.0,
      "Investing Cash Flow": -313291000000.0,
      "Cash Flow From Continuing Investing Activities": -313291000000.0,
      "Net Other Investing Changes": -3479000000.0,
      "Net Investment Purchase And Sale": -309745000000.0,
      "Sale Of Investment": 291389000000.0,
      "Purchase Of Investment": -601134000000.0,
      "Operating Cash Flow": -7193000000.0,
      "Cash Flow From Continuing Operating Activities": -7193000000.0,
      "Change In Working Capital": -39920000000.0,
      "Change In Other Working Capital": -22104000000.0,
      "Change In Other Current Assets": -34455000000.0,
      "Change In Payables And Accrued Expense": 16639000000.0,
      "Change In Accrued Expense": 16639000000.0,
      "Other Non Cash Items": -4300000000.0,
      "Stock Based Compensation": 2768000000.0,
      "Asset Impairment Charge": 0.0,
      "Deferred Tax": -838000000.0,
      "Deferred Income Tax": -838000000.0,
      "Depreciation Amortization Depletion": 1898000000.0,
      "Depreciation And Amortization": 1898000000.0,
      "Operating Gains Losses": -22000000.0,
      "Gain Loss On Investment Securities": -22000000.0,
      "Net Income From Continuing Operations": 31978000000.0
    }
  },
  "earnings_estimate": {
    "avg": {
      "0q": 0.99358,
      "+1q": 1.08573,
      "0y": 4.35179,
      "+1y": 4.98707
    },
    "low": {
      "0q": 0.92,
      "+1q": 1.04,
      "0y": 4.23,
      "+1y": 4.74
    },
    "high": {
      "0q": 1.03,
      "+1q": 1.14,
      "0y": 4.55,
      "+1y": 5.248
    },
    "yearAgoEps": {
      "0q": 0.9,
      "+1q": 0.89,
      "0y": 3.81,
      "+1y": 4.35179
    },
    "numberOfAnalysts": {
      "0q": 16,
      "+1q": 16,
      "0y": 20,
      "+1y": 18
    },
    "growth": {
      "0q": 0.103999995,
      "+1q": 0.2199,
      "0y": 0.14220001,
      "+1y": 0.146
    }
  },
  "revenue_estimate": {
    "avg": {
      "0q": 29810633100,
      "+1q": 29848264020,
      "0y": 120114173480,
      "+1y": 126235008810
    },
    "low": {
      "0q": 29578000000,
      "+1q": 29591112190,
      "0y": 119465000000,
      "+1y": 125122000000
    },
    "high": {
      "0q": 30319000000,
      "+1q": 30163000000,
      "0y": 121196000000,
      "+1y": 128305000000
    },
    "numberOfAnalysts": {
      "0q": 8,
      "+1q": 8,
      "0y": 11,
      "+1y": 10
    },
    "yearAgoRevenue": {
      "0q": 27366000000,
      "+1q": 26463000000,
      "0y": 113097000000,
      "+1y": 120114173480
    },
    "growth": {
      "0q": 0.08930001,
      "+1q": 0.1279,
      "0y": 0.062,
      "+1y": 0.051
    }
  },
  "growth_estimates": {
    "stockTrend": {
      "0q": 0.1076,
      "+1q": 0.2187,
      "0y": 0.1416,
      "+1y": 0.1423,
      "LTG": null
    },
    "indexTrend": {
      "0q": 0.1273,
      "+1q": 0.103599995,
      "0y": 0.14310001,
      "+1y": 0.1557,
      "LTG": 0.122
    }
  },
  "revenue_forecasts": null,
  "dividend_rate": 1.1,
  "trailing_dividend_rate": 1.08
}