{
  "ticker": "BAM.TO",
  "name": "Brookfield Asset Mgmt",
  "country": "canada",
  "currency": "CAD",
  "last_fetched": "2026-02-26T20:51:43.011840",
  "market_cap": 107679457280,
  "revenue": 4816999936,
  "net_income": 2484999936,
  "pe_ratio": 32.10577,
  "forward_pe": 21.99499,
  "dividend_yield": 4.06,
  "profit_margin": 0.51588,
  "roe": 0.22306,
  "debt_to_equity": 28.516,
  "beta": 1.544,
  "ev_to_ebitda": 36.118,
  "sector": "Financial Services",
  "industry": "Asset Management",
  "summary": "Brookfield Asset Management Ltd. is a private equity firm specializing in acquisitions and growth capital investments. The firm typically invests in renewable power and transition, and infrastructure sectors. Within infrastructure sector, it seeks to invest across the transport, data, utilities and midstream sectors. Within renewable power and transition sector, it seeks to invest in hydro, wind, solar, distributed energy storage and sustainable solutions. It also invests in industrials, infrastructure services and business services sectors. Within business services, it seeks to invest in financial, healthcare, technology and real estate services. The firm is geography-agnostic. was incorporated in 2022 and is based in New York, New York. Brookfield Asset Management Ltd. operates as a subsidiary of Brookfield Corporation.",
  "website": "https://www.bam.brookfield.com",
  "employees": null,
  "target_high": 94.392,
  "target_low": 71.99784,
  "target_mean": 83.14458,
  "target_median": 83.9952,
  "recommendation": "buy",
  "num_analysts": 5,
  "income_stmt": {
    "2025-12-31T00:00:00": {
      "Tax Effect Of Unusual Items": null,
      "Tax Rate For Calcs": null,
      "Normalized EBITDA": null,
      "Net Income From Continuing Operation Net Minority Interest": null,
      "Reconciled Depreciation": null,
      "Reconciled Cost Of Revenue": null,
      "EBITDA": null,
      "EBIT": null,
      "Net Interest Income": null,
      "Interest Expense": null,
      "Normalized Income": null,
      "Net Income From Continuing And Discontinued Operation": null,
      "Total Expenses": null,
      "Diluted Average Shares": 1634868421.0,
      "Basic Average Shares": 1613636364.0,
      "Diluted EPS": 1.52,
      "Basic EPS": 1.54,
      "Diluted NI Availto Com Stockholders": null,
      "Net Income Common Stockholders": null,
      "Net Income": null,
      "Minority Interests": null,
      "Net Income Including Noncontrolling Interests": null,
      "Net Income Continuous Operations": null,
      "Tax Provision": null,
      "Pretax Income": null,
      "Other Income Expense": null,
      "Other Non Operating Income Expenses": null,
      "Earnings From Equity Interest": null,
      "Net Non Operating Interest Income Expense": null,
      "Interest Expense Non Operating": null,
      "Operating Income": null,
      "Operating Expense": null,
      "Other Operating Expenses": null,
      "Selling General And Administration": null,
      "General And Administrative Expense": null,
      "Other Gand A": null,
      "Gross Profit": null,
      "Cost Of Revenue": null,
      "Total Revenue": null,
      "Operating Revenue": null
    },
    "2024-12-31T00:00:00": {
      "Tax Effect Of Unusual Items": 0.0,
      "Tax Rate For Calcs": 0.0,
      "Normalized EBITDA": 677000000.0,
      "Net Income From Continuing Operation Net Minority Interest": 541000000.0,
      "Reconciled Depreciation": null,
      "Reconciled Cost Of Revenue": 368000000.0,
      "EBITDA": 677000000.0,
      "EBIT": 677000000.0,
      "Net Interest Income": -136000000.0,
      "Interest Expense": 136000000.0,
      "Normalized Income": 541000000.0,
      "Net Income From Continuing And Discontinued Operation": 541000000.0,
      "Total Expenses": 375000000.0,
      "Diluted Average Shares": 420238416.0,
      "Basic Average Shares": 420238416.0,
      "Diluted EPS": 1.33,
      "Basic EPS": 1.33,
      "Diluted NI Availto Com Stockholders": 541000000.0,
      "Net Income Common Stockholders": 541000000.0,
      "Net Income": 541000000.0,
      "Minority Interests": null,
      "Net Income Including Noncontrolling Interests": 541000000.0,
      "Net Income Continuous Operations": 541000000.0,
      "Tax Provision": null,
      "Pretax Income": 541000000.0,
      "Other Income Expense": 570000000.0,
      "Other Non Operating Income Expenses": null,
      "Earnings From Equity Interest": 570000000.0,
      "Net Non Operating Interest Income Expense": -136000000.0,
      "Interest Expense Non Operating": 136000000.0,
      "Operating Income": 107000000.0,
      "Operating Expense": 7000000.0,
      "Other Operating Expenses": 7000000.0,
      "Selling General And Administration": null,
      "General And Administrative Expense": null,
      "Other Gand A": null,
      "Gross Profit": 114000000.0,
      "Cost Of Revenue": 368000000.0,
      "Total Revenue": 482000000.0,
      "Operating Revenue": 482000000.0
    },
    "2023-12-31T00:00:00": {
      "Tax Effect Of Unusual Items": 0.0,
      "Tax Rate For Calcs": 0.0,
      "Normalized EBITDA": 522000000.0,
      "Net Income From Continuing Operation Net Minority Interest": 451000000.0,
      "Reconciled Depreciation": null,
      "Reconciled Cost Of Revenue": 326000000.0,
      "EBITDA": 522000000.0,
      "EBIT": 522000000.0,
      "Net Interest Income": -71000000.0,
      "Interest Expense": 71000000.0,
      "Normalized Income": 451000000.0,
      "Net Income From Continuing And Discontinued Operation": 451000000.0,
      "Total Expenses": 331000000.0,
      "Diluted Average Shares": 388754746.0,
      "Basic Average Shares": 388754746.0,
      "Diluted EPS": 1.12,
      "Basic EPS": 1.12,
      "Diluted NI Availto Com Stockholders": 451000000.0,
      "Net Income Common Stockholders": 451000000.0,
      "Net Income": 451000000.0,
      "Minority Interests": -2000000.0,
      "Net Income Including Noncontrolling Interests": 451000000.0,
      "Net Income Continuous Operations": 451000000.0,
      "Tax Provision": null,
      "Pretax Income": 451000000.0,
      "Other Income Expense": 470000000.0,
      "Other Non Operating Income Expenses": null,
      "Earnings From Equity Interest": 470000000.0,
      "Net Non Operating Interest Income Expense": -71000000.0,
      "Interest Expense Non Operating": 71000000.0,
      "Operating Income": 52000000.0,
      "Operating Expense": 5000000.0,
      "Other Operating Expenses": 5000000.0,
      "Selling General And Administration": null,
      "General And Administrative Expense": null,
      "Other Gand A": null,
      "Gross Profit": 57000000.0,
      "Cost Of Revenue": 326000000.0,
      "Total Revenue": 383000000.0,
      "Operating Revenue": 383000000.0
    },
    "2022-12-31T00:00:00": {
      "Tax Effect Of Unusual Items": 0.0,
      "Tax Rate For Calcs": 0.2621,
      "Normalized EBITDA": 35000000.0,
      "Net Income From Continuing Operation Net Minority Interest": 19000000.0,
      "Reconciled Depreciation": 13000000.0,
      "Reconciled Cost Of Revenue": -37000000.0,
      "EBITDA": 35000000.0,
      "EBIT": 22000000.0,
      "Net Interest Income": -3000000.0,
      "Interest Expense": 3000000.0,
      "Normalized Income": 19000000.0,
      "Net Income From Continuing And Discontinued Operation": 19000000.0,
      "Total Expenses": -1000000.0,
      "Diluted Average Shares": 396176008.0,
      "Basic Average Shares": 396176008.0,
      "Diluted EPS": 4.83371,
      "Basic EPS": 4.83371,
      "Diluted NI Availto Com Stockholders": 19000000.0,
      "Net Income Common Stockholders": 19000000.0,
      "Net Income": 19000000.0,
      "Minority Interests": -950000000.0,
      "Net Income Including Noncontrolling Interests": 19000000.0,
      "Net Income Continuous Operations": 19000000.0,
      "Tax Provision": 627000000.0,
      "Pretax Income": 19000000.0,
      "Other Income Expense": 21000000.0,
      "Other Non Operating Income Expenses": 1090000000.0,
      "Earnings From Equity Interest": 21000000.0,
      "Net Non Operating Interest Income Expense": -3000000.0,
      "Interest Expense Non Operating": 3000000.0,
      "Operating Income": 1000000.0,
      "Operating Expense": 36000000.0,
      "Other Operating Expenses": 35000000.0,
      "Selling General And Administration": 1000000.0,
      "General And Administrative Expense": 1000000.0,
      "Other Gand A": 1000000.0,
      "Gross Profit": 37000000.0,
      "Cost Of Revenue": -37000000.0,
      "Total Revenue": 0.0,
      "Operating Revenue": 0.0
    },
    "2021-12-31T00:00:00": {
      "Tax Effect Of Unusual Items": 0.0,
      "Tax Rate For Calcs": 0.150448,
      "Normalized EBITDA": 3743000000.0,
      "Net Income From Continuing Operation Net Minority Interest": 1869000000.0,
      "Reconciled Depreciation": 11000000.0,
      "Reconciled Cost Of Revenue": 703000000.0,
      "EBITDA": 3743000000.0,
      "EBIT": 3732000000.0,
      "Net Interest Income": -382000000.0,
      "Interest Expense": 382000000.0,
      "Normalized Income": 1869000000.0,
      "Net Income From Continuing And Discontinued Operation": 1869000000.0,
      "Total Expenses": 721000000.0,
      "Diluted Average Shares": null,
      "Basic Average Shares": null,
      "Diluted EPS": null,
      "Basic EPS": null,
      "Diluted NI Availto Com Stockholders": 1869000000.0,
      "Net Income Common Stockholders": 1869000000.0,
      "Net Income": 1869000000.0,
      "Minority Interests": -977000000.0,
      "Net Income Including Noncontrolling Interests": 2846000000.0,
      "Net Income Continuous Operations": 2846000000.0,
      "Tax Provision": 504000000.0,
      "Pretax Income": 3350000000.0,
      "Other Income Expense": 1665000000.0,
      "Other Non Operating Income Expenses": 1504000000.0,
      "Earnings From Equity Interest": 161000000.0,
      "Net Non Operating Interest Income Expense": -382000000.0,
      "Interest Expense Non Operating": 382000000.0,
      "Operating Income": 2067000000.0,
      "Operating Expense": 18000000.0,
      "Other Operating Expenses": -114000000.0,
      "Selling General And Administration": 132000000.0,
      "General And Administrative Expense": 132000000.0,
      "Other Gand A": 132000000.0,
      "Gross Profit": 2085000000.0,
      "Cost Of Revenue": 703000000.0,
      "Total Revenue": 2788000000.0,
      "Operating Revenue": 2765000000.0
    }
  },
  "quarterly_income": {
    "2025-12-31T00:00:00": {
      "Tax Effect Of Unusual Items": null,
      "Tax Rate For Calcs": null,
      "Normalized EBITDA": null,
      "Net Income From Continuing Operation Net Minority Interest": null,
      "Reconciled Depreciation": null,
      "Reconciled Cost Of Revenue": null,
      "EBITDA": null,
      "EBIT": null,
      "Net Interest Income": null,
      "Interest Expense": null,
      "Interest Income": null,
      "Normalized Income": null,
      "Net Income From Continuing And Discontinued Operation": null,
      "Total Expenses": null,
      "Diluted Average Shares": 1647058824.0,
      "Basic Average Shares": 1600000000.0,
      "Diluted EPS": 0.34,
      "Basic EPS": 0.35,
      "Diluted NI Availto Com Stockholders": null,
      "Net Income Common Stockholders": null,
      "Net Income": null,
      "Minority Interests": null,
      "Net Income Including Noncontrolling Interests": null,
      "Net Income Continuous Operations": null,
      "Tax Provision": null,
      "Pretax Income": null,
      "Other Income Expense": null,
      "Other Non Operating Income Expenses": null,
      "Earnings From Equity Interest": null,
      "Net Non Operating Interest Income Expense": null,
      "Interest Expense Non Operating": null,
      "Interest Income Non Operating": null,
      "Operating Income": null,
      "Operating Expense": null,
      "Other Operating Expenses": null,
      "Selling General And Administration": null,
      "General And Administrative Expense": null,
      "Other Gand A": null,
      "Gross Profit": null,
      "Cost Of Revenue": null,
      "Total Revenue": null,
      "Operating Revenue": null
    },
    "2025-09-30T00:00:00": {
      "Tax Effect Of Unusual Items": 0.0,
      "Tax Rate For Calcs": 0.101299,
      "Normalized EBITDA": 838000000.0,
      "Net Income From Continuing Operation Net Minority Interest": 724000000.0,
      "Reconciled Depreciation": 16000000.0,
      "Reconciled Cost Of Revenue": 379000000.0,
      "EBITDA": 838000000.0,
      "EBIT": 822000000.0,
      "Net Interest Income": -6000000.0,
      "Interest Expense": 52000000.0,
      "Interest Income": 46000000.0,
      "Normalized Income": 724000000.0,
      "Net Income From Continuing And Discontinued Operation": 724000000.0,
      "Total Expenses": 377000000.0,
      "Diluted Average Shares": 1645454545.0,
      "Basic Average Shares": 1608888889.0,
      "Diluted EPS": 0.44,
      "Basic EPS": 0.45,
      "Diluted NI Availto Com Stockholders": 724000000.0,
      "Net Income Common Stockholders": 724000000.0,
      "Net Income": 724000000.0,
      "Minority Interests": 32000000.0,
      "Net Income Including Noncontrolling Interests": 692000000.0,
      "Net Income Continuous Operations": 692000000.0,
      "Tax Provision": 78000000.0,
      "Pretax Income": 770000000.0,
      "Other Income Expense": 13000000.0,
      "Other Non Operating Income Expenses": -97000000.0,
      "Earnings From Equity Interest": 110000000.0,
      "Net Non Operating Interest Income Expense": -6000000.0,
      "Interest Expense Non Operating": 52000000.0,
      "Interest Income Non Operating": 46000000.0,
      "Operating Income": 763000000.0,
      "Operating Expense": -2000000.0,
      "Other Operating Expenses": -25000000.0,
      "Selling General And Administration": 23000000.0,
      "General And Administrative Expense": 23000000.0,
      "Other Gand A": 23000000.0,
      "Gross Profit": 761000000.0,
      "Cost Of Revenue": 379000000.0,
      "Total Revenue": 1140000000.0,
      "Operating Revenue": 1005000000.0
    },
    "2025-06-30T00:00:00": {
      "Tax Effect Of Unusual Items": 0.0,
      "Tax Rate For Calcs": 0.113809,
      "Normalized EBITDA": 724000000.0,
      "Net Income From Continuing Operation Net Minority Interest": 620000000.0,
      "Reconciled Depreciation": 11000000.0,
      "Reconciled Cost Of Revenue": 404000000.0,
      "EBITDA": 724000000.0,
      "EBIT": 713000000.0,
      "Net Interest Income": -53000000.0,
      "Interest Expense": 54000000.0,
      "Interest Income": 1000000.0,
      "Normalized Income": 620000000.0,
      "Net Income From Continuing And Discontinued Operation": 620000000.0,
      "Total Expenses": 567000000.0,
      "Diluted Average Shares": 1536842105.0,
      "Basic Average Shares": 1536842105.0,
      "Diluted EPS": 0.38,
      "Basic EPS": 0.38,
      "Diluted NI Availto Com Stockholders": 620000000.0,
      "Net Income Common Stockholders": 620000000.0,
      "Net Income": 620000000.0,
      "Minority Interests": 36000000.0,
      "Net Income Including Noncontrolling Interests": 584000000.0,
      "Net Income Continuous Operations": 584000000.0,
      "Tax Provision": 75000000.0,
      "Pretax Income": 659000000.0,
      "Other Income Expense": 126000000.0,
      "Other Non Operating Income Expenses": -55000000.0,
      "Earnings From Equity Interest": 181000000.0,
      "Net Non Operating Interest Income Expense": -53000000.0,
      "Interest Expense Non Operating": 54000000.0,
      "Interest Income Non Operating": 1000000.0,
      "Operating Income": 586000000.0,
      "Operating Expense": 163000000.0,
      "Other Operating Expenses": 145000000.0,
      "Selling General And Administration": 18000000.0,
      "General And Administrative Expense": 18000000.0,
      "Other Gand A": 18000000.0,
      "Gross Profit": 749000000.0,
      "Cost Of Revenue": 404000000.0,
      "Total Revenue": 1153000000.0,
      "Operating Revenue": 973000000.0
    },
    "2025-03-31T00:00:00": {
      "Tax Effect Of Unusual Items": 0.0,
      "Tax Rate For Calcs": 0.128866,
      "Normalized EBITDA": 744000000.0,
      "Net Income From Continuing Operation Net Minority Interest": 581000000.0,
      "Reconciled Depreciation": 3000000.0,
      "Reconciled Cost Of Revenue": 259000000.0,
      "EBITDA": 744000000.0,
      "EBIT": 741000000.0,
      "Net Interest Income": -159000000.0,
      "Interest Expense": 159000000.0,
      "Interest Income": null,
      "Normalized Income": 581000000.0,
      "Net Income From Continuing And Discontinued Operation": 581000000.0,
      "Total Expenses": 341000000.0,
      "Diluted Average Shares": 1613888889.0,
      "Basic Average Shares": 1613888889.0,
      "Diluted EPS": 0.36,
      "Basic EPS": 0.36,
      "Diluted NI Availto Com Stockholders": 581000000.0,
      "Net Income Common Stockholders": 581000000.0,
      "Net Income": 581000000.0,
      "Minority Interests": 74000000.0,
      "Net Income Including Noncontrolling Interests": 507000000.0,
      "Net Income Continuous Operations": 507000000.0,
      "Tax Provision": 75000000.0,
      "Pretax Income": 582000000.0,
      "Other Income Expense": 3000000.0,
      "Other Non Operating Income Expenses": -55000000.0,
      "Earnings From Equity Interest": 58000000.0,
      "Net Non Operating Interest Income Expense": -159000000.0,
      "Interest Expense Non Operating": 159000000.0,
      "Interest Income Non Operating": null,
      "Operating Income": 738000000.0,
      "Operating Expense": 82000000.0,
      "Other Operating Expenses": 76000000.0,
      "Selling General And Administration": 6000000.0,
      "General And Administrative Expense": 6000000.0,
      "Other Gand A": 6000000.0,
      "Gross Profit": 820000000.0,
      "Cost Of Revenue": 259000000.0,
      "Total Revenue": 1079000000.0,
      "Operating Revenue": 974000000.0
    },
    "2024-12-31T00:00:00": {
      "Tax Effect Of Unusual Items": 0.0,
      "Tax Rate For Calcs": 0.15,
      "Normalized EBITDA": 214000000.0,
      "Net Income From Continuing Operation Net Minority Interest": 186000000.0,
      "Reconciled Depreciation": null,
      "Reconciled Cost Of Revenue": 96000000.0,
      "EBITDA": 214000000.0,
      "EBIT": 214000000.0,
      "Net Interest Income": -28000000.0,
      "Interest Expense": 28000000.0,
      "Interest Income": null,
      "Normalized Income": 186000000.0,
      "Net Income From Continuing And Discontinued Operation": 186000000.0,
      "Total Expenses": 98000000.0,
      "Diluted Average Shares": 420238416.0,
      "Basic Average Shares": 420238416.0,
      "Diluted EPS": 0.42,
      "Basic EPS": 0.42,
      "Diluted NI Availto Com Stockholders": 186000000.0,
      "Net Income Common Stockholders": 186000000.0,
      "Net Income": 186000000.0,
      "Minority Interests": null,
      "Net Income Including Noncontrolling Interests": 186000000.0,
      "Net Income Continuous Operations": 186000000.0,
      "Tax Provision": null,
      "Pretax Income": 186000000.0,
      "Other Income Expense": 192000000.0,
      "Other Non Operating Income Expenses": null,
      "Earnings From Equity Interest": 192000000.0,
      "Net Non Operating Interest Income Expense": -28000000.0,
      "Interest Expense Non Operating": 28000000.0,
      "Interest Income Non Operating": null,
      "Operating Income": 22000000.0,
      "Operating Expense": 2000000.0,
      "Other Operating Expenses": 2000000.0,
      "Selling General And Administration": null,
      "General And Administrative Expense": null,
      "Other Gand A": null,
      "Gross Profit": 24000000.0,
      "Cost Of Revenue": 96000000.0,
      "Total Revenue": 120000000.0,
      "Operating Revenue": 120000000.0
    },
    "2024-09-30T00:00:00": {
      "Tax Effect Of Unusual Items": 0.0,
      "Tax Rate For Calcs": 0.151659,
      "Normalized EBITDA": 683000000.0,
      "Net Income From Continuing Operation Net Minority Interest": 544000000.0,
      "Reconciled Depreciation": 4000000.0,
      "Reconciled Cost Of Revenue": 326000000.0,
      "EBITDA": 683000000.0,
      "EBIT": 679000000.0,
      "Net Interest Income": -46000000.0,
      "Interest Expense": 46000000.0,
      "Interest Income": null,
      "Normalized Income": 544000000.0,
      "Net Income From Continuing And Discontinued Operation": 544000000.0,
      "Total Expenses": 375000000.0,
      "Diluted Average Shares": null,
      "Basic Average Shares": null,
      "Diluted EPS": null,
      "Basic EPS": null,
      "Diluted NI Availto Com Stockholders": 544000000.0,
      "Net Income Common Stockholders": 544000000.0,
      "Net Income": 544000000.0,
      "Minority Interests": 7000000.0,
      "Net Income Including Noncontrolling Interests": 537000000.0,
      "Net Income Continuous Operations": 537000000.0,
      "Tax Provision": 96000000.0,
      "Pretax Income": 633000000.0,
      "Other Income Expense": -8000000.0,
      "Other Non Operating Income Expenses": -69000000.0,
      "Earnings From Equity Interest": 61000000.0,
      "Net Non Operating Interest Income Expense": -46000000.0,
      "Interest Expense Non Operating": 46000000.0,
      "Interest Income Non Operating": null,
      "Operating Income": 687000000.0,
      "Operating Expense": 49000000.0,
      "Other Operating Expenses": 29000000.0,
      "Selling General And Administration": 20000000.0,
      "General And Administrative Expense": 20000000.0,
      "Other Gand A": 20000000.0,
      "Gross Profit": 736000000.0,
      "Cost Of Revenue": 326000000.0,
      "Total Revenue": 1062000000.0,
      "Operating Revenue": 907000000.0
    },
    "2024-06-30T00:00:00": {
      "Tax Effect Of Unusual Items": null,
      "Tax Rate For Calcs": null,
      "Normalized EBITDA": null,
      "Net Income From Continuing Operation Net Minority Interest": null,
      "Reconciled Depreciation": 3000000.0,
      "Reconciled Cost Of Revenue": null,
      "EBITDA": null,
      "EBIT": null,
      "Net Interest Income": null,
      "Interest Expense": null,
      "Interest Income": 64000000.0,
      "Normalized Income": null,
      "Net Income From Continuing And Discontinued Operation": null,
      "Total Expenses": null,
      "Diluted Average Shares": null,
      "Basic Average Shares": null,
      "Diluted EPS": null,
      "Basic EPS": null,
      "Diluted NI Availto Com Stockholders": null,
      "Net Income Common Stockholders": null,
      "Net Income": null,
      "Minority Interests": -23000000.0,
      "Net Income Including Noncontrolling Interests": null,
      "Net Income Continuous Operations": null,
      "Tax Provision": 142000000.0,
      "Pretax Income": null,
      "Other Income Expense": null,
      "Other Non Operating Income Expenses": 24000000.0,
      "Earnings From Equity Interest": null,
      "Net Non Operating Interest Income Expense": null,
      "Interest Expense Non Operating": null,
      "Interest Income Non Operating": 64000000.0,
      "Operating Income": null,
      "Operating Expense": null,
      "Other Operating Expenses": null,
      "Selling General And Administration": 13000000.0,
      "General And Administrative Expense": 13000000.0,
      "Other Gand A": 13000000.0,
      "Gross Profit": null,
      "Cost Of Revenue": null,
      "Total Revenue": null,
      "Operating Revenue": null
    }
  },
  "balance_sheet": {
    "2024-12-31T00:00:00": {
      "Treasury Shares Number": 22918711.0,
      "Ordinary Shares Number": 420238416.0,
      "Share Issued": 443157127.0,
      "Net Debt": 207000000.0,
      "Total Debt": 219000000.0,
      "Tangible Book Value": 3247000000.0,
      "Invested Capital": 3466000000.0,
      "Working Capital": -128000000.0,
      "Net Tangible Assets": 3247000000.0,
      "Common Stock Equity": 3247000000.0,
      "Total Capitalization": 3247000000.0,
      "Total Equity Gross Minority Interest": 3278000000.0,
      "Minority Interest": 31000000.0,
      "Stockholders Equity": 3247000000.0,
      "Other Equity Interest": null,
      "Gains Losses Not Affecting Retained Earnings": 1000000.0,
      "Other Equity Adjustments": 1000000.0,
      "Treasury Stock": 651000000.0,
      "Retained Earnings": -143000000.0,
      "Additional Paid In Capital": 565000000.0,
      "Capital Stock": 3475000000.0,
      "Common Stock": 3475000000.0,
      "Total Liabilities Net Minority Interest": 1108000000.0,
      "Total Non Current Liabilities Net Minority Interest": 0.0,
      "Other Non Current Liabilities": null,
      "Non Current Deferred Liabilities": null,
      "Non Current Deferred Taxes Liabilities": null,
      "Long Term Debt And Capital Lease Obligation": null,
      "Long Term Debt": null,
      "Current Liabilities": 1108000000.0,
      "Current Debt And Capital Lease Obligation": 219000000.0,
      "Current Debt": 219000000.0,
      "Other Current Borrowings": null,
      "Line Of Credit": 219000000.0,
      "Payables And Accrued Expenses": 889000000.0,
      "Current Accrued Expenses": null,
      "Payables": 889000000.0,
      "Other Payable": null,
      "Dueto Related Parties Current": 10000000.0,
      "Accounts Payable": 879000000.0,
      "Total Assets": 4386000000.0,
      "Total Non Current Assets": 3406000000.0,
      "Other Non Current Assets": 75000000.0,
      "Non Current Deferred Assets": null,
      "Investments And Advances": 3331000000.0,
      "Investmentin Financial Assets": null,
      "Available For Sale Securities": null,
      "Financial Assets Designatedas Fair Value Through Profitor Loss Total": null,
      "Long Term Equity Investment": 3331000000.0,
      "Investments In Other Ventures Under Equity Method": null,
      "Investmentsin Associatesat Cost": 3331000000.0,
      "Investmentsin Subsidiariesat Cost": null,
      "Goodwill And Other Intangible Assets": null,
      "Other Intangible Assets": null,
      "Goodwill": null,
      "Net PPE": null,
      "Current Assets": 980000000.0,
      "Prepaid Assets": null,
      "Receivables": 968000000.0,
      "Other Receivables": null,
      "Duefrom Related Parties Current": 968000000.0,
      "Accrued Interest Receivable": null,
      "Accounts Receivable": null,
      "Cash Cash Equivalents And Short Term Investments": 12000000.0,
      "Cash And Cash Equivalents": 12000000.0,
      "Cash Equivalents": null,
      "Cash Financial": 12000000.0
    },
    "2023-12-31T00:00:00": {
      "Treasury Shares Number": 24292787.0,
      "Ordinary Shares Number": 388754746.0,
      "Share Issued": 413047533.0,
      "Net Debt": 247000000.0,
      "Total Debt": 256000000.0,
      "Tangible Book Value": 2076000000.0,
      "Invested Capital": 2332000000.0,
      "Working Capital": -225000000.0,
      "Net Tangible Assets": 2076000000.0,
      "Common Stock Equity": 2076000000.0,
      "Total Capitalization": 2076000000.0,
      "Total Equity Gross Minority Interest": 2085000000.0,
      "Minority Interest": 9000000.0,
      "Stockholders Equity": 2076000000.0,
      "Other Equity Interest": null,
      "Gains Losses Not Affecting Retained Earnings": 3000000.0,
      "Other Equity Adjustments": 3000000.0,
      "Treasury Stock": 649000000.0,
      "Retained Earnings": -35000000.0,
      "Additional Paid In Capital": 403000000.0,
      "Capital Stock": 2354000000.0,
      "Common Stock": 2354000000.0,
      "Total Liabilities Net Minority Interest": 1120000000.0,
      "Total Non Current Liabilities Net Minority Interest": 0.0,
      "Other Non Current Liabilities": null,
      "Non Current Deferred Liabilities": null,
      "Non Current Deferred Taxes Liabilities": null,
      "Long Term Debt And Capital Lease Obligation": null,
      "Long Term Debt": null,
      "Current Liabilities": 1120000000.0,
      "Current Debt And Capital Lease Obligation": 256000000.0,
      "Current Debt": 256000000.0,
      "Other Current Borrowings": null,
      "Line Of Credit": 256000000.0,
      "Payables And Accrued Expenses": 864000000.0,
      "Current Accrued Expenses": null,
      "Payables": 864000000.0,
      "Other Payable": null,
      "Dueto Related Parties Current": 5000000.0,
      "Accounts Payable": 859000000.0,
      "Total Assets": 3205000000.0,
      "Total Non Current Assets": 2310000000.0,
      "Other Non Current Assets": 40000000.0,
      "Non Current Deferred Assets": null,
      "Investments And Advances": 2270000000.0,
      "Investmentin Financial Assets": null,
      "Available For Sale Securities": null,
      "Financial Assets Designatedas Fair Value Through Profitor Loss Total": null,
      "Long Term Equity Investment": 2270000000.0,
      "Investments In Other Ventures Under Equity Method": null,
      "Investmentsin Associatesat Cost": 2270000000.0,
      "Investmentsin Subsidiariesat Cost": null,
      "Goodwill And Other Intangible Assets": null,
      "Other Intangible Assets": null,
      "Goodwill": null,
      "Net PPE": null,
      "Current Assets": 895000000.0,
      "Prepaid Assets": null,
      "Receivables": 886000000.0,
      "Other Receivables": null,
      "Duefrom Related Parties Current": 886000000.0,
      "Accrued Interest Receivable": null,
      "Accounts Receivable": null,
      "Cash Cash Equivalents And Short Term Investments": 9000000.0,
      "Cash And Cash Equivalents": 9000000.0,
      "Cash Equivalents": null,
      "Cash Financial": 9000000.0
    },
    "2022-12-31T00:00:00": {
      "Treasury Shares Number": 16048129.0,
      "Ordinary Shares Number": 396176008.0,
      "Share Issued": 412224137.0,
      "Net Debt": 2000000.0,
      "Total Debt": 3000000.0,
      "Tangible Book Value": 2377000000.0,
      "Invested Capital": 2377000000.0,
      "Working Capital": -1000000.0,
      "Net Tangible Assets": 2377000000.0,
      "Common Stock Equity": 2377000000.0,
      "Total Capitalization": 2377000000.0,
      "Total Equity Gross Minority Interest": 2377000000.0,
      "Minority Interest": 0.0,
      "Stockholders Equity": 2377000000.0,
      "Other Equity Interest": null,
      "Gains Losses Not Affecting Retained Earnings": 0.0,
      "Other Equity Adjustments": 153000000.0,
      "Treasury Stock": 330000000.0,
      "Retained Earnings": 19000000.0,
      "Additional Paid In Capital": 278000000.0,
      "Capital Stock": 2410000000.0,
      "Common Stock": 2410000000.0,
      "Total Liabilities Net Minority Interest": 784000000.0,
      "Total Non Current Liabilities Net Minority Interest": 0.0,
      "Other Non Current Liabilities": 17000000.0,
      "Non Current Deferred Liabilities": 17000000.0,
      "Non Current Deferred Taxes Liabilities": 17000000.0,
      "Long Term Debt And Capital Lease Obligation": 3000000.0,
      "Long Term Debt": 3000000.0,
      "Current Liabilities": 784000000.0,
      "Current Debt And Capital Lease Obligation": 3000000.0,
      "Current Debt": 3000000.0,
      "Other Current Borrowings": 3000000.0,
      "Line Of Credit": 0.0,
      "Payables And Accrued Expenses": 784000000.0,
      "Current Accrued Expenses": 991000000.0,
      "Payables": 784000000.0,
      "Other Payable": 475000000.0,
      "Dueto Related Parties Current": 3000000.0,
      "Accounts Payable": 781000000.0,
      "Total Assets": 3161000000.0,
      "Total Non Current Assets": 2378000000.0,
      "Other Non Current Assets": 739000000.0,
      "Non Current Deferred Assets": 739000000.0,
      "Investments And Advances": 2378000000.0,
      "Investmentin Financial Assets": 75000000.0,
      "Available For Sale Securities": 75000000.0,
      "Financial Assets Designatedas Fair Value Through Profitor Loss Total": 75000000.0,
      "Long Term Equity Investment": 2378000000.0,
      "Investments In Other Ventures Under Equity Method": 1591000000.0,
      "Investmentsin Associatesat Cost": 2378000000.0,
      "Investmentsin Subsidiariesat Cost": 3940000000.0,
      "Goodwill And Other Intangible Assets": 308000000.0,
      "Other Intangible Assets": 59000000.0,
      "Goodwill": 249000000.0,
      "Net PPE": 68000000.0,
      "Current Assets": 783000000.0,
      "Prepaid Assets": 61000000.0,
      "Receivables": 782000000.0,
      "Other Receivables": 123000000.0,
      "Duefrom Related Parties Current": 782000000.0,
      "Accrued Interest Receivable": 1271000000.0,
      "Accounts Receivable": 245000000.0,
      "Cash Cash Equivalents And Short Term Investments": 1000000.0,
      "Cash And Cash Equivalents": 1000000.0,
      "Cash Equivalents": 3273000000.0,
      "Cash Financial": 1000000.0
    },
    "2021-12-31T00:00:00": {
      "Treasury Shares Number": null,
      "Ordinary Shares Number": 402725500.0,
      "Share Issued": 402725500.0,
      "Net Debt": null,
      "Total Debt": 461000000.0,
      "Tangible Book Value": 9558000000.0,
      "Invested Capital": 10332000000.0,
      "Working Capital": -414000000.0,
      "Net Tangible Assets": 9558000000.0,
      "Common Stock Equity": 9871000000.0,
      "Total Capitalization": 9871000000.0,
      "Total Equity Gross Minority Interest": 14403000000.0,
      "Minority Interest": 4532000000.0,
      "Stockholders Equity": 9871000000.0,
      "Other Equity Interest": 9715000000.0,
      "Gains Losses Not Affecting Retained Earnings": 156000000.0,
      "Other Equity Adjustments": 156000000.0,
      "Treasury Stock": null,
      "Retained Earnings": 0.0,
      "Additional Paid In Capital": null,
      "Capital Stock": 0.0,
      "Common Stock": 0.0,
      "Total Liabilities Net Minority Interest": 11240000000.0,
      "Total Non Current Liabilities Net Minority Interest": 700000000.0,
      "Other Non Current Liabilities": 700000000.0,
      "Non Current Deferred Liabilities": 700000000.0,
      "Non Current Deferred Taxes Liabilities": 700000000.0,
      "Long Term Debt And Capital Lease Obligation": null,
      "Long Term Debt": null,
      "Current Liabilities": 10540000000.0,
      "Current Debt And Capital Lease Obligation": 461000000.0,
      "Current Debt": 461000000.0,
      "Other Current Borrowings": 461000000.0,
      "Line Of Credit": null,
      "Payables And Accrued Expenses": 10079000000.0,
      "Current Accrued Expenses": 1077000000.0,
      "Payables": 9002000000.0,
      "Other Payable": 234000000.0,
      "Dueto Related Parties Current": 8207000000.0,
      "Accounts Payable": 561000000.0,
      "Total Assets": 25643000000.0,
      "Total Non Current Assets": 15517000000.0,
      "Other Non Current Assets": 2268000000.0,
      "Non Current Deferred Assets": 2268000000.0,
      "Investments And Advances": 12888000000.0,
      "Investmentin Financial Assets": 1323000000.0,
      "Available For Sale Securities": 1323000000.0,
      "Financial Assets Designatedas Fair Value Through Profitor Loss Total": 1323000000.0,
      "Long Term Equity Investment": 11565000000.0,
      "Investments In Other Ventures Under Equity Method": 7775000000.0,
      "Investmentsin Associatesat Cost": null,
      "Investmentsin Subsidiariesat Cost": 3790000000.0,
      "Goodwill And Other Intangible Assets": 313000000.0,
      "Other Intangible Assets": 64000000.0,
      "Goodwill": 249000000.0,
      "Net PPE": 48000000.0,
      "Current Assets": 10126000000.0,
      "Prepaid Assets": 40000000.0,
      "Receivables": 7592000000.0,
      "Other Receivables": 158000000.0,
      "Duefrom Related Parties Current": 6732000000.0,
      "Accrued Interest Receivable": 676000000.0,
      "Accounts Receivable": 26000000.0,
      "Cash Cash Equivalents And Short Term Investments": 2494000000.0,
      "Cash And Cash Equivalents": 2494000000.0,
      "Cash Equivalents": 12000000.0,
      "Cash Financial": 2482000000.0
    }
  },
  "cashflow": {
    "2024-12-31T00:00:00": {
      "Free Cash Flow": 627000000.0,
      "Repurchase Of Capital Stock": -10000000.0,
      "Repayment Of Debt": null,
      "Issuance Of Debt": null,
      "Capital Expenditure": null,
      "Interest Paid Supplemental Data": 0.0,
      "Income Tax Paid Supplemental Data": 16000000.0,
      "End Cash Position": 12000000.0,
      "Beginning Cash Position": 9000000.0,
      "Effect Of Exchange Rate Changes": null,
      "Changes In Cash": 3000000.0,
      "Financing Cash Flow": -583000000.0,
      "Cash Flow From Continuing Financing Activities": -583000000.0,
      "Net Other Financing Charges": 57000000.0,
      "Proceeds From Stock Option Exercised": null,
      "Cash Dividends Paid": -630000000.0,
      "Common Stock Dividend Paid": -630000000.0,
      "Net Common Stock Issuance": -10000000.0,
      "Common Stock Payments": -10000000.0,
      "Net Issuance Payments Of Debt": null,
      "Net Long Term Debt Issuance": null,
      "Long Term Debt Payments": null,
      "Long Term Debt Issuance": null,
      "Investing Cash Flow": -41000000.0,
      "Cash Flow From Continuing Investing Activities": -41000000.0,
      "Net Other Investing Changes": -41000000.0,
      "Net Investment Purchase And Sale": null,
      "Sale Of Investment": null,
      "Purchase Of Investment": null,
      "Net Business Purchase And Sale": null,
      "Purchase Of Business": null,
      "Net PPE Purchase And Sale": null,
      "Purchase Of PPE": null,
      "Operating Cash Flow": 627000000.0,
      "Cash Flow From Continuing Operating Activities": 627000000.0,
      "Change In Working Capital": -2000000.0,
      "Change In Other Working Capital": null,
      "Change In Payables And Accrued Expense": -132000000.0,
      "Change In Payable": -132000000.0,
      "Change In Account Payable": -133000000.0,
      "Change In Receivables": 130000000.0,
      "Other Non Cash Items": 2000000.0,
      "Stock Based Compensation": 3000000.0,
      "Deferred Tax": null,
      "Deferred Income Tax": null,
      "Depreciation Amortization Depletion": null,
      "Depreciation And Amortization": null,
      "Operating Gains Losses": 83000000.0,
      "Earnings Losses From Equity Investments": 83000000.0,
      "Net Income From Continuing Operations": 541000000.0
    },
    "2023-12-31T00:00:00": {
      "Free Cash Flow": 508000000.0,
      "Repurchase Of Capital Stock": -323000000.0,
      "Repayment Of Debt": null,
      "Issuance Of Debt": null,
      "Capital Expenditure": null,
      "Interest Paid Supplemental Data": 0.0,
      "Income Tax Paid Supplemental Data": 9000000.0,
      "End Cash Position": 9000000.0,
      "Beginning Cash Position": 1000000.0,
      "Effect Of Exchange Rate Changes": null,
      "Changes In Cash": 8000000.0,
      "Financing Cash Flow": -459000000.0,
      "Cash Flow From Continuing Financing Activities": -459000000.0,
      "Net Other Financing Charges": 369000000.0,
      "Proceeds From Stock Option Exercised": 104000000.0,
      "Cash Dividends Paid": -505000000.0,
      "Common Stock Dividend Paid": -505000000.0,
      "Net Common Stock Issuance": -323000000.0,
      "Common Stock Payments": -323000000.0,
      "Net Issuance Payments Of Debt": null,
      "Net Long Term Debt Issuance": null,
      "Long Term Debt Payments": null,
      "Long Term Debt Issuance": null,
      "Investing Cash Flow": -41000000.0,
      "Cash Flow From Continuing Investing Activities": -41000000.0,
      "Net Other Investing Changes": -41000000.0,
      "Net Investment Purchase And Sale": null,
      "Sale Of Investment": null,
      "Purchase Of Investment": null,
      "Net Business Purchase And Sale": null,
      "Purchase Of Business": null,
      "Net PPE Purchase And Sale": null,
      "Purchase Of PPE": null,
      "Operating Cash Flow": 508000000.0,
      "Cash Flow From Continuing Operating Activities": 508000000.0,
      "Change In Working Capital": -5000000.0,
      "Change In Other Working Capital": null,
      "Change In Payables And Accrued Expense": 65000000.0,
      "Change In Payable": 65000000.0,
      "Change In Account Payable": 63000000.0,
      "Change In Receivables": -70000000.0,
      "Other Non Cash Items": null,
      "Stock Based Compensation": 6000000.0,
      "Deferred Tax": null,
      "Deferred Income Tax": null,
      "Depreciation Amortization Depletion": null,
      "Depreciation And Amortization": null,
      "Operating Gains Losses": 56000000.0,
      "Earnings Losses From Equity Investments": 56000000.0,
      "Net Income From Continuing Operations": 451000000.0
    },
    "2022-12-31T00:00:00": {
      "Free Cash Flow": -387000000.0,
      "Repurchase Of Capital Stock": null,
      "Repayment Of Debt": -1936000000.0,
      "Issuance Of Debt": 496000000.0,
      "Capital Expenditure": -13000000.0,
      "Interest Paid Supplemental Data": 291000000.0,
      "Income Tax Paid Supplemental Data": 37000000.0,
      "End Cash Position": 3545000000.0,
      "Beginning Cash Position": 2494000000.0,
      "Effect Of Exchange Rate Changes": -1000000.0,
      "Changes In Cash": 1052000000.0,
      "Financing Cash Flow": -280000000.0,
      "Cash Flow From Continuing Financing Activities": -280000000.0,
      "Net Other Financing Charges": 4344000000.0,
      "Proceeds From Stock Option Exercised": null,
      "Cash Dividends Paid": -3184000000.0,
      "Common Stock Dividend Paid": null,
      "Net Common Stock Issuance": null,
      "Common Stock Payments": null,
      "Net Issuance Payments Of Debt": -1440000000.0,
      "Net Long Term Debt Issuance": -1440000000.0,
      "Long Term Debt Payments": -1936000000.0,
      "Long Term Debt Issuance": 496000000.0,
      "Investing Cash Flow": 1706000000.0,
      "Cash Flow From Continuing Investing Activities": 1706000000.0,
      "Net Other Investing Changes": null,
      "Net Investment Purchase And Sale": 1998000000.0,
      "Sale Of Investment": 2082000000.0,
      "Purchase Of Investment": -84000000.0,
      "Net Business Purchase And Sale": -279000000.0,
      "Purchase Of Business": -279000000.0,
      "Net PPE Purchase And Sale": -13000000.0,
      "Purchase Of PPE": -13000000.0,
      "Operating Cash Flow": -374000000.0,
      "Cash Flow From Continuing Operating Activities": -374000000.0,
      "Change In Working Capital": -3020000000.0,
      "Change In Other Working Capital": -3020000000.0,
      "Change In Payables And Accrued Expense": null,
      "Change In Payable": null,
      "Change In Account Payable": null,
      "Change In Receivables": null,
      "Other Non Cash Items": -542000000.0,
      "Stock Based Compensation": -48000000.0,
      "Deferred Tax": 336000000.0,
      "Deferred Income Tax": 336000000.0,
      "Depreciation Amortization Depletion": 13000000.0,
      "Depreciation And Amortization": 13000000.0,
      "Operating Gains Losses": 22000000.0,
      "Earnings Losses From Equity Investments": 22000000.0,
      "Net Income From Continuing Operations": 2865000000.0
    },
    "2021-12-31T00:00:00": {
      "Free Cash Flow": 1408000000.0,
      "Repurchase Of Capital Stock": null,
      "Repayment Of Debt": -907000000.0,
      "Issuance Of Debt": 1353000000.0,
      "Capital Expenditure": -35000000.0,
      "Interest Paid Supplemental Data": 188000000.0,
      "Income Tax Paid Supplemental Data": 171000000.0,
      "End Cash Position": 2494000000.0,
      "Beginning Cash Position": 2101000000.0,
      "Effect Of Exchange Rate Changes": -2000000.0,
      "Changes In Cash": 395000000.0,
      "Financing Cash Flow": -187000000.0,
      "Cash Flow From Continuing Financing Activities": -187000000.0,
      "Net Other Financing Charges": 762000000.0,
      "Proceeds From Stock Option Exercised": null,
      "Cash Dividends Paid": -1395000000.0,
      "Common Stock Dividend Paid": null,
      "Net Common Stock Issuance": null,
      "Common Stock Payments": null,
      "Net Issuance Payments Of Debt": 446000000.0,
      "Net Long Term Debt Issuance": 446000000.0,
      "Long Term Debt Payments": -907000000.0,
      "Long Term Debt Issuance": 1353000000.0,
      "Investing Cash Flow": -861000000.0,
      "Cash Flow From Continuing Investing Activities": -861000000.0,
      "Net Other Investing Changes": null,
      "Net Investment Purchase And Sale": -826000000.0,
      "Sale Of Investment": 725000000.0,
      "Purchase Of Investment": -1551000000.0,
      "Net Business Purchase And Sale": null,
      "Purchase Of Business": null,
      "Net PPE Purchase And Sale": -35000000.0,
      "Purchase Of PPE": -35000000.0,
      "Operating Cash Flow": 1443000000.0,
      "Cash Flow From Continuing Operating Activities": 1443000000.0,
      "Change In Working Capital": -246000000.0,
      "Change In Other Working Capital": -246000000.0,
      "Change In Payables And Accrued Expense": null,
      "Change In Payable": null,
      "Change In Account Payable": null,
      "Change In Receivables": null,
      "Other Non Cash Items": -1646000000.0,
      "Stock Based Compensation": 199000000.0,
      "Deferred Tax": 316000000.0,
      "Deferred Income Tax": 316000000.0,
      "Depreciation Amortization Depletion": 11000000.0,
      "Depreciation And Amortization": 11000000.0,
      "Operating Gains Losses": -37000000.0,
      "Earnings Losses From Equity Investments": -37000000.0,
      "Net Income From Continuing Operations": 2846000000.0
    }
  },
  "earnings_estimate": {
    "avg": {
      "0q": 0.43055,
      "+1q": 0.45219,
      "0y": 1.86414,
      "+1y": 2.21584
    },
    "low": {
      "0q": 0.4,
      "+1q": 0.42,
      "0y": 1.78,
      "+1y": 2.09346
    },
    "high": {
      "0q": 0.48,
      "+1q": 0.49,
      "0y": 1.98,
      "+1y": 2.36135
    },
    "yearAgoEps": {
      "0q": 0.4,
      "+1q": 0.38,
      "0y": 1.65,
      "+1y": 1.86414
    },
    "numberOfAnalysts": {
      "0q": 12,
      "+1q": 12,
      "0y": 15,
      "+1y": 15
    },
    "growth": {
      "0q": 0.0764,
      "+1q": 0.19,
      "0y": 0.12979999,
      "+1y": 0.1887
    }
  },
  "revenue_estimate": {
    "avg": {
      "0q": 1455465440,
      "+1q": 1526398870,
      "0y": 6203643140,
      "+1y": 7158602700
    },
    "low": {
      "0q": 1423426000,
      "+1q": 1471645740,
      "0y": 6036000000,
      "+1y": 6861000000
    },
    "high": {
      "0q": 1495000000,
      "+1q": 1575000000,
      "0y": 6465780210,
      "+1y": 7647267280
    },
    "numberOfAnalysts": {
      "0q": 5,
      "+1q": 5,
      "0y": 10,
      "+1y": 10
    },
    "yearAgoRevenue": {
      "0q": 1081000000,
      "+1q": 1090000000,
      "0y": 4817000000,
      "+1y": 6203643140
    },
    "growth": {
      "0q": 0.3464,
      "+1q": 0.4004,
      "0y": 0.2879,
      "+1y": 0.1539
    }
  },
  "growth_estimates": {
    "stockTrend": {
      "0q": 0.0764,
      "+1q": 0.19,
      "0y": 0.12979999,
      "+1y": 0.1887,
      "LTG": null
    },
    "indexTrend": {
      "0q": 0.1273,
      "+1q": 0.103599995,
      "0y": 0.14310001,
      "+1y": 0.1557,
      "LTG": 0.122
    }
  },
  "revenue_forecasts": null,
  "dividend_rate": 2.75,
  "trailing_dividend_rate": 1.75
}