{
  "ticker": "BARC.L",
  "name": "Barclays",
  "country": "uk",
  "currency": "GBP",
  "last_fetched": "2026-02-26T20:46:24.990150",
  "market_cap": 65163264000,
  "revenue": 26818000896,
  "net_income": 6175000064,
  "pe_ratio": 11.2535715,
  "forward_pe": 7.5403223,
  "dividend_yield": 1.83,
  "profit_margin": 0.26743,
  "roe": 0.09571999,
  "debt_to_equity": null,
  "beta": 0.854,
  "ev_to_ebitda": null,
  "sector": "Financial Services",
  "industry": "Banks - Diversified",
  "summary": "Barclays PLC provides various financial services in the United Kingdom, Europe, the Americas, Africa, the Middle East, and Asia. The company operates through Barclays UK; Barclays UK Corporate Bank; Barclays Private Bank and Wealth Management; Barclays Investment Bank; and Barclays US Consumer Bank segments. It offers financial services, such as current accounts, savings accounts, mortgages and unsecured lending, such as credit cards and loans retail banking, wholesale banking, investment banking, wealth management, and investment management services, as well as lending products. In addition, the company engages in securities dealing activities and issuing of credit cards. The company was formerly known as Barclays Bank public limited company and changed its name to Barclays PLC in January 1985. Barclays PLC was founded in 1690 and is headquartered in London, the United Kingdom.",
  "website": "https://home.barclays",
  "employees": 93000,
  "target_high": 590.0,
  "target_low": 435.0,
  "target_mean": 532.5,
  "target_median": 542.5,
  "recommendation": "buy",
  "num_analysts": 16,
  "income_stmt": {
    "2025-12-31T00:00:00": {
      "Tax Effect Of Unusual Items": -197889703.468651,
      "Tax Rate For Calcs": 0.210745,
      "Total Unusual Items": -939000000.0,
      "Total Unusual Items Excluding Goodwill": -939000000.0,
      "Net Income From Continuing Operation Net Minority Interest": 7172000000.0,
      "Reconciled Depreciation": 1756000000.0,
      "Net Interest Income": 14501000000.0,
      "Interest Expense": 21688000000.0,
      "Interest Income": 36189000000.0,
      "Normalized Income": 7913110296.531349,
      "Net Income From Continuing And Discontinued Operation": 7172000000.0,
      "Diluted Average Shares": 14604000000.0,
      "Basic Average Shares": 14112000000.0,
      "Diluted EPS": 0.423,
      "Basic EPS": 0.438,
      "Diluted NI Availto Com Stockholders": 6175000000.0,
      "Net Income Common Stockholders": 6175000000.0,
      "Otherunder Preferred Stock Dividend": 997000000.0,
      "Net Income": 7172000000.0,
      "Minority Interests": -41000000.0,
      "Net Income Including Noncontrolling Interests": 7213000000.0,
      "Net Income Extraordinary": null,
      "Net Income Continuous Operations": 7213000000.0,
      "Tax Provision": 1926000000.0,
      "Pretax Income": 9139000000.0,
      "Special Income Charges": -939000000.0,
      "Other Special Charges": 720000000.0,
      "Impairment Of Capital Assets": 20000000.0,
      "Restructuring And Mergern Acquisition": 199000000.0,
      "Gain On Sale Of Security": 10000000.0,
      "Operating Expense": 16849000000.0,
      "Other Operating Expenses": 28000000.0,
      "Depreciation And Amortization In Income Statement": 1756000000.0,
      "Depreciation Income Statement": 1756000000.0,
      "Selling General And Administration": 2729000000.0,
      "Selling And Marketing Expense": 618000000.0,
      "General And Administrative Expense": 2111000000.0,
      "Rent And Landing Fees": 1928000000.0,
      "Total Revenue": 29140000000.0,
      "Operating Revenue": 29140000000.0
    },
    "2024-12-31T00:00:00": {
      "Tax Effect Of Unusual Items": -91619141.588555,
      "Tax Rate For Calcs": 0.216083,
      "Total Unusual Items": -424000000.0,
      "Total Unusual Items Excluding Goodwill": -424000000.0,
      "Net Income From Continuing Operation Net Minority Interest": 6307000000.0,
      "Reconciled Depreciation": 1700000000.0,
      "Net Interest Income": 12936000000.0,
      "Interest Expense": 25390000000.0,
      "Interest Income": 38326000000.0,
      "Normalized Income": 6639380858.411445,
      "Net Income From Continuing And Discontinued Operation": 6307000000.0,
      "Diluted Average Shares": 15271000000.0,
      "Basic Average Shares": 14755000000.0,
      "Diluted EPS": 0.348,
      "Basic EPS": 0.36,
      "Diluted NI Availto Com Stockholders": 5316000000.0,
      "Net Income Common Stockholders": 5316000000.0,
      "Otherunder Preferred Stock Dividend": 991000000.0,
      "Net Income": 6307000000.0,
      "Minority Interests": -49000000.0,
      "Net Income Including Noncontrolling Interests": 6356000000.0,
      "Net Income Extraordinary": null,
      "Net Income Continuous Operations": 6356000000.0,
      "Tax Provision": 1752000000.0,
      "Pretax Income": 8108000000.0,
      "Special Income Charges": -424000000.0,
      "Other Special Charges": 502000000.0,
      "Impairment Of Capital Assets": 34000000.0,
      "Restructuring And Mergern Acquisition": -112000000.0,
      "Gain On Sale Of Security": 433000000.0,
      "Operating Expense": 15964000000.0,
      "Other Operating Expenses": 38000000.0,
      "Depreciation And Amortization In Income Statement": 1700000000.0,
      "Depreciation Income Statement": 1700000000.0,
      "Selling General And Administration": 2770000000.0,
      "Selling And Marketing Expense": 649000000.0,
      "General And Administrative Expense": 2121000000.0,
      "Rent And Landing Fees": 1815000000.0,
      "Total Revenue": 26230000000.0,
      "Operating Revenue": 26230000000.0
    },
    "2023-12-31T00:00:00": {
      "Tax Effect Of Unusual Items": -160176000.0,
      "Tax Rate For Calcs": 0.188,
      "Total Unusual Items": -852000000.0,
      "Total Unusual Items Excluding Goodwill": -852000000.0,
      "Net Income From Continuing Operation Net Minority Interest": 5259000000.0,
      "Reconciled Depreciation": 1784000000.0,
      "Net Interest Income": 12709000000.0,
      "Interest Expense": 22366000000.0,
      "Interest Income": 35075000000.0,
      "Normalized Income": 5950824000.0,
      "Net Income From Continuing And Discontinued Operation": 5259000000.0,
      "Diluted Average Shares": 15895000000.0,
      "Basic Average Shares": 15445000000.0,
      "Diluted EPS": 0.269,
      "Basic EPS": 0.277,
      "Diluted NI Availto Com Stockholders": 4274000000.0,
      "Net Income Common Stockholders": 4274000000.0,
      "Otherunder Preferred Stock Dividend": 985000000.0,
      "Net Income": 5259000000.0,
      "Minority Interests": -64000000.0,
      "Net Income Including Noncontrolling Interests": 5323000000.0,
      "Net Income Extraordinary": null,
      "Net Income Continuous Operations": 5323000000.0,
      "Tax Provision": 1234000000.0,
      "Pretax Income": 6557000000.0,
      "Special Income Charges": -852000000.0,
      "Other Special Charges": 37000000.0,
      "Impairment Of Capital Assets": 363000000.0,
      "Restructuring And Mergern Acquisition": 452000000.0,
      "Gain On Sale Of Security": 61000000.0,
      "Operating Expense": 16079000000.0,
      "Other Operating Expenses": 180000000.0,
      "Depreciation And Amortization In Income Statement": 1784000000.0,
      "Depreciation Income Statement": 1784000000.0,
      "Selling General And Administration": 2602000000.0,
      "Selling And Marketing Expense": 585000000.0,
      "General And Administrative Expense": 2017000000.0,
      "Rent And Landing Fees": 1948000000.0,
      "Total Revenue": 25384000000.0,
      "Operating Revenue": 25384000000.0
    },
    "2022-12-31T00:00:00": {
      "Tax Effect Of Unusual Items": -255596000.0,
      "Tax Rate For Calcs": 0.148,
      "Total Unusual Items": -1727000000.0,
      "Total Unusual Items Excluding Goodwill": -1727000000.0,
      "Net Income From Continuing Operation Net Minority Interest": 5928000000.0,
      "Reconciled Depreciation": 1723000000.0,
      "Net Interest Income": 10572000000.0,
      "Interest Expense": 8524000000.0,
      "Interest Income": 19096000000.0,
      "Normalized Income": 7399404000.0,
      "Net Income From Continuing And Discontinued Operation": 5928000000.0,
      "Diluted Average Shares": 16867000000.0,
      "Basic Average Shares": 16333000000.0,
      "Diluted EPS": 0.298,
      "Basic EPS": 0.308,
      "Diluted NI Availto Com Stockholders": 5023000000.0,
      "Net Income Common Stockholders": 5023000000.0,
      "Otherunder Preferred Stock Dividend": 905000000.0,
      "Net Income": 5928000000.0,
      "Minority Interests": -45000000.0,
      "Net Income Including Noncontrolling Interests": 5973000000.0,
      "Net Income Extraordinary": null,
      "Net Income Continuous Operations": 5973000000.0,
      "Tax Provision": 1039000000.0,
      "Pretax Income": 7012000000.0,
      "Special Income Charges": -1727000000.0,
      "Other Special Charges": 1671000000.0,
      "Impairment Of Capital Assets": 63000000.0,
      "Restructuring And Mergern Acquisition": -7000000.0,
      "Gain On Sale Of Security": -391000000.0,
      "Operating Expense": 15077000000.0,
      "Other Operating Expenses": 176000000.0,
      "Depreciation And Amortization In Income Statement": 1723000000.0,
      "Depreciation Income Statement": 1723000000.0,
      "Selling General And Administration": 2270000000.0,
      "Selling And Marketing Expense": 500000000.0,
      "General And Administrative Expense": 1770000000.0,
      "Rent And Landing Fees": 1649000000.0,
      "Total Revenue": 25021000000.0,
      "Operating Revenue": 25021000000.0
    },
    "2021-12-31T00:00:00": {
      "Tax Effect Of Unusual Items": null,
      "Tax Rate For Calcs": null,
      "Total Unusual Items": null,
      "Total Unusual Items Excluding Goodwill": null,
      "Net Income From Continuing Operation Net Minority Interest": null,
      "Reconciled Depreciation": null,
      "Net Interest Income": null,
      "Interest Expense": null,
      "Interest Income": null,
      "Normalized Income": null,
      "Net Income From Continuing And Discontinued Operation": null,
      "Diluted Average Shares": null,
      "Basic Average Shares": null,
      "Diluted EPS": null,
      "Basic EPS": null,
      "Diluted NI Availto Com Stockholders": null,
      "Net Income Common Stockholders": null,
      "Otherunder Preferred Stock Dividend": null,
      "Net Income": null,
      "Minority Interests": null,
      "Net Income Including Noncontrolling Interests": null,
      "Net Income Extraordinary": -804000000.0,
      "Net Income Continuous Operations": null,
      "Tax Provision": null,
      "Pretax Income": null,
      "Special Income Charges": null,
      "Other Special Charges": null,
      "Impairment Of Capital Assets": null,
      "Restructuring And Mergern Acquisition": null,
      "Gain On Sale Of Security": null,
      "Operating Expense": null,
      "Other Operating Expenses": null,
      "Depreciation And Amortization In Income Statement": null,
      "Depreciation Income Statement": null,
      "Selling General And Administration": null,
      "Selling And Marketing Expense": null,
      "General And Administrative Expense": null,
      "Rent And Landing Fees": null,
      "Total Revenue": null,
      "Operating Revenue": null
    }
  },
  "quarterly_income": {
    "2025-12-31T00:00:00": {
      "Tax Effect Of Unusual Items": -124602474.448628,
      "Tax Rate For Calcs": 0.208714,
      "Total Unusual Items": -597000000.0,
      "Total Unusual Items Excluding Goodwill": -597000000.0,
      "Net Income From Continuing Operation Net Minority Interest": 1453000000.0,
      "Net Interest Income": null,
      "Interest Income": null,
      "Normalized Income": 1925397525.551372,
      "Net Income From Continuing And Discontinued Operation": 1453000000.0,
      "Diluted Average Shares": 13883000000.0,
      "Basic Average Shares": 13883000000.0,
      "Diluted EPS": 0.086,
      "Basic EPS": 0.086,
      "Diluted NI Availto Com Stockholders": 1195000000.0,
      "Net Income Common Stockholders": 1195000000.0,
      "Otherunder Preferred Stock Dividend": 258000000.0,
      "Net Income": 1453000000.0,
      "Minority Interests": -18000000.0,
      "Net Income Including Noncontrolling Interests": 1471000000.0,
      "Net Income Continuous Operations": 1471000000.0,
      "Tax Provision": 388000000.0,
      "Pretax Income": 1859000000.0,
      "Other Non Operating Income Expenses": null,
      "Special Income Charges": -597000000.0,
      "Other Special Charges": 378000000.0,
      "Restructuring And Mergern Acquisition": null,
      "Operating Expense": 4104000000.0,
      "Other Operating Expenses": -12717000000.0,
      "Total Revenue": 7077000000.0,
      "Operating Revenue": 7077000000.0
    },
    "2025-09-30T00:00:00": {
      "Tax Effect Of Unusual Items": -44812229.176697,
      "Tax Rate For Calcs": 0.175734,
      "Total Unusual Items": -255000000.0,
      "Total Unusual Items Excluding Goodwill": -255000000.0,
      "Net Income From Continuing Operation Net Minority Interest": 1712000000.0,
      "Net Interest Income": 3745000000.0,
      "Interest Income": 3745000000.0,
      "Normalized Income": 1922187770.823303,
      "Net Income From Continuing And Discontinued Operation": 1712000000.0,
      "Diluted Average Shares": null,
      "Basic Average Shares": null,
      "Diluted EPS": null,
      "Basic EPS": null,
      "Diluted NI Availto Com Stockholders": 1457000000.0,
      "Net Income Common Stockholders": 1457000000.0,
      "Otherunder Preferred Stock Dividend": 255000000.0,
      "Net Income": 1712000000.0,
      "Minority Interests": 0.0,
      "Net Income Including Noncontrolling Interests": 1712000000.0,
      "Net Income Continuous Operations": 1712000000.0,
      "Tax Provision": 365000000.0,
      "Pretax Income": 2077000000.0,
      "Other Non Operating Income Expenses": 39000000.0,
      "Special Income Charges": -255000000.0,
      "Other Special Charges": 255000000.0,
      "Restructuring And Mergern Acquisition": null,
      "Operating Expense": 4242000000.0,
      "Other Operating Expenses": 4242000000.0,
      "Total Revenue": 7167000000.0,
      "Operating Revenue": 7167000000.0
    },
    "2025-06-30T00:00:00": {
      "Tax Effect Of Unusual Items": -20666666.666667,
      "Tax Rate For Calcs": 0.222222,
      "Total Unusual Items": -93000000.0,
      "Total Unusual Items Excluding Goodwill": -93000000.0,
      "Net Income From Continuing Operation Net Minority Interest": 1911000000.0,
      "Net Interest Income": 3505000000.0,
      "Interest Income": 14747000000.0,
      "Normalized Income": 1983333333.333333,
      "Net Income From Continuing And Discontinued Operation": 1911000000.0,
      "Diluted Average Shares": null,
      "Basic Average Shares": null,
      "Diluted EPS": null,
      "Basic EPS": null,
      "Diluted NI Availto Com Stockholders": 1659000000.0,
      "Net Income Common Stockholders": 1659000000.0,
      "Otherunder Preferred Stock Dividend": 252000000.0,
      "Net Income": 1911000000.0,
      "Minority Interests": -21000000.0,
      "Net Income Including Noncontrolling Interests": 1932000000.0,
      "Net Income Continuous Operations": 1932000000.0,
      "Tax Provision": 552000000.0,
      "Pretax Income": 2484000000.0,
      "Other Non Operating Income Expenses": null,
      "Special Income Charges": -93000000.0,
      "Other Special Charges": 76000000.0,
      "Restructuring And Mergern Acquisition": 9000000.0,
      "Operating Expense": 4058000000.0,
      "Other Operating Expenses": -4258000000.0,
      "Total Revenue": 7187000000.0,
      "Operating Revenue": 7187000000.0
    },
    "2025-03-31T00:00:00": {
      "Tax Effect Of Unusual Items": -19380000.0,
      "Tax Rate For Calcs": 0.228,
      "Total Unusual Items": -85000000.0,
      "Total Unusual Items Excluding Goodwill": -85000000.0,
      "Net Income From Continuing Operation Net Minority Interest": 2096000000.0,
      "Net Interest Income": 3517000000.0,
      "Interest Income": 3517000000.0,
      "Normalized Income": 2161620000.0,
      "Net Income From Continuing And Discontinued Operation": 2096000000.0,
      "Diluted Average Shares": 14314000000.0,
      "Basic Average Shares": 14314000000.0,
      "Diluted EPS": 0.13,
      "Basic EPS": 0.13,
      "Diluted NI Availto Com Stockholders": 1864000000.0,
      "Net Income Common Stockholders": 1864000000.0,
      "Otherunder Preferred Stock Dividend": 232000000.0,
      "Net Income": 2096000000.0,
      "Minority Interests": -2000000.0,
      "Net Income Including Noncontrolling Interests": 2098000000.0,
      "Net Income Continuous Operations": 2098000000.0,
      "Tax Provision": 621000000.0,
      "Pretax Income": 2719000000.0,
      "Other Non Operating Income Expenses": 18000000.0,
      "Special Income Charges": -85000000.0,
      "Other Special Charges": 11000000.0,
      "Restructuring And Mergern Acquisition": 74000000.0,
      "Operating Expense": 4354000000.0,
      "Other Operating Expenses": 4354000000.0,
      "Total Revenue": 7709000000.0,
      "Operating Revenue": 7709000000.0
    },
    "2024-12-31T00:00:00": {
      "Tax Effect Of Unusual Items": -87658037.326911,
      "Tax Rate For Calcs": 0.269717,
      "Total Unusual Items": -325000000.0,
      "Total Unusual Items Excluding Goodwill": -325000000.0,
      "Net Income From Continuing Operation Net Minority Interest": 1193000000.0,
      "Net Interest Income": null,
      "Interest Income": null,
      "Normalized Income": 1430341962.673089,
      "Net Income From Continuing And Discontinued Operation": 1193000000.0,
      "Diluted Average Shares": 14432000000.0,
      "Basic Average Shares": 14432000000.0,
      "Diluted EPS": 0.067,
      "Basic EPS": 0.067,
      "Diluted NI Availto Com Stockholders": 965000000.0,
      "Net Income Common Stockholders": 965000000.0,
      "Otherunder Preferred Stock Dividend": 228000000.0,
      "Net Income": 1193000000.0,
      "Minority Interests": -20000000.0,
      "Net Income Including Noncontrolling Interests": 1213000000.0,
      "Net Income Continuous Operations": 1213000000.0,
      "Tax Provision": 448000000.0,
      "Pretax Income": 1661000000.0,
      "Other Non Operating Income Expenses": null,
      "Special Income Charges": -325000000.0,
      "Other Special Charges": 403000000.0,
      "Restructuring And Mergern Acquisition": null,
      "Operating Expense": 3920000000.0,
      "Other Operating Expenses": -12006000000.0,
      "Total Revenue": 6406000000.0,
      "Operating Revenue": 6406000000.0
    },
    "2024-09-30T00:00:00": {
      "Tax Effect Of Unusual Items": null,
      "Tax Rate For Calcs": null,
      "Total Unusual Items": null,
      "Total Unusual Items Excluding Goodwill": null,
      "Net Income From Continuing Operation Net Minority Interest": null,
      "Net Interest Income": 3308000000.0,
      "Interest Income": 3308000000.0,
      "Normalized Income": null,
      "Net Income From Continuing And Discontinued Operation": null,
      "Diluted Average Shares": 14648000000.0,
      "Basic Average Shares": 14648000000.0,
      "Diluted EPS": 0.107,
      "Basic EPS": 0.107,
      "Diluted NI Availto Com Stockholders": null,
      "Net Income Common Stockholders": null,
      "Otherunder Preferred Stock Dividend": null,
      "Net Income": null,
      "Minority Interests": null,
      "Net Income Including Noncontrolling Interests": null,
      "Net Income Continuous Operations": null,
      "Tax Provision": null,
      "Pretax Income": null,
      "Other Non Operating Income Expenses": 21000000.0,
      "Special Income Charges": null,
      "Other Special Charges": null,
      "Restructuring And Mergern Acquisition": null,
      "Operating Expense": null,
      "Other Operating Expenses": null,
      "Total Revenue": null,
      "Operating Revenue": null
    },
    "2024-06-30T00:00:00": {
      "Tax Effect Of Unusual Items": null,
      "Tax Rate For Calcs": null,
      "Total Unusual Items": null,
      "Total Unusual Items Excluding Goodwill": null,
      "Net Income From Continuing Operation Net Minority Interest": null,
      "Net Interest Income": 3056000000.0,
      "Interest Income": 15570000000.0,
      "Normalized Income": null,
      "Net Income From Continuing And Discontinued Operation": null,
      "Diluted Average Shares": null,
      "Basic Average Shares": null,
      "Diluted EPS": null,
      "Basic EPS": null,
      "Diluted NI Availto Com Stockholders": null,
      "Net Income Common Stockholders": null,
      "Otherunder Preferred Stock Dividend": null,
      "Net Income": null,
      "Minority Interests": null,
      "Net Income Including Noncontrolling Interests": null,
      "Net Income Continuous Operations": null,
      "Tax Provision": null,
      "Pretax Income": null,
      "Other Non Operating Income Expenses": null,
      "Special Income Charges": null,
      "Other Special Charges": null,
      "Restructuring And Mergern Acquisition": null,
      "Operating Expense": null,
      "Other Operating Expenses": null,
      "Total Revenue": null,
      "Operating Revenue": null
    }
  },
  "balance_sheet": {
    "2025-12-31T00:00:00": {
      "Treasury Shares Number": 20000000.0,
      "Ordinary Shares Number": 13844768457.0,
      "Share Issued": 13864768457.0,
      "Total Debt": 219941000000.0,
      "Tangible Book Value": 69500000000.0,
      "Invested Capital": 296447000000.0,
      "Net Tangible Assets": 69500000000.0,
      "Common Stock Equity": 77784000000.0,
      "Total Capitalization": 296447000000.0,
      "Total Equity Gross Minority Interest": 78236000000.0,
      "Minority Interest": 452000000.0,
      "Stockholders Equity": 77784000000.0,
      "Other Equity Interest": 12725000000.0,
      "Retained Earnings": 59253000000.0,
      "Additional Paid In Capital": 711000000.0,
      "Capital Stock": 3467000000.0,
      "Common Stock": 3467000000.0,
      "Total Liabilities Net Minority Interest": 1465929000000.0,
      "Derivative Product Liabilities": 240808000000.0,
      "Long Term Debt And Capital Lease Obligation": 219941000000.0,
      "Payables": 5345000000.0,
      "Other Payable": 4477000000.0,
      "Total Tax Payable": 868000000.0,
      "Total Assets": 1544165000000.0,
      "Defined Pension Benefit": 3308000000.0,
      "Investments And Advances": 578209000000.0,
      "Investmentin Financial Assets": 577470000000.0,
      "Available For Sale Securities": 140502000000.0,
      "Financial Assets Designatedas Fair Value Through Profitor Loss Total": 6697000000.0,
      "Trading Securities": 177812000000.0,
      "Long Term Equity Investment": 739000000.0,
      "Investmentsin Joint Venturesat Cost": 0.0,
      "Investmentsin Associatesat Cost": 739000000.0,
      "Investment Properties": 43000000.0,
      "Goodwill And Other Intangible Assets": 8284000000.0,
      "Other Intangible Assets": 3869000000.0,
      "Goodwill": 4415000000.0,
      "Net PPE": 3677000000.0,
      "Accumulated Depreciation": -4600000000.0,
      "Gross PPE": 8277000000.0,
      "Other Properties": 2455000000.0,
      "Buildings And Improvements": 5822000000.0,
      "Taxes Receivable": 276000000.0,
      "Cash And Cash Equivalents": 229752000000.0,
      "Cash Cash Equivalents And Federal Funds Sold": 379862000000.0
    },
    "2024-12-31T00:00:00": {
      "Treasury Shares Number": 19000000.0,
      "Ordinary Shares Number": 14400599565.0,
      "Share Issued": 14419599565.0,
      "Total Debt": 185746000000.0,
      "Tangible Book Value": 63546000000.0,
      "Invested Capital": 256362000000.0,
      "Net Tangible Assets": 63546000000.0,
      "Common Stock Equity": 71821000000.0,
      "Total Capitalization": 256362000000.0,
      "Total Equity Gross Minority Interest": 72481000000.0,
      "Minority Interest": 660000000.0,
      "Stockholders Equity": 71821000000.0,
      "Other Equity Interest": 12075000000.0,
      "Retained Earnings": 56028000000.0,
      "Additional Paid In Capital": 581000000.0,
      "Capital Stock": 3605000000.0,
      "Common Stock": 3605000000.0,
      "Total Liabilities Net Minority Interest": 1445721000000.0,
      "Derivative Product Liabilities": 279415000000.0,
      "Long Term Debt And Capital Lease Obligation": 185746000000.0,
      "Payables": 5394000000.0,
      "Other Payable": 4828000000.0,
      "Total Tax Payable": 566000000.0,
      "Total Assets": 1518202000000.0,
      "Defined Pension Benefit": 3263000000.0,
      "Investments And Advances": 597283000000.0,
      "Investmentin Financial Assets": 596392000000.0,
      "Available For Sale Securities": 142986000000.0,
      "Financial Assets Designatedas Fair Value Through Profitor Loss Total": 6893000000.0,
      "Trading Securities": 152983000000.0,
      "Long Term Equity Investment": 891000000.0,
      "Investmentsin Joint Venturesat Cost": 199000000.0,
      "Investmentsin Associatesat Cost": 692000000.0,
      "Investment Properties": 9000000.0,
      "Goodwill And Other Intangible Assets": 8275000000.0,
      "Other Intangible Assets": 3825000000.0,
      "Goodwill": 4450000000.0,
      "Net PPE": 3595000000.0,
      "Accumulated Depreciation": -4493000000.0,
      "Gross PPE": 8088000000.0,
      "Other Properties": 2245000000.0,
      "Buildings And Improvements": 5843000000.0,
      "Taxes Receivable": 155000000.0,
      "Cash And Cash Equivalents": 210184000000.0,
      "Cash Cash Equivalents And Federal Funds Sold": 356691000000.0
    },
    "2023-12-31T00:00:00": {
      "Treasury Shares Number": 19000000.0,
      "Ordinary Shares Number": 15135554000.0,
      "Share Issued": 15154554000.0,
      "Total Debt": 176551000000.0,
      "Tangible Book Value": 63410000000.0,
      "Invested Capital": 246784000000.0,
      "Net Tangible Assets": 63410000000.0,
      "Common Stock Equity": 71204000000.0,
      "Total Capitalization": 246784000000.0,
      "Total Equity Gross Minority Interest": 71864000000.0,
      "Minority Interest": 660000000.0,
      "Stockholders Equity": 71204000000.0,
      "Other Equity Interest": 13259000000.0,
      "Retained Earnings": 53734000000.0,
      "Additional Paid In Capital": 499000000.0,
      "Capital Stock": 3789000000.0,
      "Common Stock": 3789000000.0,
      "Total Liabilities Net Minority Interest": 1405623000000.0,
      "Derivative Product Liabilities": 250044000000.0,
      "Long Term Debt And Capital Lease Obligation": 176551000000.0,
      "Payables": 7167000000.0,
      "Other Payable": 6638000000.0,
      "Total Tax Payable": 529000000.0,
      "Total Assets": 1477487000000.0,
      "Defined Pension Benefit": 3667000000.0,
      "Investments And Advances": 557362000000.0,
      "Investmentin Financial Assets": 556483000000.0,
      "Available For Sale Securities": 127814000000.0,
      "Financial Assets Designatedas Fair Value Through Profitor Loss Total": 9881000000.0,
      "Trading Securities": 161952000000.0,
      "Long Term Equity Investment": 879000000.0,
      "Investmentsin Joint Venturesat Cost": 209000000.0,
      "Investmentsin Associatesat Cost": 670000000.0,
      "Investment Properties": 2000000.0,
      "Goodwill And Other Intangible Assets": 7794000000.0,
      "Other Intangible Assets": 3617000000.0,
      "Goodwill": 4177000000.0,
      "Net PPE": 3415000000.0,
      "Accumulated Depreciation": -4512000000.0,
      "Gross PPE": 7927000000.0,
      "Other Properties": 2347000000.0,
      "Buildings And Improvements": 5580000000.0,
      "Taxes Receivable": 121000000.0,
      "Cash And Cash Equivalents": 224634000000.0,
      "Cash Cash Equivalents And Federal Funds Sold": 376359000000.0
    },
    "2022-12-31T00:00:00": {
      "Treasury Shares Number": 0.0,
      "Ordinary Shares Number": 15871000000.0,
      "Share Issued": 15871000000.0,
      "Total Debt": 183366000000.0,
      "Tangible Book Value": 60053000000.0,
      "Invested Capital": 250442000000.0,
      "Net Tangible Assets": 60053000000.0,
      "Common Stock Equity": 68292000000.0,
      "Total Capitalization": 250442000000.0,
      "Total Equity Gross Minority Interest": 69260000000.0,
      "Minority Interest": 968000000.0,
      "Stockholders Equity": 68292000000.0,
      "Other Equity Interest": 13284000000.0,
      "Retained Earnings": 52827000000.0,
      "Additional Paid In Capital": 405000000.0,
      "Capital Stock": 3968000000.0,
      "Common Stock": 3968000000.0,
      "Total Liabilities Net Minority Interest": 1444439000000.0,
      "Derivative Product Liabilities": 289620000000.0,
      "Long Term Debt And Capital Lease Obligation": 183366000000.0,
      "Payables": 8450000000.0,
      "Other Payable": 7870000000.0,
      "Total Tax Payable": 580000000.0,
      "Total Assets": 1513699000000.0,
      "Defined Pension Benefit": 4743000000.0,
      "Investments And Advances": 543702000000.0,
      "Investmentin Financial Assets": 542780000000.0,
      "Available For Sale Securities": 110327000000.0,
      "Financial Assets Designatedas Fair Value Through Profitor Loss Total": 9458000000.0,
      "Trading Securities": 120615000000.0,
      "Long Term Equity Investment": 922000000.0,
      "Investmentsin Joint Venturesat Cost": 227000000.0,
      "Investmentsin Associatesat Cost": 695000000.0,
      "Investment Properties": 5000000.0,
      "Goodwill And Other Intangible Assets": 8239000000.0,
      "Other Intangible Assets": 4327000000.0,
      "Goodwill": 3912000000.0,
      "Net PPE": 3611000000.0,
      "Accumulated Depreciation": -4942000000.0,
      "Gross PPE": 8553000000.0,
      "Other Properties": 3018000000.0,
      "Buildings And Improvements": 5535000000.0,
      "Taxes Receivable": 385000000.0,
      "Cash And Cash Equivalents": 256351000000.0,
      "Cash Cash Equivalents And Federal Funds Sold": 421808000000.0
    }
  },
  "cashflow": {
    "2025-12-31T00:00:00": {
      "Free Cash Flow": 16880000000.0,
      "Repurchase Of Capital Stock": -6234000000.0,
      "Repayment Of Debt": -6186000000.0,
      "Issuance Of Debt": 13098000000.0,
      "Issuance Of Capital Stock": 3869000000.0,
      "Capital Expenditure": -1859000000.0,
      "End Cash Position": 256463000000.0,
      "Beginning Cash Position": 235611000000.0,
      "Effect Of Exchange Rate Changes": -1738000000.0,
      "Changes In Cash": 22590000000.0,
      "Financing Cash Flow": 2256000000.0,
      "Net Other Financing Charges": -40000000.0,
      "Cash Dividends Paid": -2251000000.0,
      "Common Stock Dividend Paid": -2251000000.0,
      "Net Common Stock Issuance": -2365000000.0,
      "Common Stock Payments": -6234000000.0,
      "Common Stock Issuance": 3869000000.0,
      "Net Issuance Payments Of Debt": 6912000000.0,
      "Net Long Term Debt Issuance": 6912000000.0,
      "Long Term Debt Payments": -6186000000.0,
      "Long Term Debt Issuance": 13098000000.0,
      "Investing Cash Flow": 1595000000.0,
      "Net Other Investing Changes": 234000000.0,
      "Net Investment Purchase And Sale": 3220000000.0,
      "Sale Of Investment": 72946000000.0,
      "Purchase Of Investment": -69726000000.0,
      "Net Business Purchase And Sale": 0.0,
      "Sale Of Business": null,
      "Purchase Of Business": 0.0,
      "Net PPE Purchase And Sale": -1859000000.0,
      "Sale Of PPE": null,
      "Purchase Of PPE": -1859000000.0,
      "Operating Cash Flow": 18739000000.0,
      "Taxes Refund Paid": -1393000000.0,
      "Change In Working Capital": -61000000.0,
      "Change In Other Current Liabilities": -1078000000.0,
      "Change In Other Current Assets": 22457000000.0,
      "Other Non Cash Items": 6187000000.0,
      "Provisionand Write Offof Assets": 3059000000.0,
      "Depreciation And Amortization": 1756000000.0,
      "Depreciation": 1756000000.0,
      "Gain Loss On Investment Securities": 52000000.0,
      "Net Income From Continuing Operations": 9139000000.0
    },
    "2024-12-31T00:00:00": {
      "Free Cash Flow": 5539000000.0,
      "Repurchase Of Capital Stock": -5034000000.0,
      "Repayment Of Debt": -7619000000.0,
      "Issuance Of Debt": 14014000000.0,
      "Issuance Of Capital Stock": 1684000000.0,
      "Capital Expenditure": -1574000000.0,
      "End Cash Position": 235611000000.0,
      "Beginning Cash Position": 248007000000.0,
      "Effect Of Exchange Rate Changes": -2407000000.0,
      "Changes In Cash": -9989000000.0,
      "Financing Cash Flow": 784000000.0,
      "Net Other Financing Charges": null,
      "Cash Dividends Paid": -2261000000.0,
      "Common Stock Dividend Paid": -2261000000.0,
      "Net Common Stock Issuance": -3350000000.0,
      "Common Stock Payments": -5034000000.0,
      "Common Stock Issuance": 1684000000.0,
      "Net Issuance Payments Of Debt": 6395000000.0,
      "Net Long Term Debt Issuance": 6395000000.0,
      "Long Term Debt Payments": -7619000000.0,
      "Long Term Debt Issuance": 14014000000.0,
      "Investing Cash Flow": -17886000000.0,
      "Net Other Investing Changes": 2749000000.0,
      "Net Investment Purchase And Sale": -18601000000.0,
      "Sale Of Investment": 91324000000.0,
      "Purchase Of Investment": -109925000000.0,
      "Net Business Purchase And Sale": -460000000.0,
      "Sale Of Business": null,
      "Purchase Of Business": -460000000.0,
      "Net PPE Purchase And Sale": -1574000000.0,
      "Sale Of PPE": null,
      "Purchase Of PPE": -1574000000.0,
      "Operating Cash Flow": 7113000000.0,
      "Taxes Refund Paid": -1283000000.0,
      "Change In Working Capital": -6332000000.0,
      "Change In Other Current Liabilities": -2295000000.0,
      "Change In Other Current Assets": -11360000000.0,
      "Other Non Cash Items": 2384000000.0,
      "Provisionand Write Offof Assets": 2514000000.0,
      "Depreciation And Amortization": 1700000000.0,
      "Depreciation": 1700000000.0,
      "Gain Loss On Investment Securities": 20000000.0,
      "Net Income From Continuing Operations": 8108000000.0
    },
    "2023-12-31T00:00:00": {
      "Free Cash Flow": -2645000000.0,
      "Repurchase Of Capital Stock": -5249000000.0,
      "Repayment Of Debt": -8491000000.0,
      "Issuance Of Debt": 11359000000.0,
      "Issuance Of Capital Stock": 3251000000.0,
      "Capital Expenditure": -1718000000.0,
      "End Cash Position": 248007000000.0,
      "Beginning Cash Position": 278790000000.0,
      "Effect Of Exchange Rate Changes": -5053000000.0,
      "Changes In Cash": -25730000000.0,
      "Financing Cash Flow": -1389000000.0,
      "Net Other Financing Charges": null,
      "Cash Dividends Paid": -2259000000.0,
      "Common Stock Dividend Paid": -2259000000.0,
      "Net Common Stock Issuance": -1998000000.0,
      "Common Stock Payments": -5249000000.0,
      "Common Stock Issuance": 3251000000.0,
      "Net Issuance Payments Of Debt": 2868000000.0,
      "Net Long Term Debt Issuance": 2868000000.0,
      "Long Term Debt Payments": -8491000000.0,
      "Long Term Debt Issuance": 11359000000.0,
      "Investing Cash Flow": -23414000000.0,
      "Net Other Investing Changes": 23000000.0,
      "Net Investment Purchase And Sale": -19304000000.0,
      "Sale Of Investment": 67088000000.0,
      "Purchase Of Investment": -86392000000.0,
      "Net Business Purchase And Sale": -2415000000.0,
      "Sale Of Business": null,
      "Purchase Of Business": -2415000000.0,
      "Net PPE Purchase And Sale": -1718000000.0,
      "Sale Of PPE": null,
      "Purchase Of PPE": -1718000000.0,
      "Operating Cash Flow": -927000000.0,
      "Taxes Refund Paid": -836000000.0,
      "Change In Working Capital": -21898000000.0,
      "Change In Other Current Liabilities": -2362000000.0,
      "Change In Other Current Assets": 38431000000.0,
      "Other Non Cash Items": 10729000000.0,
      "Provisionand Write Offof Assets": 2732000000.0,
      "Depreciation And Amortization": 1784000000.0,
      "Depreciation": 1784000000.0,
      "Gain Loss On Investment Securities": 11000000.0,
      "Net Income From Continuing Operations": 6557000000.0
    },
    "2022-12-31T00:00:00": {
      "Free Cash Flow": 28485000000.0,
      "Repurchase Of Capital Stock": -4133000000.0,
      "Repayment Of Debt": -9014000000.0,
      "Issuance Of Debt": 12616000000.0,
      "Issuance Of Capital Stock": 3205000000.0,
      "Capital Expenditure": -1746000000.0,
      "End Cash Position": 278790000000.0,
      "Beginning Cash Position": 259206000000.0,
      "Effect Of Exchange Rate Changes": 10330000000.0,
      "Changes In Cash": 9254000000.0,
      "Financing Cash Flow": 696000000.0,
      "Net Other Financing Charges": null,
      "Cash Dividends Paid": -1978000000.0,
      "Common Stock Dividend Paid": -1978000000.0,
      "Net Common Stock Issuance": -928000000.0,
      "Common Stock Payments": -4133000000.0,
      "Common Stock Issuance": 3205000000.0,
      "Net Issuance Payments Of Debt": 3602000000.0,
      "Net Long Term Debt Issuance": 3602000000.0,
      "Long Term Debt Payments": -9014000000.0,
      "Long Term Debt Issuance": 12616000000.0,
      "Investing Cash Flow": -21673000000.0,
      "Net Other Investing Changes": 86000000.0,
      "Net Investment Purchase And Sale": -20013000000.0,
      "Sale Of Investment": 77098000000.0,
      "Purchase Of Investment": -97111000000.0,
      "Net Business Purchase And Sale": 0.0,
      "Sale Of Business": 0.0,
      "Purchase Of Business": 0.0,
      "Net PPE Purchase And Sale": -1746000000.0,
      "Sale Of PPE": null,
      "Purchase Of PPE": -1746000000.0,
      "Operating Cash Flow": 30231000000.0,
      "Taxes Refund Paid": -688000000.0,
      "Change In Working Capital": 32421000000.0,
      "Change In Other Current Liabilities": 1051000000.0,
      "Change In Other Current Assets": -12368000000.0,
      "Other Non Cash Items": -13298000000.0,
      "Provisionand Write Offof Assets": 2998000000.0,
      "Depreciation And Amortization": 1723000000.0,
      "Depreciation": 1723000000.0,
      "Gain Loss On Investment Securities": 54000000.0,
      "Net Income From Continuing Operations": 7012000000.0
    },
    "2021-12-31T00:00:00": {
      "Free Cash Flow": null,
      "Repurchase Of Capital Stock": null,
      "Repayment Of Debt": null,
      "Issuance Of Debt": null,
      "Issuance Of Capital Stock": null,
      "Capital Expenditure": null,
      "End Cash Position": null,
      "Beginning Cash Position": null,
      "Effect Of Exchange Rate Changes": null,
      "Changes In Cash": null,
      "Financing Cash Flow": null,
      "Net Other Financing Charges": null,
      "Cash Dividends Paid": null,
      "Common Stock Dividend Paid": null,
      "Net Common Stock Issuance": null,
      "Common Stock Payments": null,
      "Common Stock Issuance": null,
      "Net Issuance Payments Of Debt": null,
      "Net Long Term Debt Issuance": null,
      "Long Term Debt Payments": null,
      "Long Term Debt Issuance": null,
      "Investing Cash Flow": null,
      "Net Other Investing Changes": null,
      "Net Investment Purchase And Sale": null,
      "Sale Of Investment": null,
      "Purchase Of Investment": null,
      "Net Business Purchase And Sale": null,
      "Sale Of Business": 1057000000.0,
      "Purchase Of Business": null,
      "Net PPE Purchase And Sale": null,
      "Sale Of PPE": 0.0,
      "Purchase Of PPE": null,
      "Operating Cash Flow": null,
      "Taxes Refund Paid": null,
      "Change In Working Capital": null,
      "Change In Other Current Liabilities": null,
      "Change In Other Current Assets": null,
      "Other Non Cash Items": null,
      "Provisionand Write Offof Assets": null,
      "Depreciation And Amortization": null,
      "Depreciation": null,
      "Gain Loss On Investment Securities": null,
      "Net Income From Continuing Operations": null
    }
  },
  "earnings_estimate": {
    "avg": {
      "0q": 0.14457,
      "+1q": 0.1468,
      "0y": 0.5302,
      "+1y": 0.62683
    },
    "low": {
      "0q": 0.14,
      "+1q": 0.14519,
      "0y": 0.48,
      "+1y": 0.56
    },
    "high": {
      "0q": 0.14993,
      "+1q": 0.148,
      "0y": 0.5557,
      "+1y": 0.678
    },
    "yearAgoEps": {
      "0q": 0.13,
      "+1q": 0.117,
      "0y": 0.4252,
      "+1y": 0.5302
    },
    "numberOfAnalysts": {
      "0q": 3,
      "+1q": 3,
      "0y": 12,
      "+1y": 14
    },
    "growth": {
      "0q": 0.1121,
      "+1q": 0.2547,
      "0y": 0.2469,
      "+1y": 0.1823
    }
  },
  "revenue_estimate": {
    "avg": {
      "0q": 8003378350,
      "+1q": 7818201420,
      "0y": 30847655620,
      "+1y": 32170758150
    },
    "low": {
      "0q": 7850902700,
      "+1q": 7737903840,
      "0y": 30538000000,
      "+1y": 31684000000
    },
    "high": {
      "0q": 8155854000,
      "+1q": 7898499000,
      "0y": 31196499230,
      "+1y": 32690000000
    },
    "numberOfAnalysts": {
      "0q": 2,
      "+1q": 2,
      "0y": 14,
      "+1y": 15
    },
    "yearAgoRevenue": {
      "0q": 7709000000,
      "+1q": 7187000000,
      "0y": 29140000000,
      "+1y": 30847655620
    },
    "growth": {
      "0q": 0.0382,
      "+1q": 0.087799996,
      "0y": 0.0586,
      "+1y": 0.0429
    }
  },
  "growth_estimates": {
    "stockTrend": {
      "0q": 0.1121,
      "+1q": 0.2547,
      "0y": 0.2469,
      "+1y": 0.1823,
      "LTG": null
    },
    "indexTrend": {
      "0q": 0.1273,
      "+1q": 0.103599995,
      "0y": 0.14310001,
      "+1y": 0.1557,
      "LTG": 0.122
    }
  },
  "revenue_forecasts": null,
  "dividend_rate": 0.09,
  "trailing_dividend_rate": 0.086
}