{
  "ticker": "BAS.DE",
  "name": "BASF",
  "country": "germany",
  "currency": "EUR",
  "last_fetched": "2026-02-26T20:47:57.759884",
  "market_cap": 44322652160,
  "revenue": 64304001024,
  "net_income": 309000000,
  "pe_ratio": 146.05882,
  "forward_pe": 19.537567,
  "dividend_yield": 4.6,
  "profit_margin": 0.00425,
  "roe": 0.011779999,
  "debt_to_equity": 72.613,
  "beta": 0.9,
  "ev_to_ebitda": 11.03,
  "sector": "Basic Materials",
  "industry": "Chemicals",
  "summary": "BASF SE operates as a chemical company worldwide. It operates through six segments: Chemicals, Materials, Industrial Solutions, Surface Technologies, Nutrition & Care, and Agricultural Solutions. The Chemicals segment provides petrochemicals and intermediates. The Materials segment offers advanced materials and their precursors for applications and systems comprising isocyanates, polyamides, and inorganic basic products, as well as specialties for plastics and plastics processing industries. The Industrial Solutions segment develops and markets ingredients and additives for industrial applications, such as polymer dispersions, resins, additives, electronic materials, and antioxidants for automotive, plastics and adhesives, paints and coatings, construction, electronics, paper coatings, and energy and resources industries. The Surface Technologies segment provides catalysts, battery materials, automotive OEM and refinish coatings, surface treatment, and precious and base metal services for the automotive and chemical industries. The Nutrition & Care segment offers ingredients for consumer applications in the areas of nutrition, home, and personal care applications; and serves the food and feed producers, pharmaceutical, cosmetics, detergents, and cleaner industries, as well as fast-moving consumer goods sector. The Agricultural Solutions segment provides seeds and traits, and seed treatment products; fungicides, herbicides, insecticides, and biological crop protection products; and digital solutions. The company engages in engineering and other; rental and leasing; and commodity trading activities. BASF SE was founded in 1865 and is headquartered in Ludwigshafen am Rhein, Germany.",
  "website": "https://www.basf.com",
  "employees": 110709,
  "target_high": 62.0,
  "target_low": 36.0,
  "target_mean": 49.83333,
  "target_median": 52.0,
  "recommendation": "buy",
  "num_analysts": 21,
  "income_stmt": {
    "2024-12-31T00:00:00": {
      "Tax Effect Of Unusual Items": -335548000.0,
      "Tax Rate For Calcs": 0.298,
      "Normalized EBITDA": 8897000000.0,
      "Total Unusual Items": -1126000000.0,
      "Total Unusual Items Excluding Goodwill": -1126000000.0,
      "Net Income From Continuing Operation Net Minority Interest": 1298000000.0,
      "Reconciled Depreciation": 4648000000.0,
      "Reconciled Cost Of Revenue": 48174000000.0,
      "EBITDA": 7771000000.0,
      "EBIT": 3123000000.0,
      "Net Interest Income": -574000000.0,
      "Interest Expense": 1054000000.0,
      "Interest Income": 592000000.0,
      "Normalized Income": 2088452000.0,
      "Net Income From Continuing And Discontinued Operation": 1298000000.0,
      "Total Expenses": 61922000000.0,
      "Total Operating Income As Reported": 2033000000.0,
      "Diluted Average Shares": 894971000.0,
      "Basic Average Shares": 892522164.0,
      "Diluted EPS": 1.45,
      "Basic EPS": 1.45,
      "Diluted NI Availto Com Stockholders": 1298000000.0,
      "Net Income Common Stockholders": 1298000000.0,
      "Otherunder Preferred Stock Dividend": 0.0,
      "Net Income": 1298000000.0,
      "Minority Interests": -155000000.0,
      "Net Income Including Noncontrolling Interests": 1453000000.0,
      "Net Income Discontinuous Operations": null,
      "Net Income Continuous Operations": 1453000000.0,
      "Tax Provision": 616000000.0,
      "Pretax Income": 2069000000.0,
      "Special Income Charges": -1083000000.0,
      "Other Special Charges": -66000000.0,
      "Write Off": 343000000.0,
      "Impairment Of Capital Assets": null,
      "Restructuring And Mergern Acquisition": 806000000.0,
      "Net Non Operating Interest Income Expense": -574000000.0,
      "Total Other Finance Cost": 112000000.0,
      "Interest Expense Non Operating": 1054000000.0,
      "Interest Income Non Operating": 592000000.0,
      "Operating Income": 3337000000.0,
      "Operating Expense": 13748000000.0,
      "Other Operating Expenses": 1806000000.0,
      "Depreciation And Amortization In Income Statement": 790000000.0,
      "Depreciation Income Statement": 790000000.0,
      "Research And Development": 2061000000.0,
      "Selling General And Administration": 10248000000.0,
      "Selling And Marketing Expense": 8782000000.0,
      "General And Administrative Expense": 1466000000.0,
      "Gross Profit": 17085000000.0,
      "Cost Of Revenue": 48174000000.0,
      "Total Revenue": 65260000000.0,
      "Operating Revenue": 65260000000.0
    },
    "2023-12-31T00:00:00": {
      "Tax Effect Of Unusual Items": -142050000.0,
      "Tax Rate For Calcs": 0.15,
      "Normalized EBITDA": 8279000000.0,
      "Total Unusual Items": -947000000.0,
      "Total Unusual Items Excluding Goodwill": -947000000.0,
      "Net Income From Continuing Operation Net Minority Interest": 225000000.0,
      "Reconciled Depreciation": 4941000000.0,
      "Reconciled Cost Of Revenue": 52200000000.0,
      "EBITDA": 7332000000.0,
      "EBIT": 2391000000.0,
      "Net Interest Income": -649000000.0,
      "Interest Expense": 971000000.0,
      "Interest Income": 478000000.0,
      "Normalized Income": 1029950000.0,
      "Net Income From Continuing And Discontinued Operation": 225000000.0,
      "Total Expenses": 65644000000.0,
      "Total Operating Income As Reported": 2240000000.0,
      "Diluted Average Shares": 895077000.0,
      "Basic Average Shares": 892640562.0,
      "Diluted EPS": 0.25,
      "Basic EPS": 0.25,
      "Diluted NI Availto Com Stockholders": 225000000.0,
      "Net Income Common Stockholders": 225000000.0,
      "Otherunder Preferred Stock Dividend": 0.0,
      "Net Income": 225000000.0,
      "Minority Interests": -154000000.0,
      "Net Income Including Noncontrolling Interests": 379000000.0,
      "Net Income Discontinuous Operations": null,
      "Net Income Continuous Operations": 379000000.0,
      "Tax Provision": 1041000000.0,
      "Pretax Income": 1420000000.0,
      "Special Income Charges": -920000000.0,
      "Other Special Charges": -52000000.0,
      "Write Off": 344000000.0,
      "Impairment Of Capital Assets": 1149000000.0,
      "Restructuring And Mergern Acquisition": 628000000.0,
      "Net Non Operating Interest Income Expense": -649000000.0,
      "Total Other Finance Cost": 156000000.0,
      "Interest Expense Non Operating": 971000000.0,
      "Interest Income Non Operating": 478000000.0,
      "Operating Income": 3258000000.0,
      "Operating Expense": 13444000000.0,
      "Other Operating Expenses": 1337000000.0,
      "Depreciation And Amortization In Income Statement": 1163000000.0,
      "Depreciation Income Statement": 1163000000.0,
      "Research And Development": 2130000000.0,
      "Selling General And Administration": 10294000000.0,
      "Selling And Marketing Expense": 8788000000.0,
      "General And Administrative Expense": 1506000000.0,
      "Gross Profit": 16702000000.0,
      "Cost Of Revenue": 52200000000.0,
      "Total Revenue": 68902000000.0,
      "Operating Revenue": 68902000000.0
    },
    "2022-12-31T00:00:00": {
      "Tax Effect Of Unusual Items": -142950000.0,
      "Tax Rate For Calcs": 0.15,
      "Normalized EBITDA": 7064000000.0,
      "Total Unusual Items": -953000000.0,
      "Total Unusual Items Excluding Goodwill": -953000000.0,
      "Net Income From Continuing Operation Net Minority Interest": -627000000.0,
      "Reconciled Depreciation": 4200000000.0,
      "Reconciled Cost Of Revenue": 66260000000.0,
      "EBITDA": 6111000000.0,
      "EBIT": 1911000000.0,
      "Net Interest Income": -400000000.0,
      "Interest Expense": 721000000.0,
      "Interest Income": 373000000.0,
      "Normalized Income": 183050000.0,
      "Net Income From Continuing And Discontinued Operation": -627000000.0,
      "Total Expenses": 79966000000.0,
      "Total Operating Income As Reported": 6548000000.0,
      "Diluted Average Shares": 903327000.0,
      "Basic Average Shares": 901754000.0,
      "Diluted EPS": -0.7,
      "Basic EPS": -0.7,
      "Diluted NI Availto Com Stockholders": -627000000.0,
      "Net Income Common Stockholders": -627000000.0,
      "Otherunder Preferred Stock Dividend": 0.0,
      "Net Income": -627000000.0,
      "Minority Interests": -236000000.0,
      "Net Income Including Noncontrolling Interests": -391000000.0,
      "Net Income Discontinuous Operations": 0.0,
      "Net Income Continuous Operations": -391000000.0,
      "Tax Provision": 1581000000.0,
      "Pretax Income": 1190000000.0,
      "Special Income Charges": -1069000000.0,
      "Other Special Charges": -257000000.0,
      "Write Off": 447000000.0,
      "Impairment Of Capital Assets": 393000000.0,
      "Restructuring And Mergern Acquisition": 486000000.0,
      "Net Non Operating Interest Income Expense": -400000000.0,
      "Total Other Finance Cost": 52000000.0,
      "Interest Expense Non Operating": 721000000.0,
      "Interest Income Non Operating": 373000000.0,
      "Operating Income": 7361000000.0,
      "Operating Expense": 13706000000.0,
      "Other Operating Expenses": 1337000000.0,
      "Depreciation And Amortization In Income Statement": 16000000.0,
      "Depreciation Income Statement": 16000000.0,
      "Research And Development": 2298000000.0,
      "Selling General And Administration": 11133000000.0,
      "Selling And Marketing Expense": 9613000000.0,
      "General And Administrative Expense": 1520000000.0,
      "Gross Profit": 21067000000.0,
      "Cost Of Revenue": 66260000000.0,
      "Total Revenue": 87327000000.0,
      "Operating Revenue": 87327000000.0
    },
    "2021-12-31T00:00:00": {
      "Tax Effect Of Unusual Items": -37632000.0,
      "Tax Rate For Calcs": 0.192,
      "Normalized EBITDA": 11928000000.0,
      "Total Unusual Items": -196000000.0,
      "Total Unusual Items Excluding Goodwill": -196000000.0,
      "Net Income From Continuing Operation Net Minority Interest": 5559000000.0,
      "Reconciled Depreciation": 3687000000.0,
      "Reconciled Cost Of Revenue": 58801000000.0,
      "EBITDA": 11732000000.0,
      "EBIT": 8045000000.0,
      "Net Interest Income": -446000000.0,
      "Interest Expense": 597000000.0,
      "Interest Income": 241000000.0,
      "Normalized Income": 5717368000.0,
      "Net Income From Continuing And Discontinued Operation": 5523000000.0,
      "Total Expenses": 70727000000.0,
      "Total Operating Income As Reported": 7677000000.0,
      "Diluted Average Shares": 920486000.0,
      "Basic Average Shares": 918479000.0,
      "Diluted EPS": 6.0,
      "Basic EPS": 6.01,
      "Diluted NI Availto Com Stockholders": 5523000000.0,
      "Net Income Common Stockholders": 5523000000.0,
      "Otherunder Preferred Stock Dividend": 0.0,
      "Net Income": 5523000000.0,
      "Minority Interests": -459000000.0,
      "Net Income Including Noncontrolling Interests": 5982000000.0,
      "Net Income Discontinuous Operations": -36000000.0,
      "Net Income Continuous Operations": 6018000000.0,
      "Tax Provision": 1430000000.0,
      "Pretax Income": 7448000000.0,
      "Special Income Charges": -164000000.0,
      "Other Special Charges": -732000000.0,
      "Write Off": 319000000.0,
      "Impairment Of Capital Assets": 116000000.0,
      "Restructuring And Mergern Acquisition": 461000000.0,
      "Net Non Operating Interest Income Expense": -446000000.0,
      "Total Other Finance Cost": 90000000.0,
      "Interest Expense Non Operating": 597000000.0,
      "Interest Income Non Operating": 241000000.0,
      "Operating Income": 7871000000.0,
      "Operating Expense": 11926000000.0,
      "Other Operating Expenses": 1221000000.0,
      "Depreciation And Amortization In Income Statement": 19000000.0,
      "Depreciation Income Statement": 19000000.0,
      "Research And Development": 2216000000.0,
      "Selling General And Administration": 9822000000.0,
      "Selling And Marketing Expense": 8414000000.0,
      "General And Administrative Expense": 1408000000.0,
      "Gross Profit": 19797000000.0,
      "Cost Of Revenue": 58801000000.0,
      "Total Revenue": 78598000000.0,
      "Operating Revenue": 78598000000.0
    }
  },
  "quarterly_income": {
    "2025-06-30T00:00:00": {
      "Tax Effect Of Unusual Items": 0.0,
      "Tax Rate For Calcs": 0.15,
      "Normalized EBITDA": 1520000000.0,
      "Net Income From Continuing Operation Net Minority Interest": 79000000.0,
      "Reconciled Depreciation": 982000000.0,
      "Reconciled Cost Of Revenue": 11591000000.0,
      "EBITDA": 1520000000.0,
      "EBIT": 538000000.0,
      "Net Interest Income": -105000000.0,
      "Interest Expense": 222000000.0,
      "Interest Income": 75000000.0,
      "Normalized Income": 79000000.0,
      "Net Income From Continuing And Discontinued Operation": 79000000.0,
      "Total Expenses": 15258000000.0,
      "Total Operating Income As Reported": 494000000.0,
      "Diluted Average Shares": 892522000.0,
      "Basic Average Shares": 892522000.0,
      "Diluted EPS": 0.09,
      "Basic EPS": 0.09,
      "Diluted NI Availto Com Stockholders": 79000000.0,
      "Net Income Common Stockholders": 79000000.0,
      "Otherunder Preferred Stock Dividend": 0.0,
      "Net Income": 79000000.0,
      "Minority Interests": -29000000.0,
      "Net Income Including Noncontrolling Interests": 108000000.0,
      "Net Income Continuous Operations": 108000000.0,
      "Tax Provision": 209000000.0,
      "Pretax Income": 316000000.0,
      "Net Non Operating Interest Income Expense": -105000000.0,
      "Total Other Finance Cost": -42000000.0,
      "Interest Expense Non Operating": 222000000.0,
      "Interest Income Non Operating": 75000000.0,
      "Operating Income": 512000000.0,
      "Operating Expense": 3667000000.0,
      "Other Operating Expenses": 892000000.0,
      "Research And Development": 501000000.0,
      "Selling General And Administration": 2583000000.0,
      "Selling And Marketing Expense": 2221000000.0,
      "General And Administrative Expense": 362000000.0,
      "Gross Profit": 4179000000.0,
      "Cost Of Revenue": 11591000000.0,
      "Total Revenue": 15769000000.0,
      "Operating Revenue": 15769000000.0
    },
    "2025-03-31T00:00:00": {
      "Tax Effect Of Unusual Items": 0.0,
      "Tax Rate For Calcs": 0.2,
      "Normalized EBITDA": 2246000000.0,
      "Net Income From Continuing Operation Net Minority Interest": 808000000.0,
      "Reconciled Depreciation": 981000000.0,
      "Reconciled Cost Of Revenue": 12548000000.0,
      "EBITDA": 2246000000.0,
      "EBIT": 1265000000.0,
      "Net Interest Income": -99000000.0,
      "Interest Expense": 218000000.0,
      "Interest Income": 90000000.0,
      "Normalized Income": 808000000.0,
      "Net Income From Continuing And Discontinued Operation": 808000000.0,
      "Total Expenses": 15910000000.0,
      "Total Operating Income As Reported": 1197000000.0,
      "Diluted Average Shares": 892522000.0,
      "Basic Average Shares": 892522000.0,
      "Diluted EPS": 0.91,
      "Basic EPS": 0.91,
      "Diluted NI Availto Com Stockholders": 808000000.0,
      "Net Income Common Stockholders": 808000000.0,
      "Otherunder Preferred Stock Dividend": 0.0,
      "Net Income": 808000000.0,
      "Minority Interests": -29000000.0,
      "Net Income Including Noncontrolling Interests": 837000000.0,
      "Net Income Continuous Operations": 837000000.0,
      "Tax Provision": 210000000.0,
      "Pretax Income": 1047000000.0,
      "Net Non Operating Interest Income Expense": -99000000.0,
      "Total Other Finance Cost": -29000000.0,
      "Interest Expense Non Operating": 218000000.0,
      "Interest Income Non Operating": 90000000.0,
      "Operating Income": 1491000000.0,
      "Operating Expense": 3362000000.0,
      "Other Operating Expenses": 658000000.0,
      "Research And Development": 499000000.0,
      "Selling General And Administration": 2516000000.0,
      "Selling And Marketing Expense": 2145000000.0,
      "General And Administrative Expense": 371000000.0,
      "Gross Profit": 4853000000.0,
      "Cost Of Revenue": 12548000000.0,
      "Total Revenue": 17402000000.0,
      "Operating Revenue": 17402000000.0
    },
    "2024-12-31T00:00:00": {
      "Tax Effect Of Unusual Items": 0.0,
      "Tax Rate For Calcs": 0.15,
      "Normalized EBITDA": 1298000000.0,
      "Net Income From Continuing Operation Net Minority Interest": -786000000.0,
      "Reconciled Depreciation": 1609000000.0,
      "Reconciled Cost Of Revenue": 11738000000.0,
      "EBITDA": 1298000000.0,
      "EBIT": -311000000.0,
      "Net Interest Income": -162000000.0,
      "Interest Expense": 360000000.0,
      "Interest Income": 328000000.0,
      "Normalized Income": -786000000.0,
      "Net Income From Continuing And Discontinued Operation": -786000000.0,
      "Total Expenses": 14854000000.0,
      "Total Operating Income As Reported": -422000000.0,
      "Diluted Average Shares": null,
      "Basic Average Shares": null,
      "Diluted EPS": null,
      "Basic EPS": null,
      "Diluted NI Availto Com Stockholders": -786000000.0,
      "Net Income Common Stockholders": -786000000.0,
      "Otherunder Preferred Stock Dividend": 0.0,
      "Net Income": -786000000.0,
      "Minority Interests": -16000000.0,
      "Net Income Including Noncontrolling Interests": -770000000.0,
      "Net Income Continuous Operations": -770000000.0,
      "Tax Provision": 99000000.0,
      "Pretax Income": -671000000.0,
      "Net Non Operating Interest Income Expense": -162000000.0,
      "Total Other Finance Cost": 130000000.0,
      "Interest Expense Non Operating": 360000000.0,
      "Interest Income Non Operating": 328000000.0,
      "Operating Income": 1002000000.0,
      "Operating Expense": 3116000000.0,
      "Other Operating Expenses": -750000000.0,
      "Research And Development": 541000000.0,
      "Selling General And Administration": 2608000000.0,
      "Selling And Marketing Expense": 2235000000.0,
      "General And Administrative Expense": 373000000.0,
      "Gross Profit": 4118000000.0,
      "Cost Of Revenue": 11738000000.0,
      "Total Revenue": 15857000000.0,
      "Operating Revenue": 15857000000.0
    },
    "2024-09-30T00:00:00": {
      "Tax Effect Of Unusual Items": 0.0,
      "Tax Rate For Calcs": 0.15,
      "Normalized EBITDA": 1777000000.0,
      "Net Income From Continuing Operation Net Minority Interest": 246000000.0,
      "Reconciled Depreciation": 1027000000.0,
      "Reconciled Cost Of Revenue": 11443000000.0,
      "EBITDA": 1777000000.0,
      "EBIT": 750000000.0,
      "Net Interest Income": -105000000.0,
      "Interest Expense": 234000000.0,
      "Interest Income": 79000000.0,
      "Normalized Income": 246000000.0,
      "Net Income From Continuing And Discontinued Operation": 287000000.0,
      "Total Expenses": 14650000000.0,
      "Total Operating Income As Reported": 191000000.0,
      "Diluted Average Shares": 892522000.0,
      "Basic Average Shares": 892522000.0,
      "Diluted EPS": 0.32,
      "Basic EPS": 0.32,
      "Diluted NI Availto Com Stockholders": 287000000.0,
      "Net Income Common Stockholders": 287000000.0,
      "Otherunder Preferred Stock Dividend": 0.0,
      "Net Income": 287000000.0,
      "Minority Interests": -56000000.0,
      "Net Income Including Noncontrolling Interests": 343000000.0,
      "Net Income Continuous Operations": 302000000.0,
      "Tax Provision": 214000000.0,
      "Pretax Income": 516000000.0,
      "Net Non Operating Interest Income Expense": -105000000.0,
      "Total Other Finance Cost": -50000000.0,
      "Interest Expense Non Operating": 234000000.0,
      "Interest Income Non Operating": 79000000.0,
      "Operating Income": 166000000.0,
      "Operating Expense": 3207000000.0,
      "Other Operating Expenses": 828000000.0,
      "Research And Development": 485000000.0,
      "Selling General And Administration": 2189000000.0,
      "Selling And Marketing Expense": 1877000000.0,
      "General And Administrative Expense": 312000000.0,
      "Gross Profit": 3373000000.0,
      "Cost Of Revenue": 11443000000.0,
      "Total Revenue": 14816000000.0,
      "Operating Revenue": 14816000000.0
    },
    "2024-06-30T00:00:00": {
      "Tax Effect Of Unusual Items": 0.0,
      "Tax Rate For Calcs": 0.15,
      "Normalized EBITDA": 1684000000.0,
      "Net Income From Continuing Operation Net Minority Interest": 430000000.0,
      "Reconciled Depreciation": 1047000000.0,
      "Reconciled Cost Of Revenue": 11920000000.0,
      "EBITDA": 1684000000.0,
      "EBIT": 637000000.0,
      "Net Interest Income": -158000000.0,
      "Interest Expense": 239000000.0,
      "Interest Income": 91000000.0,
      "Normalized Income": 430000000.0,
      "Net Income From Continuing And Discontinued Operation": 430000000.0,
      "Total Expenses": 15637000000.0,
      "Total Operating Income As Reported": 516000000.0,
      "Diluted Average Shares": 892522000.0,
      "Basic Average Shares": 892522000.0,
      "Diluted EPS": 0.48,
      "Basic EPS": 0.48,
      "Diluted NI Availto Com Stockholders": 430000000.0,
      "Net Income Common Stockholders": 430000000.0,
      "Otherunder Preferred Stock Dividend": 0.0,
      "Net Income": 430000000.0,
      "Minority Interests": -40000000.0,
      "Net Income Including Noncontrolling Interests": 470000000.0,
      "Net Income Continuous Operations": 470000000.0,
      "Tax Provision": -72000000.0,
      "Pretax Income": 398000000.0,
      "Net Non Operating Interest Income Expense": -158000000.0,
      "Total Other Finance Cost": 10000000.0,
      "Interest Expense Non Operating": 239000000.0,
      "Interest Income Non Operating": 91000000.0,
      "Operating Income": 474000000.0,
      "Operating Expense": 3717000000.0,
      "Other Operating Expenses": 956000000.0,
      "Research And Development": 524000000.0,
      "Selling General And Administration": 2627000000.0,
      "Selling And Marketing Expense": 2253000000.0,
      "General And Administrative Expense": 374000000.0,
      "Gross Profit": 4191000000.0,
      "Cost Of Revenue": 11920000000.0,
      "Total Revenue": 16111000000.0,
      "Operating Revenue": 16111000000.0
    }
  },
  "balance_sheet": {
    "2024-12-31T00:00:00": {
      "Treasury Shares Number": null,
      "Ordinary Shares Number": 892522164.0,
      "Share Issued": 892522164.0,
      "Net Debt": 19418000000.0,
      "Total Debt": 23995000000.0,
      "Tangible Book Value": 23616000000.0,
      "Invested Capital": 57931000000.0,
      "Working Capital": 14193000000.0,
      "Net Tangible Assets": 23616000000.0,
      "Capital Lease Obligations": 1663000000.0,
      "Common Stock Equity": 35599000000.0,
      "Total Capitalization": 54731000000.0,
      "Total Equity Gross Minority Interest": 36883000000.0,
      "Minority Interest": 1284000000.0,
      "Stockholders Equity": 35599000000.0,
      "Retained Earnings": 30883000000.0,
      "Additional Paid In Capital": 3139000000.0,
      "Capital Stock": 1142000000.0,
      "Common Stock": 1142000000.0,
      "Total Liabilities Net Minority Interest": 43532000000.0,
      "Total Non Current Liabilities Net Minority Interest": 26493000000.0,
      "Other Non Current Liabilities": 66000000.0,
      "Derivative Product Liabilities": 77000000.0,
      "Non Current Pension And Other Postretirement Benefit Plans": 2455000000.0,
      "Non Current Deferred Revenue": 217000000.0,
      "Non Current Deferred Taxes Liabilities": 1340000000.0,
      "Long Term Debt And Capital Lease Obligation": 20455000000.0,
      "Long Term Capital Lease Obligation": 1323000000.0,
      "Long Term Debt": 19132000000.0,
      "Long Term Provisions": 1883000000.0,
      "Current Liabilities": 17039000000.0,
      "Other Current Liabilities": 1370000000.0,
      "Current Debt And Capital Lease Obligation": 3540000000.0,
      "Current Capital Lease Obligation": 340000000.0,
      "Current Debt": 3200000000.0,
      "Pensionand Other Post Retirement Benefit Plans Current": 391000000.0,
      "Current Provisions": 3320000000.0,
      "Payables": 7327000000.0,
      "Total Tax Payable": 404000000.0,
      "Accounts Payable": 6923000000.0,
      "Total Assets": 80415000000.0,
      "Total Non Current Assets": 49183000000.0,
      "Other Non Current Assets": null,
      "Defined Pension Benefit": 1383000000.0,
      "Non Current Prepaid Assets": 68000000.0,
      "Non Current Deferred Taxes Assets": 574000000.0,
      "Financial Assets": 395000000.0,
      "Investmentin Financial Assets": 1165000000.0,
      "Available For Sale Securities": 1165000000.0,
      "Long Term Equity Investment": 5810000000.0,
      "Investmentsin Joint Venturesat Cost": null,
      "Investments In Other Ventures Under Equity Method": 3411000000.0,
      "Investmentsin Associatesat Cost": 2399000000.0,
      "Goodwill And Other Intangible Assets": 11983000000.0,
      "Other Intangible Assets": 4262000000.0,
      "Goodwill": 7721000000.0,
      "Net PPE": 27197000000.0,
      "Accumulated Depreciation": -57430000000.0,
      "Gross PPE": 84627000000.0,
      "Construction In Progress": 9712000000.0,
      "Other Properties": 2042000000.0,
      "Machinery Furniture Equipment": 57310000000.0,
      "Buildings And Improvements": 13960000000.0,
      "Land And Improvements": 1603000000.0,
      "Properties": 0.0,
      "Current Assets": 31232000000.0,
      "Other Current Assets": null,
      "Hedging Assets Current": 555000000.0,
      "Assets Held For Sale Current": 181000000.0,
      "Prepaid Assets": 363000000.0,
      "Inventory": 13582000000.0,
      "Work In Process": 8980000000.0,
      "Raw Materials": 4602000000.0,
      "Other Receivables": 1934000000.0,
      "Taxes Receivable": 1241000000.0,
      "Accounts Receivable": 10393000000.0,
      "Allowance For Doubtful Accounts Receivable": -1066000000.0,
      "Gross Accounts Receivable": 11459000000.0,
      "Cash Cash Equivalents And Short Term Investments": 2981000000.0,
      "Other Short Term Investments": 67000000.0,
      "Cash And Cash Equivalents": 2914000000.0
    },
    "2023-12-31T00:00:00": {
      "Treasury Shares Number": 0.0,
      "Ordinary Shares Number": 892522164.0,
      "Share Issued": 892522164.0,
      "Net Debt": 17074000000.0,
      "Total Debt": 21347000000.0,
      "Tangible Book Value": 23061000000.0,
      "Invested Capital": 54975000000.0,
      "Working Capital": 15601000000.0,
      "Net Tangible Assets": 23061000000.0,
      "Capital Lease Obligations": 1649000000.0,
      "Common Stock Equity": 35277000000.0,
      "Total Capitalization": 52378000000.0,
      "Total Equity Gross Minority Interest": 36645000000.0,
      "Minority Interest": 1368000000.0,
      "Stockholders Equity": 35277000000.0,
      "Retained Earnings": 32517000000.0,
      "Additional Paid In Capital": 3139000000.0,
      "Capital Stock": 1142000000.0,
      "Common Stock": 1142000000.0,
      "Total Liabilities Net Minority Interest": 40750000000.0,
      "Total Non Current Liabilities Net Minority Interest": 24879000000.0,
      "Other Non Current Liabilities": 67000000.0,
      "Derivative Product Liabilities": 135000000.0,
      "Non Current Pension And Other Postretirement Benefit Plans": 2958000000.0,
      "Non Current Deferred Revenue": 160000000.0,
      "Non Current Deferred Taxes Liabilities": 1475000000.0,
      "Long Term Debt And Capital Lease Obligation": 18400000000.0,
      "Long Term Capital Lease Obligation": 1299000000.0,
      "Long Term Debt": 17101000000.0,
      "Long Term Provisions": 1684000000.0,
      "Current Liabilities": 15871000000.0,
      "Other Current Liabilities": 1047000000.0,
      "Current Debt And Capital Lease Obligation": 2947000000.0,
      "Current Capital Lease Obligation": 350000000.0,
      "Current Debt": 2597000000.0,
      "Pensionand Other Post Retirement Benefit Plans Current": 435000000.0,
      "Current Provisions": 3214000000.0,
      "Payables": 7183000000.0,
      "Total Tax Payable": 442000000.0,
      "Accounts Payable": 6741000000.0,
      "Total Assets": 77395000000.0,
      "Total Non Current Assets": 45923000000.0,
      "Other Non Current Assets": 1000000.0,
      "Defined Pension Benefit": 170000000.0,
      "Non Current Prepaid Assets": 76000000.0,
      "Non Current Deferred Taxes Assets": 617000000.0,
      "Financial Assets": 472000000.0,
      "Investmentin Financial Assets": 1099000000.0,
      "Available For Sale Securities": 1099000000.0,
      "Long Term Equity Investment": 6572000000.0,
      "Investmentsin Joint Venturesat Cost": 1842000000.0,
      "Investments In Other Ventures Under Equity Method": null,
      "Investmentsin Associatesat Cost": 4730000000.0,
      "Goodwill And Other Intangible Assets": 12216000000.0,
      "Other Intangible Assets": 4716000000.0,
      "Goodwill": 7500000000.0,
      "Net PPE": 24080000000.0,
      "Accumulated Depreciation": -53804000000.0,
      "Gross PPE": 77884000000.0,
      "Construction In Progress": 6701000000.0,
      "Other Properties": 1870000000.0,
      "Machinery Furniture Equipment": 54475000000.0,
      "Buildings And Improvements": 13265000000.0,
      "Land And Improvements": 1573000000.0,
      "Properties": 0.0,
      "Current Assets": 31472000000.0,
      "Other Current Assets": 2000000.0,
      "Hedging Assets Current": 580000000.0,
      "Assets Held For Sale Current": null,
      "Prepaid Assets": 300000000.0,
      "Inventory": 13800000000.0,
      "Work In Process": 9257000000.0,
      "Raw Materials": 4543000000.0,
      "Other Receivables": 2379000000.0,
      "Taxes Receivable": 1317000000.0,
      "Accounts Receivable": 10414000000.0,
      "Allowance For Doubtful Accounts Receivable": -1029000000.0,
      "Gross Accounts Receivable": 11443000000.0,
      "Cash Cash Equivalents And Short Term Investments": 2677000000.0,
      "Other Short Term Investments": 53000000.0,
      "Cash And Cash Equivalents": 2624000000.0
    },
    "2022-12-31T00:00:00": {
      "Treasury Shares Number": null,
      "Ordinary Shares Number": 893854929.0,
      "Share Issued": 893854929.0,
      "Net Debt": 16945000000.0,
      "Total Debt": 20949000000.0,
      "Tangible Book Value": 26300000000.0,
      "Invested Capital": 59034000000.0,
      "Working Capital": 16982000000.0,
      "Net Tangible Assets": 26300000000.0,
      "Capital Lease Obligations": 1488000000.0,
      "Common Stock Equity": 39573000000.0,
      "Total Capitalization": 54765000000.0,
      "Total Equity Gross Minority Interest": 40923000000.0,
      "Minority Interest": 1350000000.0,
      "Stockholders Equity": 39573000000.0,
      "Retained Earnings": 35453000000.0,
      "Additional Paid In Capital": 3147000000.0,
      "Capital Stock": 1144000000.0,
      "Common Stock": 1144000000.0,
      "Total Liabilities Net Minority Interest": 43549000000.0,
      "Total Non Current Liabilities Net Minority Interest": 23109000000.0,
      "Other Non Current Liabilities": 69000000.0,
      "Derivative Product Liabilities": 93000000.0,
      "Non Current Pension And Other Postretirement Benefit Plans": 2881000000.0,
      "Non Current Deferred Revenue": 192000000.0,
      "Non Current Deferred Taxes Liabilities": 1873000000.0,
      "Long Term Debt And Capital Lease Obligation": 16351000000.0,
      "Long Term Capital Lease Obligation": 1159000000.0,
      "Long Term Debt": 15192000000.0,
      "Long Term Provisions": 1650000000.0,
      "Current Liabilities": 20440000000.0,
      "Other Current Liabilities": 907000000.0,
      "Current Debt And Capital Lease Obligation": 4598000000.0,
      "Current Capital Lease Obligation": 329000000.0,
      "Current Debt": 4269000000.0,
      "Pensionand Other Post Retirement Benefit Plans Current": 397000000.0,
      "Current Provisions": 3799000000.0,
      "Payables": 9429000000.0,
      "Total Tax Payable": 995000000.0,
      "Accounts Payable": 8434000000.0,
      "Total Assets": 84472000000.0,
      "Total Non Current Assets": 47050000000.0,
      "Other Non Current Assets": null,
      "Defined Pension Benefit": 792000000.0,
      "Non Current Prepaid Assets": 44000000.0,
      "Non Current Deferred Taxes Assets": 880000000.0,
      "Financial Assets": 395000000.0,
      "Investmentin Financial Assets": 1120000000.0,
      "Available For Sale Securities": 1120000000.0,
      "Long Term Equity Investment": 7001000000.0,
      "Investmentsin Joint Venturesat Cost": 2107000000.0,
      "Investments In Other Ventures Under Equity Method": null,
      "Investmentsin Associatesat Cost": 4894000000.0,
      "Goodwill And Other Intangible Assets": 13273000000.0,
      "Other Intangible Assets": 5577000000.0,
      "Goodwill": 7696000000.0,
      "Net PPE": 22967000000.0,
      "Accumulated Depreciation": -52179000000.0,
      "Gross PPE": 75145000000.0,
      "Construction In Progress": 5135000000.0,
      "Other Properties": 1621000000.0,
      "Machinery Furniture Equipment": 53827000000.0,
      "Buildings And Improvements": 12891000000.0,
      "Land And Improvements": 1671000000.0,
      "Properties": 0.0,
      "Current Assets": 37422000000.0,
      "Other Current Assets": -1000000.0,
      "Hedging Assets Current": 952000000.0,
      "Assets Held For Sale Current": 0.0,
      "Prepaid Assets": 372000000.0,
      "Inventory": 15941000000.0,
      "Work In Process": 10686000000.0,
      "Raw Materials": 5255000000.0,
      "Other Receivables": 3445000000.0,
      "Taxes Receivable": 1908000000.0,
      "Accounts Receivable": 12055000000.0,
      "Allowance For Doubtful Accounts Receivable": -992000000.0,
      "Gross Accounts Receivable": 13047000000.0,
      "Cash Cash Equivalents And Short Term Investments": 2748000000.0,
      "Other Short Term Investments": 232000000.0,
      "Cash And Cash Equivalents": 2516000000.0
    },
    "2021-12-31T00:00:00": {
      "Treasury Shares Number": null,
      "Ordinary Shares Number": 918478694.0,
      "Share Issued": 918478694.0,
      "Net Debt": 15100000000.0,
      "Total Debt": 19136000000.0,
      "Tangible Book Value": 27293000000.0,
      "Invested Capital": 58516000000.0,
      "Working Capital": 14970000000.0,
      "Net Tangible Assets": 27293000000.0,
      "Capital Lease Obligations": 1412000000.0,
      "Common Stock Equity": 40792000000.0,
      "Total Capitalization": 54591000000.0,
      "Total Equity Gross Minority Interest": 42081000000.0,
      "Minority Interest": 1289000000.0,
      "Stockholders Equity": 40792000000.0,
      "Retained Earnings": 40365000000.0,
      "Additional Paid In Capital": 3106000000.0,
      "Capital Stock": 1176000000.0,
      "Common Stock": 1176000000.0,
      "Total Liabilities Net Minority Interest": 45302000000.0,
      "Total Non Current Liabilities Net Minority Interest": 25221000000.0,
      "Other Non Current Liabilities": 54000000.0,
      "Derivative Product Liabilities": 131000000.0,
      "Non Current Pension And Other Postretirement Benefit Plans": 6245000000.0,
      "Non Current Deferred Revenue": 218000000.0,
      "Non Current Deferred Taxes Liabilities": 1914000000.0,
      "Long Term Debt And Capital Lease Obligation": 14877000000.0,
      "Long Term Capital Lease Obligation": 1078000000.0,
      "Long Term Debt": 13799000000.0,
      "Long Term Provisions": 1782000000.0,
      "Current Liabilities": 20081000000.0,
      "Other Current Liabilities": 1007000000.0,
      "Current Debt And Capital Lease Obligation": 4259000000.0,
      "Current Capital Lease Obligation": 334000000.0,
      "Current Debt": 3925000000.0,
      "Pensionand Other Post Retirement Benefit Plans Current": 373000000.0,
      "Current Provisions": 3935000000.0,
      "Payables": 8987000000.0,
      "Total Tax Payable": 1161000000.0,
      "Accounts Payable": 7826000000.0,
      "Total Assets": 87383000000.0,
      "Total Non Current Assets": 52332000000.0,
      "Other Non Current Assets": null,
      "Defined Pension Benefit": 661000000.0,
      "Non Current Prepaid Assets": 77000000.0,
      "Non Current Deferred Taxes Assets": 2600000000.0,
      "Financial Assets": 335000000.0,
      "Investmentin Financial Assets": 575000000.0,
      "Available For Sale Securities": 575000000.0,
      "Long Term Equity Investment": 12383000000.0,
      "Investmentsin Joint Venturesat Cost": 1839000000.0,
      "Investments In Other Ventures Under Equity Method": 12383000000.0,
      "Investmentsin Associatesat Cost": 10544000000.0,
      "Goodwill And Other Intangible Assets": 13499000000.0,
      "Other Intangible Assets": 5979000000.0,
      "Goodwill": 7520000000.0,
      "Net PPE": 21553000000.0,
      "Accumulated Depreciation": -49477000000.0,
      "Gross PPE": 71030000000.0,
      "Construction In Progress": 3885000000.0,
      "Other Properties": 1380000000.0,
      "Machinery Furniture Equipment": 51839000000.0,
      "Buildings And Improvements": 12477000000.0,
      "Land And Improvements": 1449000000.0,
      "Properties": 0.0,
      "Current Assets": 35051000000.0,
      "Other Current Assets": null,
      "Hedging Assets Current": 610000000.0,
      "Assets Held For Sale Current": 840000000.0,
      "Prepaid Assets": 444000000.0,
      "Inventory": 13751000000.0,
      "Work In Process": 9337000000.0,
      "Raw Materials": 4414000000.0,
      "Other Receivables": 3018000000.0,
      "Taxes Receivable": 1610000000.0,
      "Accounts Receivable": 11942000000.0,
      "Allowance For Doubtful Accounts Receivable": -805000000.0,
      "Gross Accounts Receivable": 12747000000.0,
      "Cash Cash Equivalents And Short Term Investments": 2832000000.0,
      "Other Short Term Investments": 208000000.0,
      "Cash And Cash Equivalents": 2624000000.0
    }
  },
  "cashflow": {
    "2024-12-31T00:00:00": {
      "Free Cash Flow": 748000000.0,
      "Repurchase Of Capital Stock": -46000000.0,
      "Repayment Of Debt": null,
      "Issuance Of Debt": null,
      "Capital Expenditure": -6198000000.0,
      "End Cash Position": 2921000000.0,
      "Other Cash Adjustment Outside Changein Cash": null,
      "Beginning Cash Position": 2624000000.0,
      "Effect Of Exchange Rate Changes": -21000000.0,
      "Changes In Cash": 318000000.0,
      "Financing Cash Flow": -1547000000.0,
      "Net Other Financing Charges": 1783000000.0,
      "Cash Dividends Paid": -3284000000.0,
      "Common Stock Dividend Paid": -3284000000.0,
      "Net Common Stock Issuance": -46000000.0,
      "Common Stock Payments": -46000000.0,
      "Net Issuance Payments Of Debt": null,
      "Net Long Term Debt Issuance": null,
      "Long Term Debt Payments": null,
      "Long Term Debt Issuance": null,
      "Investing Cash Flow": -5081000000.0,
      "Net Other Investing Changes": 808000000.0,
      "Net Investment Purchase And Sale": 436000000.0,
      "Sale Of Investment": 1831000000.0,
      "Purchase Of Investment": -1395000000.0,
      "Net Business Purchase And Sale": -127000000.0,
      "Sale Of Business": 75000000.0,
      "Purchase Of Business": -202000000.0,
      "Net PPE Purchase And Sale": -6198000000.0,
      "Purchase Of PPE": -6198000000.0,
      "Capital Expenditure Reported": null,
      "Operating Cash Flow": 6946000000.0,
      "Dividend Received Cfo": 442000000.0,
      "Change In Working Capital": 871000000.0,
      "Change In Other Current Liabilities": -76000000.0,
      "Change In Other Current Assets": 383000000.0,
      "Change In Payable": 96000000.0,
      "Change In Inventory": 222000000.0,
      "Change In Receivables": 42000000.0,
      "Other Non Cash Items": 390000000.0,
      "Depreciation And Amortization": 4648000000.0,
      "Depreciation": 4648000000.0,
      "Gain Loss On Investment Securities": -51000000.0,
      "Net Income From Continuing Operations": 1298000000.0
    },
    "2023-12-31T00:00:00": {
      "Free Cash Flow": 2716000000.0,
      "Repurchase Of Capital Stock": -70000000.0,
      "Repayment Of Debt": null,
      "Issuance Of Debt": null,
      "Capital Expenditure": -5395000000.0,
      "End Cash Position": 2624000000.0,
      "Other Cash Adjustment Outside Changein Cash": -1000000.0,
      "Beginning Cash Position": 2516000000.0,
      "Effect Of Exchange Rate Changes": -106000000.0,
      "Changes In Cash": 215000000.0,
      "Financing Cash Flow": -2905000000.0,
      "Net Other Financing Charges": 259000000.0,
      "Cash Dividends Paid": -3094000000.0,
      "Common Stock Dividend Paid": -3094000000.0,
      "Net Common Stock Issuance": -70000000.0,
      "Common Stock Payments": -70000000.0,
      "Net Issuance Payments Of Debt": null,
      "Net Long Term Debt Issuance": null,
      "Long Term Debt Payments": null,
      "Long Term Debt Issuance": null,
      "Investing Cash Flow": -4991000000.0,
      "Net Other Investing Changes": 1440000000.0,
      "Net Investment Purchase And Sale": -1063000000.0,
      "Sale Of Investment": 36000000.0,
      "Purchase Of Investment": -1099000000.0,
      "Net Business Purchase And Sale": 27000000.0,
      "Sale Of Business": 32000000.0,
      "Purchase Of Business": -5000000.0,
      "Net PPE Purchase And Sale": -5395000000.0,
      "Purchase Of PPE": -5395000000.0,
      "Capital Expenditure Reported": null,
      "Operating Cash Flow": 8111000000.0,
      "Dividend Received Cfo": 622000000.0,
      "Change In Working Capital": 2499000000.0,
      "Change In Other Current Liabilities": -730000000.0,
      "Change In Other Current Assets": 1918000000.0,
      "Change In Payable": -1544000000.0,
      "Change In Inventory": 1896000000.0,
      "Change In Receivables": 1443000000.0,
      "Other Non Cash Items": 3000000.0,
      "Depreciation And Amortization": 4941000000.0,
      "Depreciation": 4941000000.0,
      "Gain Loss On Investment Securities": -103000000.0,
      "Net Income From Continuing Operations": 225000000.0
    },
    "2022-12-31T00:00:00": {
      "Free Cash Flow": 3334000000.0,
      "Repurchase Of Capital Stock": null,
      "Repayment Of Debt": null,
      "Issuance Of Debt": null,
      "Capital Expenditure": -4375000000.0,
      "End Cash Position": 2516000000.0,
      "Other Cash Adjustment Outside Changein Cash": -1000000.0,
      "Beginning Cash Position": 2624000000.0,
      "Effect Of Exchange Rate Changes": -25000000.0,
      "Changes In Cash": -82000000.0,
      "Financing Cash Flow": -4013000000.0,
      "Net Other Financing Charges": 566000000.0,
      "Cash Dividends Paid": -3248000000.0,
      "Common Stock Dividend Paid": -3248000000.0,
      "Net Common Stock Issuance": -1331000000.0,
      "Common Stock Payments": null,
      "Net Issuance Payments Of Debt": null,
      "Net Long Term Debt Issuance": null,
      "Long Term Debt Payments": null,
      "Long Term Debt Issuance": null,
      "Investing Cash Flow": -3778000000.0,
      "Net Other Investing Changes": 1192000000.0,
      "Net Investment Purchase And Sale": -1273000000.0,
      "Sale Of Investment": null,
      "Purchase Of Investment": -1273000000.0,
      "Net Business Purchase And Sale": 678000000.0,
      "Sale Of Business": 691000000.0,
      "Purchase Of Business": -13000000.0,
      "Net PPE Purchase And Sale": -4375000000.0,
      "Purchase Of PPE": -4375000000.0,
      "Capital Expenditure Reported": null,
      "Operating Cash Flow": 7709000000.0,
      "Dividend Received Cfo": 1629000000.0,
      "Change In Working Capital": -2050000000.0,
      "Change In Other Current Liabilities": -484000000.0,
      "Change In Other Current Assets": 297000000.0,
      "Change In Payable": 451000000.0,
      "Change In Inventory": -1991000000.0,
      "Change In Receivables": 219000000.0,
      "Other Non Cash Items": 58000000.0,
      "Depreciation And Amortization": 4200000000.0,
      "Depreciation": 4200000000.0,
      "Gain Loss On Investment Securities": -1000000.0,
      "Net Income From Continuing Operations": -627000000.0
    },
    "2021-12-31T00:00:00": {
      "Free Cash Flow": 3713000000.0,
      "Repurchase Of Capital Stock": null,
      "Repayment Of Debt": -10772000000.0,
      "Issuance Of Debt": 7627000000.0,
      "Capital Expenditure": -3532000000.0,
      "End Cash Position": 2624000000.0,
      "Other Cash Adjustment Outside Changein Cash": -8000000.0,
      "Beginning Cash Position": 4335000000.0,
      "Effect Of Exchange Rate Changes": 131000000.0,
      "Changes In Cash": -1834000000.0,
      "Financing Cash Flow": -6457000000.0,
      "Net Other Financing Charges": -3145000000.0,
      "Cash Dividends Paid": -3031000000.0,
      "Common Stock Dividend Paid": -3031000000.0,
      "Net Common Stock Issuance": 0.0,
      "Common Stock Payments": null,
      "Net Issuance Payments Of Debt": -3145000000.0,
      "Net Long Term Debt Issuance": -3145000000.0,
      "Long Term Debt Payments": -10772000000.0,
      "Long Term Debt Issuance": 7627000000.0,
      "Investing Cash Flow": -2622000000.0,
      "Net Other Investing Changes": 1474000000.0,
      "Net Investment Purchase And Sale": -994000000.0,
      "Sale Of Investment": null,
      "Purchase Of Investment": -994000000.0,
      "Net Business Purchase And Sale": 430000000.0,
      "Sale Of Business": 1030000000.0,
      "Purchase Of Business": -600000000.0,
      "Net PPE Purchase And Sale": -3532000000.0,
      "Purchase Of PPE": -3532000000.0,
      "Capital Expenditure Reported": -3532000000.0,
      "Operating Cash Flow": 7245000000.0,
      "Dividend Received Cfo": null,
      "Change In Working Capital": -1353000000.0,
      "Change In Other Current Liabilities": 3010000000.0,
      "Change In Other Current Assets": 213000000.0,
      "Change In Payable": null,
      "Change In Inventory": -3304000000.0,
      "Change In Receivables": -1272000000.0,
      "Other Non Cash Items": null,
      "Depreciation And Amortization": 3687000000.0,
      "Depreciation": 3687000000.0,
      "Gain Loss On Investment Securities": -611000000.0,
      "Net Income From Continuing Operations": 5523000000.0
    }
  },
  "earnings_estimate": {
    "avg": {
      "0q": 0.395,
      "+1q": 0.715,
      "0y": 2.82383,
      "+1y": 2.54177
    },
    "low": {
      "0q": 0.05,
      "+1q": 0.57,
      "0y": 2.18,
      "+1y": 2.13
    },
    "high": {
      "0q": 0.74,
      "+1q": 0.86,
      "0y": 3.51031,
      "+1y": 3.30586
    },
    "yearAgoEps": {
      "0q": 0.59,
      "+1q": 1.57,
      "0y": 3.51,
      "+1y": 2.82383
    },
    "numberOfAnalysts": {
      "0q": 2,
      "+1q": 2,
      "0y": 12,
      "+1y": 17
    },
    "growth": {
      "0q": -0.3305,
      "+1q": -0.5446,
      "0y": -0.19549999,
      "+1y": -0.0999
    }
  },
  "revenue_estimate": {
    "avg": {
      "0q": 14301468400,
      "+1q": 14733142000,
      "0y": 61099023040,
      "+1y": 61230292310
    },
    "low": {
      "0q": 12856962000,
      "+1q": 14733142000,
      "0y": 58481962000,
      "+1y": 57137155000
    },
    "high": {
      "0q": 15433000000,
      "+1q": 14733142000,
      "0y": 65985000000,
      "+1y": 69284000000
    },
    "numberOfAnalysts": {
      "0q": 5,
      "+1q": 1,
      "0y": 19,
      "+1y": 19
    },
    "yearAgoRevenue": {
      "0q": 15857000000,
      "+1q": 17402000000,
      "0y": 65260000000,
      "+1y": 61099023040
    },
    "growth": {
      "0q": -0.09810001,
      "+1q": -0.1534,
      "0y": -0.0638,
      "+1y": 0.0021
    }
  },
  "growth_estimates": {
    "stockTrend": {
      "0q": -0.3305,
      "+1q": -0.5446,
      "0y": -0.19549999,
      "+1y": -0.0999,
      "LTG": null
    },
    "indexTrend": {
      "0q": 0.1273,
      "+1q": 0.103599995,
      "0y": 0.14310001,
      "+1y": 0.1557,
      "LTG": 0.122
    }
  },
  "revenue_forecasts": null,
  "dividend_rate": 2.25,
  "trailing_dividend_rate": 2.25
}