{
  "ticker": "BAYN.DE",
  "name": "Bayer",
  "country": "germany",
  "currency": "EUR",
  "last_fetched": "2026-02-26T20:48:03.939699",
  "market_cap": 41109536768,
  "revenue": 45866000384,
  "net_income": -198000000,
  "pe_ratio": null,
  "forward_pe": 9.134788,
  "dividend_yield": 0.26,
  "profit_margin": -0.0043200003,
  "roe": -0.0057300003,
  "debt_to_equity": 133.457,
  "beta": 0.972,
  "ev_to_ebitda": 9.198,
  "sector": "Healthcare",
  "industry": "Drug Manufacturers - General",
  "summary": "Bayer Aktiengesellschaft operates as a life science company worldwide. The company operates through Pharmaceuticals, Consumer Health, and Crop Science segments. The Pharmaceuticals segment provides prescription products primarily for cardiology and women's health care; specialty therapeutics in the areas of oncology, hematology, and ophthalmology; and diagnostic imaging equipment and contrast agents, as well as cell and gene therapy. The Consumer Health segment markets nonprescription over-the-counter medicines, medical products, medicated skincare products, nutritional supplements, pain and cardiovascular risk prevention products, digestive health products, allergy products, and cold and cough products. The Crop Science segment offers chemical and biological crop protection products, improved plant traits, seeds, digital solutions, and pest and weed management products, as well as customer services for agriculture. It also engages in the breeding, propagation, and production/processing of seeds, including seed dressing. The company distributes its products through wholesalers, pharmacies and pharmacy chains, supermarkets, online and other retailers, and hospitals, as well as directly to farmers. Bayer Aktiengesellschaft was founded in 1863 and is based in Leverkusen, Germany.",
  "website": "https://www.bayer.com",
  "employees": 88502,
  "target_high": 60.0,
  "target_low": 23.0,
  "target_mean": 45.125,
  "target_median": 50.0,
  "recommendation": "buy",
  "num_analysts": 20,
  "income_stmt": {
    "2024-12-31T00:00:00": {
      "Tax Effect Of Unusual Items": -514350000.0,
      "Tax Rate For Calcs": 0.15,
      "Normalized EBITDA": 8973000000.0,
      "Total Unusual Items": -166000000.0,
      "Total Unusual Items Excluding Goodwill": -3429000000.0,
      "Net Income From Continuing Operation Net Minority Interest": -2552000000.0,
      "Reconciled Depreciation": 8783000000.0,
      "Reconciled Cost Of Revenue": 21270000000.0,
      "EBITDA": 8807000000.0,
      "EBIT": 24000000.0,
      "Net Interest Income": -1897000000.0,
      "Interest Expense": 2358000000.0,
      "Interest Income": 521000000.0,
      "Normalized Income": 3625650000.0,
      "Net Income From Continuing And Discontinued Operation": -2552000000.0,
      "Total Expenses": 43279000000.0,
      "Diluted Average Shares": 982420000.0,
      "Basic Average Shares": 982420000.0,
      "Diluted EPS": -2.6,
      "Basic EPS": -2.6,
      "Diluted NI Availto Com Stockholders": -2552000000.0,
      "Net Income Common Stockholders": -2552000000.0,
      "Otherunder Preferred Stock Dividend": 0.0,
      "Net Income": -2552000000.0,
      "Minority Interests": -6000000.0,
      "Net Income Including Noncontrolling Interests": -2546000000.0,
      "Net Income Continuous Operations": -2546000000.0,
      "Tax Provision": 212000000.0,
      "Pretax Income": -2334000000.0,
      "Special Income Charges": -3405000000.0,
      "Other Special Charges": 75000000.0,
      "Write Off": 67000000.0,
      "Net Non Operating Interest Income Expense": -1897000000.0,
      "Total Other Finance Cost": 60000000.0,
      "Interest Expense Non Operating": 2358000000.0,
      "Interest Income Non Operating": 521000000.0,
      "Operating Income": 3327000000.0,
      "Operating Expense": 22009000000.0,
      "Other Operating Expenses": 707000000.0,
      "Research And Development": 6209000000.0,
      "Selling General And Administration": 15938000000.0,
      "Selling And Marketing Expense": 13364000000.0,
      "General And Administrative Expense": 2574000000.0,
      "Gross Profit": 25336000000.0,
      "Cost Of Revenue": 21270000000.0,
      "Total Revenue": 46606000000.0,
      "Operating Revenue": 46606000000.0
    },
    "2023-12-31T00:00:00": {
      "Tax Effect Of Unusual Items": -1115250000.0,
      "Tax Rate For Calcs": 0.15,
      "Normalized EBITDA": 11191000000.0,
      "Total Unusual Items": -745000000.0,
      "Total Unusual Items Excluding Goodwill": -7435000000.0,
      "Net Income From Continuing Operation Net Minority Interest": -2941000000.0,
      "Reconciled Depreciation": 10020000000.0,
      "Reconciled Cost Of Revenue": 19749000000.0,
      "EBITDA": 10446000000.0,
      "EBIT": 426000000.0,
      "Net Interest Income": -1611000000.0,
      "Interest Expense": 2047000000.0,
      "Interest Income": 484000000.0,
      "Normalized Income": 10068750000.0,
      "Net Income From Continuing And Discontinued Operation": -2941000000.0,
      "Total Expenses": 39601000000.0,
      "Diluted Average Shares": 982420000.0,
      "Basic Average Shares": 982420000.0,
      "Diluted EPS": -2.99,
      "Basic EPS": -2.99,
      "Diluted NI Availto Com Stockholders": -2941000000.0,
      "Net Income Common Stockholders": -2941000000.0,
      "Otherunder Preferred Stock Dividend": 0.0,
      "Net Income": -2941000000.0,
      "Minority Interests": 1000000.0,
      "Net Income Including Noncontrolling Interests": -2942000000.0,
      "Net Income Continuous Operations": -2942000000.0,
      "Tax Provision": 1321000000.0,
      "Pretax Income": -1621000000.0,
      "Special Income Charges": -7428000000.0,
      "Other Special Charges": 737000000.0,
      "Write Off": 1000000.0,
      "Net Non Operating Interest Income Expense": -1611000000.0,
      "Total Other Finance Cost": 48000000.0,
      "Interest Expense Non Operating": 2047000000.0,
      "Interest Income Non Operating": 484000000.0,
      "Operating Income": 8036000000.0,
      "Operating Expense": 19852000000.0,
      "Other Operating Expenses": 353000000.0,
      "Research And Development": 5371000000.0,
      "Selling General And Administration": 14935000000.0,
      "Selling And Marketing Expense": 12482000000.0,
      "General And Administrative Expense": 2453000000.0,
      "Gross Profit": 27888000000.0,
      "Cost Of Revenue": 19749000000.0,
      "Total Revenue": 47637000000.0,
      "Operating Revenue": 47637000000.0
    },
    "2022-12-31T00:00:00": {
      "Tax Effect Of Unusual Items": -50868000.0,
      "Tax Rate For Calcs": 0.108,
      "Normalized EBITDA": 12767000000.0,
      "Total Unusual Items": 263000000.0,
      "Total Unusual Items Excluding Goodwill": -471000000.0,
      "Net Income From Continuing Operation Net Minority Interest": 4150000000.0,
      "Reconciled Depreciation": 6503000000.0,
      "Reconciled Cost Of Revenue": 19871000000.0,
      "EBITDA": 13030000000.0,
      "EBIT": 6527000000.0,
      "Net Interest Income": -1823000000.0,
      "Interest Expense": 1857000000.0,
      "Interest Income": 379000000.0,
      "Normalized Income": 5304132000.0,
      "Net Income From Continuing And Discontinued Operation": 4150000000.0,
      "Total Expenses": 43406000000.0,
      "Diluted Average Shares": 982420000.0,
      "Basic Average Shares": 982420000.0,
      "Diluted EPS": 4.22,
      "Basic EPS": 4.22,
      "Diluted NI Availto Com Stockholders": 4150000000.0,
      "Net Income Common Stockholders": 4150000000.0,
      "Otherunder Preferred Stock Dividend": 0.0,
      "Net Income": 4150000000.0,
      "Minority Interests": -16000000.0,
      "Net Income Including Noncontrolling Interests": 4166000000.0,
      "Net Income Continuous Operations": 4166000000.0,
      "Tax Provision": 504000000.0,
      "Pretax Income": 4670000000.0,
      "Special Income Charges": 169000000.0,
      "Other Special Charges": -900000000.0,
      "Write Off": -3000000.0,
      "Net Non Operating Interest Income Expense": -1823000000.0,
      "Total Other Finance Cost": 345000000.0,
      "Interest Expense Non Operating": 1857000000.0,
      "Interest Income Non Operating": 379000000.0,
      "Operating Income": 7333000000.0,
      "Operating Expense": 23535000000.0,
      "Other Operating Expenses": 546000000.0,
      "Research And Development": 6572000000.0,
      "Selling General And Administration": 16922000000.0,
      "Selling And Marketing Expense": 14084000000.0,
      "General And Administrative Expense": 2838000000.0,
      "Gross Profit": 30868000000.0,
      "Cost Of Revenue": 19871000000.0,
      "Total Revenue": 50739000000.0,
      "Operating Revenue": 50739000000.0
    },
    "2021-12-31T00:00:00": {
      "Tax Effect Of Unusual Items": -1074600000.0,
      "Tax Rate For Calcs": 0.3,
      "Normalized EBITDA": 10031000000.0,
      "Total Unusual Items": -3582000000.0,
      "Total Unusual Items Excluding Goodwill": -3582000000.0,
      "Net Income From Continuing Operation Net Minority Interest": 1000000000.0,
      "Reconciled Depreciation": 3056000000.0,
      "Reconciled Cost Of Revenue": 16816000000.0,
      "EBITDA": 6449000000.0,
      "EBIT": 3393000000.0,
      "Net Interest Income": -945000000.0,
      "Interest Expense": 1347000000.0,
      "Interest Income": 346000000.0,
      "Normalized Income": 3507400000.0,
      "Net Income From Continuing And Discontinued Operation": 1000000000.0,
      "Total Expenses": 37172000000.0,
      "Diluted Average Shares": 982420000.0,
      "Basic Average Shares": 982420000.0,
      "Diluted EPS": 1.02,
      "Basic EPS": 1.02,
      "Diluted NI Availto Com Stockholders": 1000000000.0,
      "Net Income Common Stockholders": 1000000000.0,
      "Otherunder Preferred Stock Dividend": 0.0,
      "Net Income": 1000000000.0,
      "Minority Interests": -22000000.0,
      "Net Income Including Noncontrolling Interests": 1022000000.0,
      "Net Income Continuous Operations": 1022000000.0,
      "Tax Provision": 1024000000.0,
      "Pretax Income": 2046000000.0,
      "Special Income Charges": -3516000000.0,
      "Other Special Charges": 3471000000.0,
      "Write Off": 45000000.0,
      "Net Non Operating Interest Income Expense": -945000000.0,
      "Total Other Finance Cost": -56000000.0,
      "Interest Expense Non Operating": 1347000000.0,
      "Interest Income Non Operating": 346000000.0,
      "Operating Income": 6909000000.0,
      "Operating Expense": 20356000000.0,
      "Other Operating Expenses": 316000000.0,
      "Research And Development": 5412000000.0,
      "Selling General And Administration": 15325000000.0,
      "Selling And Marketing Expense": 12363000000.0,
      "General And Administrative Expense": 2962000000.0,
      "Gross Profit": 27265000000.0,
      "Cost Of Revenue": 16816000000.0,
      "Total Revenue": 44081000000.0,
      "Operating Revenue": 44081000000.0
    }
  },
  "quarterly_income": {
    "2025-09-30T00:00:00": {
      "Tax Effect Of Unusual Items": 0.0,
      "Tax Rate For Calcs": 0.173988,
      "Normalized EBITDA": 606000000.0,
      "Net Income From Continuing Operation Net Minority Interest": -963000000.0,
      "Reconciled Depreciation": 1005000000.0,
      "Reconciled Cost Of Revenue": 4307000000.0,
      "EBITDA": 606000000.0,
      "EBIT": -399000000.0,
      "Net Interest Income": -632000000.0,
      "Interest Expense": 762000000.0,
      "Interest Income": 130000000.0,
      "Normalized Income": -963000000.0,
      "Net Income From Continuing And Discontinued Operation": -963000000.0,
      "Total Expenses": 10203000000.0,
      "Diluted Average Shares": 982420000.0,
      "Basic Average Shares": 982420000.0,
      "Diluted EPS": -0.98,
      "Basic EPS": -0.98,
      "Diluted NI Availto Com Stockholders": -963000000.0,
      "Net Income Common Stockholders": -963000000.0,
      "Otherunder Preferred Stock Dividend": 0.0,
      "Net Income": -963000000.0,
      "Minority Interests": -4000000.0,
      "Net Income Including Noncontrolling Interests": -959000000.0,
      "Net Income Continuous Operations": -959000000.0,
      "Tax Provision": -202000000.0,
      "Pretax Income": -1161000000.0,
      "Net Non Operating Interest Income Expense": -632000000.0,
      "Total Other Finance Cost": null,
      "Interest Expense Non Operating": 762000000.0,
      "Interest Income Non Operating": 130000000.0,
      "Operating Income": -543000000.0,
      "Operating Expense": 5896000000.0,
      "Other Operating Expenses": 1309000000.0,
      "Research And Development": 1498000000.0,
      "Selling General And Administration": 3405000000.0,
      "Selling And Marketing Expense": 2923000000.0,
      "General And Administrative Expense": 482000000.0,
      "Gross Profit": 5353000000.0,
      "Cost Of Revenue": 4307000000.0,
      "Total Revenue": 9660000000.0,
      "Operating Revenue": 9660000000.0
    },
    "2025-06-30T00:00:00": {
      "Tax Effect Of Unusual Items": 0.0,
      "Tax Rate For Calcs": 0.15,
      "Normalized EBITDA": 236000000.0,
      "Net Income From Continuing Operation Net Minority Interest": -199000000.0,
      "Reconciled Depreciation": 272000000.0,
      "Reconciled Cost Of Revenue": 4364000000.0,
      "EBITDA": 236000000.0,
      "EBIT": -36000000.0,
      "Net Interest Income": -401000000.0,
      "Interest Expense": 390000000.0,
      "Interest Income": null,
      "Normalized Income": -199000000.0,
      "Net Income From Continuing And Discontinued Operation": -199000000.0,
      "Total Expenses": 10726000000.0,
      "Diluted Average Shares": 982420000.0,
      "Basic Average Shares": 982420000.0,
      "Diluted EPS": -0.2,
      "Basic EPS": -0.2,
      "Diluted NI Availto Com Stockholders": -199000000.0,
      "Net Income Common Stockholders": -199000000.0,
      "Otherunder Preferred Stock Dividend": 0.0,
      "Net Income": -199000000.0,
      "Minority Interests": -9000000.0,
      "Net Income Including Noncontrolling Interests": -190000000.0,
      "Net Income Continuous Operations": -190000000.0,
      "Tax Provision": -236000000.0,
      "Pretax Income": -426000000.0,
      "Net Non Operating Interest Income Expense": -401000000.0,
      "Total Other Finance Cost": 11000000.0,
      "Interest Expense Non Operating": 390000000.0,
      "Interest Income Non Operating": null,
      "Operating Income": 13000000.0,
      "Operating Expense": 6362000000.0,
      "Other Operating Expenses": 2111000000.0,
      "Research And Development": 1408000000.0,
      "Selling General And Administration": 3545000000.0,
      "Selling And Marketing Expense": 3032000000.0,
      "General And Administrative Expense": 513000000.0,
      "Gross Profit": 6375000000.0,
      "Cost Of Revenue": 4364000000.0,
      "Total Revenue": 10739000000.0,
      "Operating Revenue": 10739000000.0
    },
    "2025-03-31T00:00:00": {
      "Tax Effect Of Unusual Items": 0.0,
      "Tax Rate For Calcs": 0.287432,
      "Normalized EBITDA": 3477000000.0,
      "Net Income From Continuing Operation Net Minority Interest": 1299000000.0,
      "Reconciled Depreciation": 1174000000.0,
      "Reconciled Cost Of Revenue": 5625000000.0,
      "EBITDA": 3477000000.0,
      "EBIT": 2303000000.0,
      "Net Interest Income": -510000000.0,
      "Interest Expense": 473000000.0,
      "Interest Income": 92000000.0,
      "Normalized Income": 1299000000.0,
      "Net Income From Continuing And Discontinued Operation": 1299000000.0,
      "Total Expenses": 11414000000.0,
      "Diluted Average Shares": 982420000.0,
      "Basic Average Shares": 982420000.0,
      "Diluted EPS": 1.32,
      "Basic EPS": 1.32,
      "Diluted NI Availto Com Stockholders": 1299000000.0,
      "Net Income Common Stockholders": 1299000000.0,
      "Otherunder Preferred Stock Dividend": 0.0,
      "Net Income": 1299000000.0,
      "Minority Interests": -5000000.0,
      "Net Income Including Noncontrolling Interests": 1304000000.0,
      "Net Income Continuous Operations": 1304000000.0,
      "Tax Provision": 526000000.0,
      "Pretax Income": 1830000000.0,
      "Net Non Operating Interest Income Expense": -510000000.0,
      "Total Other Finance Cost": 37000000.0,
      "Interest Expense Non Operating": 473000000.0,
      "Interest Income Non Operating": 92000000.0,
      "Operating Income": 2324000000.0,
      "Operating Expense": 5789000000.0,
      "Other Operating Expenses": 829000000.0,
      "Research And Development": 1458000000.0,
      "Selling General And Administration": 3707000000.0,
      "Selling And Marketing Expense": 3159000000.0,
      "General And Administrative Expense": 548000000.0,
      "Gross Profit": 8113000000.0,
      "Cost Of Revenue": 5625000000.0,
      "Total Revenue": 13738000000.0,
      "Operating Revenue": 13738000000.0
    },
    "2024-12-31T00:00:00": {
      "Tax Effect Of Unusual Items": 0.0,
      "Tax Rate For Calcs": 0.318087,
      "Normalized EBITDA": 1671000000.0,
      "Net Income From Continuing Operation Net Minority Interest": -335000000.0,
      "Reconciled Depreciation": 1767000000.0,
      "Reconciled Cost Of Revenue": 5723000000.0,
      "EBITDA": 1671000000.0,
      "EBIT": -96000000.0,
      "Net Interest Income": -331000000.0,
      "Interest Expense": 385000000.0,
      "Interest Income": 114000000.0,
      "Normalized Income": -335000000.0,
      "Net Income From Continuing And Discontinued Operation": -335000000.0,
      "Total Expenses": 8197000000.0,
      "Diluted Average Shares": null,
      "Basic Average Shares": null,
      "Diluted EPS": null,
      "Basic EPS": null,
      "Diluted NI Availto Com Stockholders": -335000000.0,
      "Net Income Common Stockholders": -335000000.0,
      "Otherunder Preferred Stock Dividend": 0.0,
      "Net Income": -335000000.0,
      "Minority Interests": -7000000.0,
      "Net Income Including Noncontrolling Interests": -328000000.0,
      "Net Income Continuous Operations": -328000000.0,
      "Tax Provision": -153000000.0,
      "Pretax Income": -481000000.0,
      "Net Non Operating Interest Income Expense": -331000000.0,
      "Total Other Finance Cost": null,
      "Interest Expense Non Operating": 385000000.0,
      "Interest Income Non Operating": 114000000.0,
      "Operating Income": 3532000000.0,
      "Operating Expense": 2474000000.0,
      "Other Operating Expenses": -3860000000.0,
      "Research And Development": 1725000000.0,
      "Selling General And Administration": 4335000000.0,
      "Selling And Marketing Expense": 3599000000.0,
      "General And Administrative Expense": 736000000.0,
      "Gross Profit": 6006000000.0,
      "Cost Of Revenue": 5723000000.0,
      "Total Revenue": 11729000000.0,
      "Operating Revenue": 11729000000.0
    },
    "2024-09-30T00:00:00": {
      "Tax Effect Of Unusual Items": 0.0,
      "Tax Rate For Calcs": 0.035197,
      "Normalized EBITDA": 1056000000.0,
      "Net Income From Continuing Operation Net Minority Interest": -4183000000.0,
      "Reconciled Depreciation": 4761000000.0,
      "Reconciled Cost Of Revenue": 5090000000.0,
      "EBITDA": 1056000000.0,
      "EBIT": -3705000000.0,
      "Net Interest Income": -492000000.0,
      "Interest Expense": 642000000.0,
      "Interest Income": 150000000.0,
      "Normalized Income": -4183000000.0,
      "Net Income From Continuing And Discontinued Operation": -4183000000.0,
      "Total Expenses": 13790000000.0,
      "Diluted Average Shares": 982420000.0,
      "Basic Average Shares": 982420000.0,
      "Diluted EPS": -4.26,
      "Basic EPS": -4.26,
      "Diluted NI Availto Com Stockholders": -4183000000.0,
      "Net Income Common Stockholders": -4183000000.0,
      "Otherunder Preferred Stock Dividend": 0.0,
      "Net Income": -4183000000.0,
      "Minority Interests": 11000000.0,
      "Net Income Including Noncontrolling Interests": -4194000000.0,
      "Net Income Continuous Operations": -4194000000.0,
      "Tax Provision": -153000000.0,
      "Pretax Income": -4347000000.0,
      "Net Non Operating Interest Income Expense": -492000000.0,
      "Total Other Finance Cost": null,
      "Interest Expense Non Operating": 642000000.0,
      "Interest Income Non Operating": 150000000.0,
      "Operating Income": -3822000000.0,
      "Operating Expense": 8700000000.0,
      "Other Operating Expenses": 3743000000.0,
      "Research And Development": 1559000000.0,
      "Selling General And Administration": 3725000000.0,
      "Selling And Marketing Expense": 3158000000.0,
      "General And Administrative Expense": 567000000.0,
      "Gross Profit": 4878000000.0,
      "Cost Of Revenue": 5090000000.0,
      "Total Revenue": 9968000000.0,
      "Operating Revenue": 9968000000.0
    },
    "2024-06-30T00:00:00": {
      "Tax Effect Of Unusual Items": null,
      "Tax Rate For Calcs": null,
      "Normalized EBITDA": null,
      "Net Income From Continuing Operation Net Minority Interest": null,
      "Reconciled Depreciation": null,
      "Reconciled Cost Of Revenue": null,
      "EBITDA": null,
      "EBIT": null,
      "Net Interest Income": null,
      "Interest Expense": null,
      "Interest Income": 95000000.0,
      "Normalized Income": null,
      "Net Income From Continuing And Discontinued Operation": null,
      "Total Expenses": null,
      "Diluted Average Shares": 982420000.0,
      "Basic Average Shares": 982420000.0,
      "Diluted EPS": -0.03,
      "Basic EPS": -0.03,
      "Diluted NI Availto Com Stockholders": null,
      "Net Income Common Stockholders": null,
      "Otherunder Preferred Stock Dividend": null,
      "Net Income": null,
      "Minority Interests": null,
      "Net Income Including Noncontrolling Interests": null,
      "Net Income Continuous Operations": null,
      "Tax Provision": null,
      "Pretax Income": null,
      "Net Non Operating Interest Income Expense": null,
      "Total Other Finance Cost": 17000000.0,
      "Interest Expense Non Operating": null,
      "Interest Income Non Operating": 95000000.0,
      "Operating Income": null,
      "Operating Expense": null,
      "Other Operating Expenses": null,
      "Research And Development": null,
      "Selling General And Administration": null,
      "Selling And Marketing Expense": null,
      "General And Administrative Expense": null,
      "Gross Profit": null,
      "Cost Of Revenue": null,
      "Total Revenue": null,
      "Operating Revenue": null
    }
  },
  "balance_sheet": {
    "2024-12-31T00:00:00": {
      "Ordinary Shares Number": 982424082.0,
      "Share Issued": 982424082.0,
      "Net Debt": 33258000000.0,
      "Total Debt": 40697000000.0,
      "Tangible Book Value": -20220000000.0,
      "Invested Capital": 71357000000.0,
      "Working Capital": 5492000000.0,
      "Net Tangible Assets": -20220000000.0,
      "Capital Lease Obligations": 1248000000.0,
      "Common Stock Equity": 31908000000.0,
      "Total Capitalization": 66460000000.0,
      "Total Equity Gross Minority Interest": 32045000000.0,
      "Minority Interest": 137000000.0,
      "Stockholders Equity": 31908000000.0,
      "Additional Paid In Capital": 18261000000.0,
      "Capital Stock": 2515000000.0,
      "Common Stock": 2515000000.0,
      "Total Liabilities Net Minority Interest": 78805000000.0,
      "Total Non Current Liabilities Net Minority Interest": 49853000000.0,
      "Other Non Current Liabilities": 647000000.0,
      "Derivative Product Liabilities": 92000000.0,
      "Non Current Pension And Other Postretirement Benefit Plans": 3652000000.0,
      "Tradeand Other Payables Non Current": 1351000000.0,
      "Non Current Deferred Revenue": 343000000.0,
      "Non Current Deferred Taxes Liabilities": 865000000.0,
      "Long Term Debt And Capital Lease Obligation": 35491000000.0,
      "Long Term Capital Lease Obligation": 939000000.0,
      "Long Term Debt": 34552000000.0,
      "Long Term Provisions": 7405000000.0,
      "Current Liabilities": 28952000000.0,
      "Other Current Liabilities": 401000000.0,
      "Current Debt And Capital Lease Obligation": 5206000000.0,
      "Current Capital Lease Obligation": 309000000.0,
      "Current Debt": 4897000000.0,
      "Pensionand Other Post Retirement Benefit Plans Current": 812000000.0,
      "Current Provisions": 9713000000.0,
      "Payables": 8953000000.0,
      "Other Payable": 341000000.0,
      "Total Tax Payable": 1094000000.0,
      "Accounts Payable": 7518000000.0,
      "Total Assets": 110850000000.0,
      "Total Non Current Assets": 76406000000.0,
      "Non Current Deferred Taxes Assets": 6164000000.0,
      "Investmentin Financial Assets": 2202000000.0,
      "Available For Sale Securities": 527000000.0,
      "Financial Assets Designatedas Fair Value Through Profitor Loss Total": 1675000000.0,
      "Long Term Equity Investment": 820000000.0,
      "Goodwill And Other Intangible Assets": 52128000000.0,
      "Other Intangible Assets": 22112000000.0,
      "Goodwill": 30016000000.0,
      "Net PPE": 13456000000.0,
      "Accumulated Depreciation": -17766000000.0,
      "Gross PPE": 31222000000.0,
      "Construction In Progress": 3011000000.0,
      "Machinery Furniture Equipment": 16637000000.0,
      "Properties": 11574000000.0,
      "Current Assets": 34444000000.0,
      "Assets Held For Sale Current": 22000000.0,
      "Current Deferred Assets": 317000000.0,
      "Prepaid Assets": 156000000.0,
      "Inventory": 13403000000.0,
      "Other Inventories": 88000000.0,
      "Work In Process": 11234000000.0,
      "Raw Materials": 2081000000.0,
      "Other Receivables": 929000000.0,
      "Taxes Receivable": 2557000000.0,
      "Accounts Receivable": 8966000000.0,
      "Allowance For Doubtful Accounts Receivable": -576000000.0,
      "Gross Accounts Receivable": 9542000000.0,
      "Cash Cash Equivalents And Short Term Investments": 8087000000.0,
      "Other Short Term Investments": 1896000000.0,
      "Cash And Cash Equivalents": 6191000000.0
    },
    "2023-12-31T00:00:00": {
      "Ordinary Shares Number": 982424082.0,
      "Share Issued": 982424082.0,
      "Net Debt": 35729000000.0,
      "Total Debt": 42874000000.0,
      "Tangible Book Value": -22735000000.0,
      "Invested Capital": 74563000000.0,
      "Working Capital": 8099000000.0,
      "Net Tangible Assets": -22735000000.0,
      "Capital Lease Obligations": 1238000000.0,
      "Common Stock Equity": 32927000000.0,
      "Total Capitalization": 70153000000.0,
      "Total Equity Gross Minority Interest": 33078000000.0,
      "Minority Interest": 151000000.0,
      "Stockholders Equity": 32927000000.0,
      "Additional Paid In Capital": 18261000000.0,
      "Capital Stock": 2515000000.0,
      "Common Stock": 2515000000.0,
      "Total Liabilities Net Minority Interest": 83181000000.0,
      "Total Non Current Liabilities Net Minority Interest": 53724000000.0,
      "Other Non Current Liabilities": 928000000.0,
      "Derivative Product Liabilities": 4000000.0,
      "Non Current Pension And Other Postretirement Benefit Plans": 4015000000.0,
      "Tradeand Other Payables Non Current": 1546000000.0,
      "Non Current Deferred Revenue": 467000000.0,
      "Non Current Deferred Taxes Liabilities": 790000000.0,
      "Long Term Debt And Capital Lease Obligation": 38170000000.0,
      "Long Term Capital Lease Obligation": 944000000.0,
      "Long Term Debt": 37226000000.0,
      "Long Term Provisions": 7798000000.0,
      "Current Liabilities": 29457000000.0,
      "Other Current Liabilities": 567000000.0,
      "Current Debt And Capital Lease Obligation": 4704000000.0,
      "Current Capital Lease Obligation": 294000000.0,
      "Current Debt": 4410000000.0,
      "Pensionand Other Post Retirement Benefit Plans Current": 354000000.0,
      "Current Provisions": 8704000000.0,
      "Payables": 8995000000.0,
      "Other Payable": 334000000.0,
      "Total Tax Payable": 1205000000.0,
      "Accounts Payable": 7456000000.0,
      "Total Assets": 116259000000.0,
      "Total Non Current Assets": 78703000000.0,
      "Non Current Deferred Taxes Assets": 5471000000.0,
      "Investmentin Financial Assets": 2210000000.0,
      "Available For Sale Securities": 488000000.0,
      "Financial Assets Designatedas Fair Value Through Profitor Loss Total": 1722000000.0,
      "Long Term Equity Investment": 850000000.0,
      "Goodwill And Other Intangible Assets": 55662000000.0,
      "Other Intangible Assets": 23363000000.0,
      "Goodwill": 32299000000.0,
      "Net PPE": 13321000000.0,
      "Accumulated Depreciation": -15936000000.0,
      "Gross PPE": 29257000000.0,
      "Construction In Progress": 3172000000.0,
      "Machinery Furniture Equipment": 15346000000.0,
      "Properties": 10739000000.0,
      "Current Assets": 37556000000.0,
      "Assets Held For Sale Current": 51000000.0,
      "Current Deferred Assets": 298000000.0,
      "Prepaid Assets": 123000000.0,
      "Inventory": 13929000000.0,
      "Other Inventories": 122000000.0,
      "Work In Process": 11292000000.0,
      "Raw Materials": 2515000000.0,
      "Other Receivables": 628000000.0,
      "Taxes Receivable": 2592000000.0,
      "Accounts Receivable": 9343000000.0,
      "Allowance For Doubtful Accounts Receivable": -642000000.0,
      "Gross Accounts Receivable": 9985000000.0,
      "Cash Cash Equivalents And Short Term Investments": 10587000000.0,
      "Other Short Term Investments": 4680000000.0,
      "Cash And Cash Equivalents": 5907000000.0
    },
    "2022-12-31T00:00:00": {
      "Ordinary Shares Number": 982424082.0,
      "Share Issued": 982424082.0,
      "Net Debt": 34915000000.0,
      "Total Debt": 41320000000.0,
      "Tangible Book Value": -25058000000.0,
      "Invested Capital": 78859000000.0,
      "Working Capital": 2676000000.0,
      "Net Tangible Assets": -25058000000.0,
      "Capital Lease Obligations": 1234000000.0,
      "Common Stock Equity": 38773000000.0,
      "Total Capitalization": 71602000000.0,
      "Total Equity Gross Minority Interest": 38926000000.0,
      "Minority Interest": 153000000.0,
      "Stockholders Equity": 38773000000.0,
      "Additional Paid In Capital": 18261000000.0,
      "Capital Stock": 2515000000.0,
      "Common Stock": 2515000000.0,
      "Total Liabilities Net Minority Interest": 85951000000.0,
      "Total Non Current Liabilities Net Minority Interest": 50867000000.0,
      "Other Non Current Liabilities": 1049000000.0,
      "Derivative Product Liabilities": 15000000.0,
      "Non Current Pension And Other Postretirement Benefit Plans": 4388000000.0,
      "Tradeand Other Payables Non Current": 1700000000.0,
      "Non Current Deferred Revenue": 602000000.0,
      "Non Current Deferred Taxes Liabilities": 727000000.0,
      "Long Term Debt And Capital Lease Obligation": 33781000000.0,
      "Long Term Capital Lease Obligation": 952000000.0,
      "Long Term Debt": 32829000000.0,
      "Long Term Provisions": 8601000000.0,
      "Current Liabilities": 35084000000.0,
      "Other Current Liabilities": 2365000000.0,
      "Current Debt And Capital Lease Obligation": 7539000000.0,
      "Current Capital Lease Obligation": 282000000.0,
      "Current Debt": 7257000000.0,
      "Pensionand Other Post Retirement Benefit Plans Current": 434000000.0,
      "Current Provisions": 10675000000.0,
      "Payables": 9403000000.0,
      "Other Payable": 272000000.0,
      "Total Tax Payable": 1586000000.0,
      "Accounts Payable": 7545000000.0,
      "Total Assets": 124877000000.0,
      "Total Non Current Assets": 87117000000.0,
      "Non Current Deferred Taxes Assets": 5605000000.0,
      "Investmentin Financial Assets": 2002000000.0,
      "Available For Sale Securities": 593000000.0,
      "Financial Assets Designatedas Fair Value Through Profitor Loss Total": 1409000000.0,
      "Long Term Equity Investment": 893000000.0,
      "Goodwill And Other Intangible Assets": 63831000000.0,
      "Other Intangible Assets": 24183000000.0,
      "Goodwill": 39648000000.0,
      "Net PPE": 13674000000.0,
      "Accumulated Depreciation": -14663000000.0,
      "Gross PPE": 28337000000.0,
      "Construction In Progress": 3274000000.0,
      "Machinery Furniture Equipment": 14585000000.0,
      "Properties": 10478000000.0,
      "Current Assets": 37760000000.0,
      "Assets Held For Sale Current": 3000000.0,
      "Current Deferred Assets": 297000000.0,
      "Prepaid Assets": 146000000.0,
      "Inventory": 13595000000.0,
      "Other Inventories": 180000000.0,
      "Work In Process": 10720000000.0,
      "Raw Materials": 2695000000.0,
      "Other Receivables": 762000000.0,
      "Taxes Receivable": 2487000000.0,
      "Accounts Receivable": 10312000000.0,
      "Allowance For Doubtful Accounts Receivable": -700000000.0,
      "Gross Accounts Receivable": 11012000000.0,
      "Cash Cash Equivalents And Short Term Investments": 10153000000.0,
      "Other Short Term Investments": 4982000000.0,
      "Cash And Cash Equivalents": 5171000000.0
    },
    "2021-12-31T00:00:00": {
      "Ordinary Shares Number": 982424082.0,
      "Share Issued": 982424082.0,
      "Net Debt": 33802000000.0,
      "Total Debt": 39531000000.0,
      "Tangible Book Value": -33344000000.0,
      "Invested Capital": 71386000000.0,
      "Working Capital": 3175000000.0,
      "Net Tangible Assets": -33344000000.0,
      "Capital Lease Obligations": 1165000000.0,
      "Common Stock Equity": 33020000000.0,
      "Total Capitalization": 68569000000.0,
      "Total Equity Gross Minority Interest": 33168000000.0,
      "Minority Interest": 148000000.0,
      "Stockholders Equity": 33020000000.0,
      "Additional Paid In Capital": 18261000000.0,
      "Capital Stock": 2515000000.0,
      "Common Stock": 2515000000.0,
      "Total Liabilities Net Minority Interest": 87073000000.0,
      "Total Non Current Liabilities Net Minority Interest": 57670000000.0,
      "Other Non Current Liabilities": 1555000000.0,
      "Derivative Product Liabilities": 41000000.0,
      "Non Current Pension And Other Postretirement Benefit Plans": 7176000000.0,
      "Tradeand Other Payables Non Current": 1617000000.0,
      "Non Current Deferred Revenue": 810000000.0,
      "Non Current Deferred Taxes Liabilities": 931000000.0,
      "Long Term Debt And Capital Lease Obligation": 36478000000.0,
      "Long Term Capital Lease Obligation": 929000000.0,
      "Long Term Debt": 35549000000.0,
      "Long Term Provisions": 9059000000.0,
      "Current Liabilities": 29403000000.0,
      "Other Current Liabilities": 681000000.0,
      "Current Debt And Capital Lease Obligation": 3053000000.0,
      "Current Capital Lease Obligation": 236000000.0,
      "Current Debt": 2817000000.0,
      "Pensionand Other Post Retirement Benefit Plans Current": 339000000.0,
      "Current Provisions": 11387000000.0,
      "Payables": 8262000000.0,
      "Other Payable": 253000000.0,
      "Total Tax Payable": 1217000000.0,
      "Accounts Payable": 6792000000.0,
      "Total Assets": 120241000000.0,
      "Total Non Current Assets": 87663000000.0,
      "Non Current Deferred Taxes Assets": 4580000000.0,
      "Investmentin Financial Assets": 1983000000.0,
      "Available For Sale Securities": 566000000.0,
      "Financial Assets Designatedas Fair Value Through Profitor Loss Total": 1417000000.0,
      "Long Term Equity Investment": 629000000.0,
      "Goodwill And Other Intangible Assets": 66364000000.0,
      "Other Intangible Assets": 26258000000.0,
      "Goodwill": 40106000000.0,
      "Net PPE": 12688000000.0,
      "Accumulated Depreciation": -13500000000.0,
      "Gross PPE": 26188000000.0,
      "Construction In Progress": 3126000000.0,
      "Machinery Furniture Equipment": 13235000000.0,
      "Properties": 9827000000.0,
      "Current Assets": 32578000000.0,
      "Assets Held For Sale Current": 76000000.0,
      "Current Deferred Assets": 307000000.0,
      "Prepaid Assets": 44000000.0,
      "Inventory": 11270000000.0,
      "Other Inventories": 95000000.0,
      "Work In Process": 9164000000.0,
      "Raw Materials": 2011000000.0,
      "Other Receivables": 681000000.0,
      "Taxes Receivable": 2409000000.0,
      "Accounts Receivable": 10047000000.0,
      "Allowance For Doubtful Accounts Receivable": -654000000.0,
      "Gross Accounts Receivable": 10701000000.0,
      "Cash Cash Equivalents And Short Term Investments": 7739000000.0,
      "Other Short Term Investments": 3175000000.0,
      "Cash And Cash Equivalents": 4564000000.0
    }
  },
  "cashflow": {
    "2024-12-31T00:00:00": {
      "Free Cash Flow": 4590000000.0,
      "Repurchase Of Capital Stock": -16000000.0,
      "Repayment Of Debt": -10833000000.0,
      "Issuance Of Debt": 5815000000.0,
      "Issuance Of Capital Stock": 0.0,
      "Capital Expenditure": -2778000000.0,
      "End Cash Position": 6191000000.0,
      "Other Cash Adjustment Outside Changein Cash": -2000000.0,
      "Beginning Cash Position": 5907000000.0,
      "Effect Of Exchange Rate Changes": -68000000.0,
      "Changes In Cash": 354000000.0,
      "Financing Cash Flow": -7178000000.0,
      "Net Other Financing Charges": -36000000.0,
      "Interest Paid Cff": -1977000000.0,
      "Cash Dividends Paid": -131000000.0,
      "Net Common Stock Issuance": -16000000.0,
      "Common Stock Payments": -16000000.0,
      "Common Stock Issuance": 0.0,
      "Net Issuance Payments Of Debt": -5018000000.0,
      "Net Long Term Debt Issuance": -5018000000.0,
      "Long Term Debt Payments": -10833000000.0,
      "Long Term Debt Issuance": 5815000000.0,
      "Investing Cash Flow": 164000000.0,
      "Net Other Investing Changes": null,
      "Interest Received Cfi": 489000000.0,
      "Net Investment Purchase And Sale": 2325000000.0,
      "Sale Of Investment": 2576000000.0,
      "Purchase Of Investment": -251000000.0,
      "Net Business Purchase And Sale": -167000000.0,
      "Sale Of Business": 17000000.0,
      "Purchase Of Business": -184000000.0,
      "Net PPE Purchase And Sale": -2483000000.0,
      "Sale Of PPE": 295000000.0,
      "Purchase Of PPE": -2778000000.0,
      "Operating Cash Flow": 7368000000.0,
      "Taxes Refund Paid": -1222000000.0,
      "Change In Working Capital": 85000000.0,
      "Change In Other Current Assets": -19000000.0,
      "Change In Payable": -120000000.0,
      "Change In Inventory": 521000000.0,
      "Change In Receivables": 197000000.0,
      "Other Non Cash Items": 1897000000.0,
      "Deferred Tax": 212000000.0,
      "Depreciation And Amortization": 8783000000.0,
      "Depreciation": 8783000000.0,
      "Gain Loss On Investment Securities": -207000000.0,
      "Net Foreign Currency Exchange Gain Loss": 203000000.0,
      "Net Income From Continuing Operations": -2546000000.0
    },
    "2023-12-31T00:00:00": {
      "Free Cash Flow": 2366000000.0,
      "Repurchase Of Capital Stock": -24000000.0,
      "Repayment Of Debt": -13031000000.0,
      "Issuance Of Debt": 16284000000.0,
      "Issuance Of Capital Stock": 23000000.0,
      "Capital Expenditure": -2751000000.0,
      "End Cash Position": 5907000000.0,
      "Other Cash Adjustment Outside Changein Cash": null,
      "Beginning Cash Position": 5171000000.0,
      "Effect Of Exchange Rate Changes": -185000000.0,
      "Changes In Cash": 921000000.0,
      "Financing Cash Flow": -679000000.0,
      "Net Other Financing Charges": -15000000.0,
      "Interest Paid Cff": -1537000000.0,
      "Cash Dividends Paid": -2379000000.0,
      "Net Common Stock Issuance": -1000000.0,
      "Common Stock Payments": -24000000.0,
      "Common Stock Issuance": 23000000.0,
      "Net Issuance Payments Of Debt": 3253000000.0,
      "Net Long Term Debt Issuance": 3253000000.0,
      "Long Term Debt Payments": -13031000000.0,
      "Long Term Debt Issuance": 16284000000.0,
      "Investing Cash Flow": -3517000000.0,
      "Net Other Investing Changes": -472000000.0,
      "Interest Received Cfi": 451000000.0,
      "Net Investment Purchase And Sale": -306000000.0,
      "Sale Of Investment": 139000000.0,
      "Purchase Of Investment": -445000000.0,
      "Net Business Purchase And Sale": -654000000.0,
      "Sale Of Business": 8000000.0,
      "Purchase Of Business": -662000000.0,
      "Net PPE Purchase And Sale": -2536000000.0,
      "Sale Of PPE": 215000000.0,
      "Purchase Of PPE": -2751000000.0,
      "Operating Cash Flow": 5117000000.0,
      "Taxes Refund Paid": -1298000000.0,
      "Change In Working Capital": -4065000000.0,
      "Change In Other Current Assets": -4223000000.0,
      "Change In Payable": 82000000.0,
      "Change In Inventory": -430000000.0,
      "Change In Receivables": 689000000.0,
      "Other Non Cash Items": 1611000000.0,
      "Deferred Tax": 1321000000.0,
      "Depreciation And Amortization": 10020000000.0,
      "Depreciation": 10020000000.0,
      "Gain Loss On Investment Securities": -152000000.0,
      "Net Foreign Currency Exchange Gain Loss": 449000000.0,
      "Net Income From Continuing Operations": -2942000000.0
    },
    "2022-12-31T00:00:00": {
      "Free Cash Flow": 4144000000.0,
      "Repurchase Of Capital Stock": -25000000.0,
      "Repayment Of Debt": -7605000000.0,
      "Issuance Of Debt": 6631000000.0,
      "Issuance Of Capital Stock": 15000000.0,
      "Capital Expenditure": -2949000000.0,
      "End Cash Position": 5171000000.0,
      "Other Cash Adjustment Outside Changein Cash": 3000000.0,
      "Beginning Cash Position": 4564000000.0,
      "Effect Of Exchange Rate Changes": 112000000.0,
      "Changes In Cash": 492000000.0,
      "Financing Cash Flow": -4220000000.0,
      "Net Other Financing Charges": 45000000.0,
      "Interest Paid Cff": -1296000000.0,
      "Cash Dividends Paid": -1985000000.0,
      "Net Common Stock Issuance": -10000000.0,
      "Common Stock Payments": -25000000.0,
      "Common Stock Issuance": 15000000.0,
      "Net Issuance Payments Of Debt": -974000000.0,
      "Net Long Term Debt Issuance": -974000000.0,
      "Long Term Debt Payments": -7605000000.0,
      "Long Term Debt Issuance": 6631000000.0,
      "Investing Cash Flow": -2381000000.0,
      "Net Other Investing Changes": -91000000.0,
      "Interest Received Cfi": 218000000.0,
      "Net Investment Purchase And Sale": -2978000000.0,
      "Sale Of Investment": 32000000.0,
      "Purchase Of Investment": -3010000000.0,
      "Net Business Purchase And Sale": 2289000000.0,
      "Sale Of Business": 2378000000.0,
      "Purchase Of Business": -89000000.0,
      "Net PPE Purchase And Sale": -1819000000.0,
      "Sale Of PPE": 1130000000.0,
      "Purchase Of PPE": -2949000000.0,
      "Operating Cash Flow": 7093000000.0,
      "Taxes Refund Paid": -2034000000.0,
      "Change In Working Capital": -2696000000.0,
      "Change In Other Current Assets": -1278000000.0,
      "Change In Payable": 612000000.0,
      "Change In Inventory": -2170000000.0,
      "Change In Receivables": 269000000.0,
      "Other Non Cash Items": 2342000000.0,
      "Deferred Tax": 504000000.0,
      "Depreciation And Amortization": 6503000000.0,
      "Depreciation": 6503000000.0,
      "Gain Loss On Investment Securities": -1692000000.0,
      "Net Foreign Currency Exchange Gain Loss": null,
      "Net Income From Continuing Operations": 4166000000.0
    },
    "2021-12-31T00:00:00": {
      "Free Cash Flow": 2478000000.0,
      "Repurchase Of Capital Stock": null,
      "Repayment Of Debt": -9044000000.0,
      "Issuance Of Debt": 6592000000.0,
      "Issuance Of Capital Stock": null,
      "Capital Expenditure": -2611000000.0,
      "End Cash Position": 4564000000.0,
      "Other Cash Adjustment Outside Changein Cash": 39000000.0,
      "Beginning Cash Position": 4191000000.0,
      "Effect Of Exchange Rate Changes": 35000000.0,
      "Changes In Cash": 299000000.0,
      "Financing Cash Flow": -5645000000.0,
      "Net Other Financing Charges": 27000000.0,
      "Interest Paid Cff": -1227000000.0,
      "Cash Dividends Paid": -1993000000.0,
      "Net Common Stock Issuance": 0.0,
      "Common Stock Payments": null,
      "Common Stock Issuance": null,
      "Net Issuance Payments Of Debt": -2452000000.0,
      "Net Long Term Debt Issuance": -2452000000.0,
      "Long Term Debt Payments": -9044000000.0,
      "Long Term Debt Issuance": 6592000000.0,
      "Investing Cash Flow": 855000000.0,
      "Net Other Investing Changes": null,
      "Interest Received Cfi": 137000000.0,
      "Net Investment Purchase And Sale": 4302000000.0,
      "Sale Of Investment": 4702000000.0,
      "Purchase Of Investment": -400000000.0,
      "Net Business Purchase And Sale": -1346000000.0,
      "Sale Of Business": null,
      "Purchase Of Business": -1346000000.0,
      "Net PPE Purchase And Sale": -2238000000.0,
      "Sale Of PPE": 373000000.0,
      "Purchase Of PPE": -2611000000.0,
      "Operating Cash Flow": 5089000000.0,
      "Taxes Refund Paid": -2159000000.0,
      "Change In Working Capital": 1056000000.0,
      "Change In Other Current Assets": 731000000.0,
      "Change In Payable": 854000000.0,
      "Change In Inventory": -173000000.0,
      "Change In Receivables": -61000000.0,
      "Other Non Cash Items": 1307000000.0,
      "Deferred Tax": 1024000000.0,
      "Depreciation And Amortization": 3056000000.0,
      "Depreciation": 3056000000.0,
      "Gain Loss On Investment Securities": -217000000.0,
      "Net Foreign Currency Exchange Gain Loss": null,
      "Net Income From Continuing Operations": 1022000000.0
    }
  },
  "earnings_estimate": {
    "avg": {
      "0q": 0.48805,
      "+1q": 2.35684,
      "0y": 4.78408,
      "+1y": 4.58084
    },
    "low": {
      "0q": 0.42027,
      "+1q": 2.1,
      "0y": 4.51,
      "+1y": 3.75
    },
    "high": {
      "0q": 0.57,
      "+1q": 2.76,
      "0y": 5.16345,
      "+1y": 5.09
    },
    "yearAgoEps": {
      "0q": 1.05,
      "+1q": 2.49,
      "0y": 5.05,
      "+1y": 4.78408
    },
    "numberOfAnalysts": {
      "0q": 5,
      "+1q": 4,
      "0y": 16,
      "+1y": 16
    },
    "growth": {
      "0q": -0.5352,
      "+1q": -0.0535,
      "0y": -0.052699998,
      "+1y": -0.0425
    }
  },
  "revenue_estimate": {
    "avg": {
      "0q": 11261321090,
      "+1q": 13467673130,
      "0y": 45635448390,
      "+1y": 45879589160
    },
    "low": {
      "0q": 11115414000,
      "+1q": 13029730000,
      "0y": 45039000000,
      "+1y": 44195049060
    },
    "high": {
      "0q": 11420823460,
      "+1q": 13797563000,
      "0y": 46500000000,
      "+1y": 47795000000
    },
    "numberOfAnalysts": {
      "0q": 5,
      "+1q": 4,
      "0y": 19,
      "+1y": 19
    },
    "yearAgoRevenue": {
      "0q": 11729000000,
      "+1q": 13738000000,
      "0y": 46606000000,
      "+1y": 45635448390
    },
    "growth": {
      "0q": -0.0399,
      "+1q": -0.0197,
      "0y": -0.0208,
      "+1y": 0.0053
    }
  },
  "growth_estimates": {
    "stockTrend": {
      "0q": -0.5352,
      "+1q": -0.0535,
      "0y": -0.052699998,
      "+1y": -0.0425,
      "LTG": null
    },
    "indexTrend": {
      "0q": 0.1273,
      "+1q": 0.103599995,
      "0y": 0.14310001,
      "+1y": 0.1557,
      "LTG": 0.122
    }
  },
  "revenue_forecasts": null,
  "dividend_rate": 0.11,
  "trailing_dividend_rate": 0.11
}