{
  "ticker": "BMED.MI",
  "name": "Banca Mediolanum",
  "country": "italy",
  "currency": "EUR",
  "last_fetched": "2026-02-26T20:49:17.971785",
  "market_cap": 13586875392,
  "revenue": 2140329984,
  "net_income": 1237907968,
  "pe_ratio": 11.005988,
  "forward_pe": 12.421772,
  "dividend_yield": 6.56,
  "profit_margin": 0.57837003,
  "roe": 0.29059,
  "debt_to_equity": null,
  "beta": 0.8,
  "ev_to_ebitda": null,
  "sector": "Financial Services",
  "industry": "Banks - Regional",
  "summary": "Banca Mediolanum S.p.A. engages in the provision of various banking products and services in Italy. It offers current accounts; deposits; and mortgages and loans. The company also provides debit, credit, and prepaid cards; investment products, such as mutual funds, unit linked policies, investment strategies, other investments, trading, and retirement products; and life insurance products and services. In addition, it engages in audio and television production business; real estate activity; mutual fund and trust management business; and the provision of damage insurance, financial intermediation, and payment services. Banca Mediolanum S.p.A. founded in 1982 and is headquartered in Basiglio, Italy.",
  "website": "https://www.bancamediolanum.it",
  "employees": 4000,
  "target_high": 22.8,
  "target_low": 20.4,
  "target_mean": 21.55455,
  "target_median": 21.7,
  "recommendation": "buy",
  "num_analysts": 11,
  "income_stmt": {
    "2024-12-31T00:00:00": {
      "Tax Effect Of Unusual Items": -13520393.6,
      "Tax Rate For Calcs": 0.2282,
      "Total Unusual Items": -59248000.0,
      "Total Unusual Items Excluding Goodwill": -59248000.0,
      "Net Income From Continuing Operation Net Minority Interest": 1119629000.0,
      "Net Interest Income": 874925000.0,
      "Interest Expense": 589333000.0,
      "Interest Income": 1464258000.0,
      "Normalized Income": 1165356606.4,
      "Net Income From Continuing And Discontinued Operation": 1119629000.0,
      "Diluted Average Shares": 737385088.0,
      "Basic Average Shares": 737385088.0,
      "Diluted EPS": 1.518378,
      "Basic EPS": 1.518378,
      "Diluted NI Availto Com Stockholders": 1119629000.0,
      "Net Income Common Stockholders": 1119629000.0,
      "Net Income": 1119629000.0,
      "Net Income Including Noncontrolling Interests": 1119629000.0,
      "Net Income Discontinuous Operations": 0.0,
      "Net Income Continuous Operations": 1119629000.0,
      "Tax Provision": 331065000.0,
      "Pretax Income": 1450694000.0,
      "Special Income Charges": -59248000.0,
      "Other Special Charges": 11000.0,
      "Impairment Of Capital Assets": 59237000.0,
      "Gain On Sale Of Security": -1719696000.0,
      "Operating Expense": 876744000.0,
      "Other Operating Expenses": 92201000.0,
      "Selling General And Administration": 424152000.0,
      "Selling And Marketing Expense": 35812000.0,
      "General And Administrative Expense": 388340000.0,
      "Insurance And Claims": 4130000.0,
      "Rent And Landing Fees": 27534000.0,
      "Total Revenue": 2419351000.0,
      "Operating Revenue": 2419351000.0
    },
    "2023-12-31T00:00:00": {
      "Tax Effect Of Unusual Items": -15325134.0,
      "Tax Rate For Calcs": 0.2299,
      "Total Unusual Items": -66660000.0,
      "Total Unusual Items Excluding Goodwill": -66660000.0,
      "Net Income From Continuing Operation Net Minority Interest": 821852000.0,
      "Net Interest Income": 825994000.0,
      "Interest Expense": 505771000.0,
      "Interest Income": 1331765000.0,
      "Normalized Income": 873186866.0,
      "Net Income From Continuing And Discontinued Operation": 821870000.0,
      "Diluted Average Shares": 741140846.0,
      "Basic Average Shares": 741140846.0,
      "Diluted EPS": 1.108926,
      "Basic EPS": 1.108926,
      "Diluted NI Availto Com Stockholders": 821870000.0,
      "Net Income Common Stockholders": 821870000.0,
      "Net Income": 821870000.0,
      "Net Income Including Noncontrolling Interests": 821870000.0,
      "Net Income Discontinuous Operations": 18000.0,
      "Net Income Continuous Operations": 821852000.0,
      "Tax Provision": 245316000.0,
      "Pretax Income": 1067168000.0,
      "Special Income Charges": -66660000.0,
      "Other Special Charges": 12000.0,
      "Impairment Of Capital Assets": 66648000.0,
      "Gain On Sale Of Security": -1122629000.0,
      "Operating Expense": 750499000.0,
      "Other Operating Expenses": 44604000.0,
      "Selling General And Administration": 391773000.0,
      "Selling And Marketing Expense": 37511000.0,
      "General And Administrative Expense": 354262000.0,
      "Insurance And Claims": 3336000.0,
      "Rent And Landing Fees": 24390000.0,
      "Total Revenue": 1918460000.0,
      "Operating Revenue": 1918460000.0
    },
    "2022-12-31T00:00:00": {
      "Tax Effect Of Unusual Items": -15854664.0,
      "Tax Rate For Calcs": 0.2128,
      "Total Unusual Items": -74505000.0,
      "Total Unusual Items Excluding Goodwill": -74505000.0,
      "Net Income From Continuing Operation Net Minority Interest": 506829000.0,
      "Net Interest Income": 474441000.0,
      "Interest Expense": 78486000.0,
      "Interest Income": 552927000.0,
      "Normalized Income": 572779336.0,
      "Net Income From Continuing And Discontinued Operation": 506829000.0,
      "Diluted Average Shares": 744207493.0,
      "Basic Average Shares": 737252214.0,
      "Diluted EPS": 0.681,
      "Basic EPS": 0.687,
      "Diluted NI Availto Com Stockholders": 506829000.0,
      "Net Income Common Stockholders": 506829000.0,
      "Net Income": 506829000.0,
      "Net Income Including Noncontrolling Interests": 506829000.0,
      "Net Income Discontinuous Operations": 0.0,
      "Net Income Continuous Operations": 506829000.0,
      "Tax Provision": 137010000.0,
      "Pretax Income": 643839000.0,
      "Special Income Charges": -74505000.0,
      "Other Special Charges": 7000.0,
      "Impairment Of Capital Assets": 67198000.0,
      "Gain On Sale Of Security": -2800757000.0,
      "Operating Expense": 669581000.0,
      "Other Operating Expenses": 25399000.0,
      "Selling General And Administration": 353272000.0,
      "Selling And Marketing Expense": 33214000.0,
      "General And Administrative Expense": 320058000.0,
      "Insurance And Claims": 3495000.0,
      "Rent And Landing Fees": 20121000.0,
      "Total Revenue": 1410849000.0,
      "Operating Revenue": 1410849000.0
    },
    "2021-12-31T00:00:00": {
      "Tax Effect Of Unusual Items": -9748449.6,
      "Tax Rate For Calcs": 0.1992,
      "Total Unusual Items": -48938000.0,
      "Total Unusual Items Excluding Goodwill": -48938000.0,
      "Net Income From Continuing Operation Net Minority Interest": 713055000.0,
      "Net Interest Income": 352543000.0,
      "Interest Expense": 53757000.0,
      "Interest Income": 406300000.0,
      "Normalized Income": 752244550.4,
      "Net Income From Continuing And Discontinued Operation": 713055000.0,
      "Diluted Average Shares": 738608157.0,
      "Basic Average Shares": 735715806.0,
      "Diluted EPS": 0.965,
      "Basic EPS": 0.969,
      "Diluted NI Availto Com Stockholders": 713055000.0,
      "Net Income Common Stockholders": 713055000.0,
      "Net Income": 713055000.0,
      "Net Income Including Noncontrolling Interests": 713055000.0,
      "Net Income Discontinuous Operations": null,
      "Net Income Continuous Operations": 713055000.0,
      "Tax Provision": 177412000.0,
      "Pretax Income": 890467000.0,
      "Special Income Charges": -48938000.0,
      "Other Special Charges": 34000.0,
      "Impairment Of Capital Assets": 48904000.0,
      "Gain On Sale Of Security": 2008883000.0,
      "Operating Expense": 5430943000.0,
      "Other Operating Expenses": 64509000.0,
      "Selling General And Administration": 329340000.0,
      "Selling And Marketing Expense": 34779000.0,
      "General And Administrative Expense": 294561000.0,
      "Insurance And Claims": 4761710000.0,
      "Rent And Landing Fees": 17660000.0,
      "Total Revenue": 6396595000.0,
      "Operating Revenue": 6396595000.0
    }
  },
  "quarterly_income": {
    "2025-09-30T00:00:00": {
      "Tax Effect Of Unusual Items": -3188784.095961,
      "Tax Rate For Calcs": 0.247634,
      "Total Unusual Items": -12877000.0,
      "Total Unusual Items Excluding Goodwill": -12877000.0,
      "Net Income From Continuing Operation Net Minority Interest": 248757000.0,
      "Reconciled Depreciation": null,
      "Net Interest Income": 228438000.0,
      "Interest Expense": 71445000.0,
      "Interest Income": 299883000.0,
      "Normalized Income": 258445215.904039,
      "Net Income From Continuing And Discontinued Operation": 248757000.0,
      "Diluted Average Shares": null,
      "Basic Average Shares": null,
      "Diluted EPS": null,
      "Basic EPS": null,
      "Diluted NI Availto Com Stockholders": 248757000.0,
      "Net Income Common Stockholders": 248757000.0,
      "Net Income": 248757000.0,
      "Net Income Including Noncontrolling Interests": 248757000.0,
      "Net Income Discontinuous Operations": null,
      "Net Income Continuous Operations": 248757000.0,
      "Tax Provision": 81876000.0,
      "Pretax Income": 330633000.0,
      "Other Non Operating Income Expenses": 1713000.0,
      "Special Income Charges": -12877000.0,
      "Impairment Of Capital Assets": 12877000.0,
      "Gain On Sale Of Security": 830140000.0,
      "Operating Expense": 178434000.0,
      "Other Operating Expenses": -1955000.0,
      "Depreciation And Amortization In Income Statement": null,
      "Amortization": null,
      "Depreciation Income Statement": null,
      "Selling General And Administration": 116646000.0,
      "General And Administrative Expense": 138546000.0,
      "Total Revenue": 543949000.0,
      "Operating Revenue": 543949000.0
    },
    "2025-06-30T00:00:00": {
      "Tax Effect Of Unusual Items": 0.0,
      "Tax Rate For Calcs": 0.238685,
      "Total Unusual Items": -12527000.0,
      "Total Unusual Items Excluding Goodwill": -12527000.0,
      "Net Income From Continuing Operation Net Minority Interest": 233955000.0,
      "Reconciled Depreciation": null,
      "Net Interest Income": 205663000.0,
      "Interest Expense": 106219000.0,
      "Interest Income": 311882000.0,
      "Normalized Income": 233955000.0,
      "Net Income From Continuing And Discontinued Operation": 233955000.0,
      "Diluted Average Shares": null,
      "Basic Average Shares": null,
      "Diluted EPS": null,
      "Basic EPS": null,
      "Diluted NI Availto Com Stockholders": 233955000.0,
      "Net Income Common Stockholders": 233955000.0,
      "Net Income": 233955000.0,
      "Net Income Including Noncontrolling Interests": 233955000.0,
      "Net Income Discontinuous Operations": null,
      "Net Income Continuous Operations": 233955000.0,
      "Tax Provision": 73349000.0,
      "Pretax Income": 307304000.0,
      "Other Non Operating Income Expenses": 9610000.0,
      "Special Income Charges": -12527000.0,
      "Impairment Of Capital Assets": 12527000.0,
      "Gain On Sale Of Security": 352418000.0,
      "Operating Expense": 199397000.0,
      "Other Operating Expenses": 1955000.0,
      "Depreciation And Amortization In Income Statement": null,
      "Amortization": null,
      "Depreciation Income Statement": null,
      "Selling General And Administration": 107979000.0,
      "General And Administrative Expense": 86079000.0,
      "Total Revenue": 547434000.0,
      "Operating Revenue": 547434000.0
    },
    "2025-03-31T00:00:00": {
      "Tax Effect Of Unusual Items": 0.0,
      "Tax Rate For Calcs": 0.26266,
      "Total Unusual Items": -10848000.0,
      "Total Unusual Items Excluding Goodwill": -10848000.0,
      "Net Income From Continuing Operation Net Minority Interest": 243337000.0,
      "Reconciled Depreciation": 10848000.0,
      "Net Interest Income": 191795000.0,
      "Interest Expense": 132112000.0,
      "Interest Income": 323907000.0,
      "Normalized Income": 243337000.0,
      "Net Income From Continuing And Discontinued Operation": 243337000.0,
      "Diluted Average Shares": 737515701.0,
      "Basic Average Shares": 737515701.0,
      "Diluted EPS": 0.329941,
      "Basic EPS": 0.329941,
      "Diluted NI Availto Com Stockholders": 243337000.0,
      "Net Income Common Stockholders": 243337000.0,
      "Net Income": 243337000.0,
      "Net Income Including Noncontrolling Interests": 243337000.0,
      "Net Income Discontinuous Operations": null,
      "Net Income Continuous Operations": 243337000.0,
      "Tax Provision": 86683000.0,
      "Pretax Income": 330020000.0,
      "Other Non Operating Income Expenses": 3638000.0,
      "Special Income Charges": -10848000.0,
      "Impairment Of Capital Assets": 10848000.0,
      "Gain On Sale Of Security": -834497000.0,
      "Operating Expense": 201256000.0,
      "Other Operating Expenses": 0.0,
      "Depreciation And Amortization In Income Statement": 10848000.0,
      "Amortization": 6138000.0,
      "Depreciation Income Statement": 4710000.0,
      "Selling General And Administration": 106370000.0,
      "General And Administrative Expense": 106370000.0,
      "Total Revenue": 547501000.0,
      "Operating Revenue": 547501000.0
    },
    "2024-12-31T00:00:00": {
      "Tax Effect Of Unusual Items": -4518791.525347,
      "Tax Rate For Calcs": 0.198785,
      "Total Unusual Items": -22732000.0,
      "Total Unusual Items Excluding Goodwill": -22732000.0,
      "Net Income From Continuing Operation Net Minority Interest": 445295000.0,
      "Reconciled Depreciation": null,
      "Net Interest Income": 217106000.0,
      "Interest Expense": 132878000.0,
      "Interest Income": 349984000.0,
      "Normalized Income": 463508208.474653,
      "Net Income From Continuing And Discontinued Operation": 445295000.0,
      "Diluted Average Shares": null,
      "Basic Average Shares": null,
      "Diluted EPS": null,
      "Basic EPS": null,
      "Diluted NI Availto Com Stockholders": 445295000.0,
      "Net Income Common Stockholders": 445295000.0,
      "Net Income": 445295000.0,
      "Net Income Including Noncontrolling Interests": 445295000.0,
      "Net Income Discontinuous Operations": 0.0,
      "Net Income Continuous Operations": 445295000.0,
      "Tax Provision": 110480000.0,
      "Pretax Income": 555775000.0,
      "Other Non Operating Income Expenses": null,
      "Special Income Charges": -22732000.0,
      "Impairment Of Capital Assets": 22721000.0,
      "Gain On Sale Of Security": -3641886000.0,
      "Operating Expense": 297122000.0,
      "Other Operating Expenses": 92201000.0,
      "Depreciation And Amortization In Income Statement": null,
      "Amortization": null,
      "Depreciation Income Statement": null,
      "Selling General And Administration": 77575000.0,
      "General And Administrative Expense": 41763000.0,
      "Total Revenue": 858460000.0,
      "Operating Revenue": 858460000.0
    },
    "2024-09-30T00:00:00": {
      "Tax Effect Of Unusual Items": -3329488.918362,
      "Tax Rate For Calcs": 0.25774,
      "Total Unusual Items": -12918000.0,
      "Total Unusual Items Excluding Goodwill": -12918000.0,
      "Net Income From Continuing Operation Net Minority Interest": 224420000.0,
      "Reconciled Depreciation": null,
      "Net Interest Income": 202308000.0,
      "Interest Expense": 164380000.0,
      "Interest Income": 366688000.0,
      "Normalized Income": 234008511.081638,
      "Net Income From Continuing And Discontinued Operation": 224420000.0,
      "Diluted Average Shares": null,
      "Basic Average Shares": null,
      "Diluted EPS": null,
      "Basic EPS": null,
      "Diluted NI Availto Com Stockholders": 224420000.0,
      "Net Income Common Stockholders": 224420000.0,
      "Net Income": 224420000.0,
      "Net Income Including Noncontrolling Interests": 224420000.0,
      "Net Income Discontinuous Operations": 0.0,
      "Net Income Continuous Operations": 224420000.0,
      "Tax Provision": 77927000.0,
      "Pretax Income": 302347000.0,
      "Other Non Operating Income Expenses": 5845000.0,
      "Special Income Charges": -12918000.0,
      "Impairment Of Capital Assets": 12918000.0,
      "Gain On Sale Of Security": 197482000.0,
      "Operating Expense": 171827000.0,
      "Other Operating Expenses": -2245000.0,
      "Depreciation And Amortization In Income Statement": null,
      "Amortization": null,
      "Depreciation Income Statement": null,
      "Selling General And Administration": 116425000.0,
      "General And Administrative Expense": 136138000.0,
      "Total Revenue": 495772000.0,
      "Operating Revenue": 495772000.0
    },
    "2024-06-30T00:00:00": {
      "Tax Effect Of Unusual Items": null,
      "Tax Rate For Calcs": null,
      "Total Unusual Items": null,
      "Total Unusual Items Excluding Goodwill": null,
      "Net Income From Continuing Operation Net Minority Interest": null,
      "Reconciled Depreciation": null,
      "Net Interest Income": null,
      "Interest Expense": null,
      "Interest Income": null,
      "Normalized Income": null,
      "Net Income From Continuing And Discontinued Operation": null,
      "Diluted Average Shares": null,
      "Basic Average Shares": null,
      "Diluted EPS": null,
      "Basic EPS": null,
      "Diluted NI Availto Com Stockholders": null,
      "Net Income Common Stockholders": null,
      "Net Income": null,
      "Net Income Including Noncontrolling Interests": null,
      "Net Income Discontinuous Operations": null,
      "Net Income Continuous Operations": null,
      "Tax Provision": null,
      "Pretax Income": null,
      "Other Non Operating Income Expenses": -207000.0,
      "Special Income Charges": null,
      "Impairment Of Capital Assets": null,
      "Gain On Sale Of Security": null,
      "Operating Expense": null,
      "Other Operating Expenses": null,
      "Depreciation And Amortization In Income Statement": null,
      "Amortization": null,
      "Depreciation Income Statement": null,
      "Selling General And Administration": null,
      "General And Administrative Expense": null,
      "Total Revenue": null,
      "Operating Revenue": null
    }
  },
  "balance_sheet": {
    "2024-12-31T00:00:00": {
      "Treasury Shares Number": 7893303.0,
      "Ordinary Shares Number": 737385088.0,
      "Share Issued": 745278391.0,
      "Total Debt": 396877000.0,
      "Tangible Book Value": 3812806000.0,
      "Invested Capital": 4352769000.0,
      "Net Tangible Assets": 3812806000.0,
      "Common Stock Equity": 4025720000.0,
      "Total Capitalization": 4352769000.0,
      "Total Equity Gross Minority Interest": 4025720000.0,
      "Stockholders Equity": 4025720000.0,
      "Treasury Stock": 77414000.0,
      "Retained Earnings": 1119629000.0,
      "Additional Paid In Capital": 9082000.0,
      "Capital Stock": 600688000.0,
      "Common Stock": 600688000.0,
      "Total Liabilities Net Minority Interest": 82128552000.0,
      "Derivative Product Liabilities": 0.0,
      "Long Term Debt And Capital Lease Obligation": 396877000.0,
      "Payables": 1241559000.0,
      "Other Payable": 318201000.0,
      "Total Tax Payable": 744247000.0,
      "Accounts Payable": 179111000.0,
      "Total Assets": 86154272000.0,
      "Investments And Advances": 3752246000.0,
      "Investmentin Financial Assets": 3752246000.0,
      "Financial Assets Designatedas Fair Value Through Profitor Loss Total": 3005894000.0,
      "Trading Securities": 415915000.0,
      "Goodwill And Other Intangible Assets": 212914000.0,
      "Other Intangible Assets": 87289000.0,
      "Goodwill": 125625000.0,
      "Net PPE": 209693000.0,
      "Prepaid Assets": 51459000.0,
      "Receivables": 368052000.0,
      "Taxes Receivable": 1536609000.0,
      "Cash And Cash Equivalents": 1282699000.0,
      "Cash Financial": 2818000.0,
      "Cash Cash Equivalents And Federal Funds Sold": 1282699000.0
    },
    "2023-12-31T00:00:00": {
      "Treasury Shares Number": 2899295.0,
      "Ordinary Shares Number": 741140846.0,
      "Share Issued": 744040141.0,
      "Total Debt": 385998000.0,
      "Tangible Book Value": 3247871000.0,
      "Invested Capital": 3777593000.0,
      "Net Tangible Assets": 3247871000.0,
      "Common Stock Equity": 3454740000.0,
      "Total Capitalization": 3777593000.0,
      "Total Equity Gross Minority Interest": 3454740000.0,
      "Stockholders Equity": 3454740000.0,
      "Treasury Stock": 19781000.0,
      "Retained Earnings": 821870000.0,
      "Additional Paid In Capital": 7035000.0,
      "Capital Stock": 600564000.0,
      "Common Stock": 600564000.0,
      "Total Liabilities Net Minority Interest": 74376111000.0,
      "Derivative Product Liabilities": 3605000.0,
      "Long Term Debt And Capital Lease Obligation": 385998000.0,
      "Payables": 884562000.0,
      "Other Payable": 304471000.0,
      "Total Tax Payable": 431294000.0,
      "Accounts Payable": 148797000.0,
      "Total Assets": 77830851000.0,
      "Investments And Advances": 4554530000.0,
      "Investmentin Financial Assets": 4554530000.0,
      "Financial Assets Designatedas Fair Value Through Profitor Loss Total": 3509432000.0,
      "Trading Securities": 998743000.0,
      "Goodwill And Other Intangible Assets": 206869000.0,
      "Other Intangible Assets": 81244000.0,
      "Goodwill": 125625000.0,
      "Net PPE": 212514000.0,
      "Prepaid Assets": 48813000.0,
      "Receivables": 240836000.0,
      "Taxes Receivable": 1397286000.0,
      "Cash And Cash Equivalents": 384777000.0,
      "Cash Financial": 3065000.0,
      "Cash Cash Equivalents And Federal Funds Sold": 384777000.0
    },
    "2022-12-31T00:00:00": {
      "Treasury Shares Number": 4858190.0,
      "Ordinary Shares Number": 738062701.0,
      "Share Issued": 742920891.0,
      "Total Debt": 372293000.0,
      "Tangible Book Value": 2740208000.0,
      "Invested Capital": 3250233000.0,
      "Net Tangible Assets": 2740208000.0,
      "Common Stock Equity": 2947990000.0,
      "Total Capitalization": 3250233000.0,
      "Total Equity Gross Minority Interest": 2947990000.0,
      "Stockholders Equity": 2947990000.0,
      "Treasury Stock": 33146000.0,
      "Retained Earnings": 506829000.0,
      "Additional Paid In Capital": 5297000.0,
      "Capital Stock": 600452000.0,
      "Common Stock": 600452000.0,
      "Total Liabilities Net Minority Interest": 70670147000.0,
      "Derivative Product Liabilities": 2594000.0,
      "Long Term Debt And Capital Lease Obligation": 372293000.0,
      "Payables": 749716000.0,
      "Other Payable": 377719000.0,
      "Total Tax Payable": 212675000.0,
      "Accounts Payable": 159322000.0,
      "Total Assets": 73618137000.0,
      "Investments And Advances": 4493898000.0,
      "Investmentin Financial Assets": 4493898000.0,
      "Financial Assets Designatedas Fair Value Through Profitor Loss Total": 3324793000.0,
      "Trading Securities": 1147964000.0,
      "Goodwill And Other Intangible Assets": 207782000.0,
      "Other Intangible Assets": 82157000.0,
      "Goodwill": 125625000.0,
      "Net PPE": 229248000.0,
      "Prepaid Assets": 46749000.0,
      "Receivables": 194660000.0,
      "Taxes Receivable": 1061928000.0,
      "Cash And Cash Equivalents": 2754107000.0,
      "Cash Financial": 2999000.0,
      "Cash Cash Equivalents And Federal Funds Sold": 2754107000.0
    },
    "2021-12-31T00:00:00": {
      "Treasury Shares Number": 5664088.0,
      "Ordinary Shares Number": 736441727.0,
      "Share Issued": 742105815.0,
      "Total Debt": 68009000.0,
      "Tangible Book Value": 2671903000.0,
      "Invested Capital": 2884066000.0,
      "Net Tangible Assets": 2671903000.0,
      "Common Stock Equity": 2882815000.0,
      "Total Capitalization": 2884066000.0,
      "Total Equity Gross Minority Interest": 2882815000.0,
      "Stockholders Equity": 2882815000.0,
      "Treasury Stock": 38644000.0,
      "Retained Earnings": 713055000.0,
      "Additional Paid In Capital": 4364000.0,
      "Capital Stock": 600370000.0,
      "Common Stock": 600370000.0,
      "Total Liabilities Net Minority Interest": 70639555000.0,
      "Derivative Product Liabilities": 19936000.0,
      "Long Term Debt And Capital Lease Obligation": 68009000.0,
      "Payables": 1040578000.0,
      "Other Payable": 397407000.0,
      "Total Tax Payable": 479422000.0,
      "Accounts Payable": 163749000.0,
      "Total Assets": 73522370000.0,
      "Investments And Advances": 3922734000.0,
      "Investmentin Financial Assets": 3922734000.0,
      "Financial Assets Designatedas Fair Value Through Profitor Loss Total": 3564717000.0,
      "Trading Securities": 244217000.0,
      "Goodwill And Other Intangible Assets": 210912000.0,
      "Other Intangible Assets": 77987000.0,
      "Goodwill": 132925000.0,
      "Net PPE": 249095000.0,
      "Prepaid Assets": 37775000.0,
      "Receivables": 358640000.0,
      "Taxes Receivable": 666936000.0,
      "Cash And Cash Equivalents": 5316667000.0,
      "Cash Financial": 199804000.0,
      "Cash Cash Equivalents And Federal Funds Sold": 5316667000.0
    }
  },
  "cashflow": {
    "2024-12-31T00:00:00": {
      "Free Cash Flow": 1095707000.0,
      "Capital Expenditure": -56479000.0,
      "End Cash Position": 684440000.0,
      "Beginning Cash Position": 188134000.0,
      "Changes In Cash": 496306000.0,
      "Financing Cash Flow": -640359000.0,
      "Cash Dividends Paid": -584897000.0,
      "Common Stock Dividend Paid": -584897000.0,
      "Net Common Stock Issuance": -55462000.0,
      "Investing Cash Flow": -15521000.0,
      "Dividends Received Cfi": 36125000.0,
      "Net Intangibles Purchase And Sale": -40921000.0,
      "Purchase Of Intangibles": -40921000.0,
      "Net PPE Purchase And Sale": -10725000.0,
      "Sale Of PPE": 4833000.0,
      "Purchase Of PPE": -15558000.0,
      "Operating Cash Flow": 1152186000.0,
      "Change In Working Capital": -351874000.0,
      "Change In Other Current Liabilities": 160175000.0,
      "Change In Other Current Assets": 552964000.0,
      "Other Non Cash Items": 2701177000.0,
      "Provisionand Write Offof Assets": 123604000.0,
      "Deferred Tax": -69717000.0,
      "Gain Loss On Investment Securities": -2401261000.0,
      "Net Income From Continuing Operations": 1119629000.0
    },
    "2023-12-31T00:00:00": {
      "Free Cash Flow": -1806301000.0,
      "Capital Expenditure": -52269000.0,
      "End Cash Position": 188134000.0,
      "Beginning Cash Position": 2351741000.0,
      "Changes In Cash": -2163607000.0,
      "Financing Cash Flow": -385646000.0,
      "Cash Dividends Paid": -400861000.0,
      "Common Stock Dividend Paid": -400861000.0,
      "Net Common Stock Issuance": 15215000.0,
      "Investing Cash Flow": -23929000.0,
      "Dividends Received Cfi": 28340000.0,
      "Net Intangibles Purchase And Sale": -38993000.0,
      "Purchase Of Intangibles": -38993000.0,
      "Net PPE Purchase And Sale": -13276000.0,
      "Sale Of PPE": null,
      "Purchase Of PPE": -13276000.0,
      "Operating Cash Flow": -1754032000.0,
      "Change In Working Capital": -3021623000.0,
      "Change In Other Current Liabilities": 176210000.0,
      "Change In Other Current Assets": 166968000.0,
      "Other Non Cash Items": 1862106000.0,
      "Provisionand Write Offof Assets": 95496000.0,
      "Deferred Tax": 114863000.0,
      "Gain Loss On Investment Securities": -1659490000.0,
      "Net Income From Continuing Operations": 821870000.0
    },
    "2022-12-31T00:00:00": {
      "Free Cash Flow": 2238801000.0,
      "Capital Expenditure": -59483000.0,
      "End Cash Position": 2351741000.0,
      "Beginning Cash Position": 519025000.0,
      "Changes In Cash": 1832716000.0,
      "Financing Cash Flow": -431506000.0,
      "Cash Dividends Paid": -438019000.0,
      "Common Stock Dividend Paid": -438019000.0,
      "Net Common Stock Issuance": 6513000.0,
      "Investing Cash Flow": -34062000.0,
      "Dividends Received Cfi": 25421000.0,
      "Net Intangibles Purchase And Sale": -37456000.0,
      "Purchase Of Intangibles": -37456000.0,
      "Net PPE Purchase And Sale": -22027000.0,
      "Sale Of PPE": null,
      "Purchase Of PPE": -22027000.0,
      "Operating Cash Flow": 2298284000.0,
      "Change In Working Capital": 2275799000.0,
      "Change In Other Current Liabilities": 126938000.0,
      "Change In Other Current Assets": 242901000.0,
      "Other Non Cash Items": -2746294000.0,
      "Provisionand Write Offof Assets": 104155000.0,
      "Deferred Tax": -85975000.0,
      "Gain Loss On Investment Securities": 2243770000.0,
      "Net Income From Continuing Operations": 506829000.0
    },
    "2021-12-31T00:00:00": {
      "Free Cash Flow": 848493000.0,
      "Capital Expenditure": -60808000.0,
      "End Cash Position": 519025000.0,
      "Beginning Cash Position": 385837000.0,
      "Changes In Cash": 133188000.0,
      "Financing Cash Flow": -737969000.0,
      "Cash Dividends Paid": -743706000.0,
      "Common Stock Dividend Paid": -743706000.0,
      "Net Common Stock Issuance": 5737000.0,
      "Investing Cash Flow": -38144000.0,
      "Dividends Received Cfi": 22664000.0,
      "Net Intangibles Purchase And Sale": -37561000.0,
      "Purchase Of Intangibles": -37561000.0,
      "Net PPE Purchase And Sale": -23247000.0,
      "Sale Of PPE": null,
      "Purchase Of PPE": -23247000.0,
      "Operating Cash Flow": 909301000.0,
      "Change In Working Capital": -2287678000.0,
      "Change In Other Current Liabilities": -370942000.0,
      "Change In Other Current Assets": -172046000.0,
      "Other Non Cash Items": 3381901000.0,
      "Provisionand Write Offof Assets": 121909000.0,
      "Deferred Tax": 14076000.0,
      "Gain Loss On Investment Securities": -1034196000.0,
      "Net Income From Continuing Operations": 713055000.0
    }
  },
  "earnings_estimate": {
    "avg": {
      "0q": 0.34176,
      "+1q": 0.34279,
      "0y": 1.40926,
      "+1y": 1.47966
    },
    "low": {
      "0q": 0.34176,
      "+1q": 0.34279,
      "0y": 1.346,
      "+1y": 1.386
    },
    "high": {
      "0q": 0.34176,
      "+1q": 0.34279,
      "0y": 1.5001,
      "+1y": 1.62014
    },
    "yearAgoEps": {
      "0q": 0.3271,
      "+1q": 0.315,
      "0y": null,
      "+1y": 1.40926
    },
    "numberOfAnalysts": {
      "0q": 1,
      "+1q": 1,
      "0y": 8,
      "+1y": 8
    },
    "growth": {
      "0q": 0.0448,
      "+1q": 0.088199995,
      "0y": null,
      "+1y": 0.05
    }
  },
  "revenue_estimate": {
    "avg": {
      "0q": 0,
      "+1q": 0,
      "0y": 2332398440,
      "+1y": 2492553790
    },
    "low": {
      "0q": 0,
      "+1q": 0,
      "0y": 2257954240,
      "+1y": 2370181780
    },
    "high": {
      "0q": 0,
      "+1q": 0,
      "0y": 2447241090,
      "+1y": 2571272090
    },
    "numberOfAnalysts": {
      "0q": 0,
      "+1q": 0,
      "0y": 3,
      "+1y": 5
    },
    "yearAgoRevenue": {
      "0q": null,
      "+1q": null,
      "0y": 3598300000.0,
      "+1y": 2332398440.0
    },
    "growth": {
      "0q": null,
      "+1q": null,
      "0y": -0.3518,
      "+1y": 0.0687
    }
  },
  "growth_estimates": {
    "stockTrend": {
      "0q": 0.0448,
      "+1q": 0.088199995,
      "0y": null,
      "+1y": 0.05,
      "LTG": null
    },
    "indexTrend": {
      "0q": 0.1273,
      "+1q": 0.103599995,
      "0y": 0.14310001,
      "+1y": 0.1557,
      "LTG": 0.122
    }
  },
  "revenue_forecasts": null,
  "dividend_rate": 1.2,
  "trailing_dividend_rate": 1.25
}