{
  "ticker": "BMO.TO",
  "name": "BMO",
  "country": "canada",
  "currency": "CAD",
  "last_fetched": "2026-02-26T20:51:24.290442",
  "market_cap": 145446092800,
  "revenue": 33479999488,
  "net_income": 8613000192,
  "pe_ratio": 17.749126,
  "forward_pe": 12.663525,
  "dividend_yield": 3.3,
  "profit_margin": 0.27076,
  "roe": null,
  "debt_to_equity": null,
  "beta": null,
  "ev_to_ebitda": null,
  "sector": "Financial Services",
  "industry": "Banks - Diversified",
  "summary": "Bank of Montreal engages in the provision of diversified financial services primarily in North America. The company operates through Canadian P&C, U.S P&C, BMO Wealth Management, and BMO Capital Markets segments. It's personal banking products and services include deposits, home lending, consumer credit, small business lending, credit cards, cash management, financial and investment advice, and other banking services; and commercial banking products and services comprise various of financing options and treasury and payment solutions, as well as risk management products. It also offers investing, banking, and wealth management advisory; digital investing services; financial solutions for individuals, families, and businesses; offers investment management services to institutional, retail, and high net worth investors; and diversified insurance, and wealth and pension de-risking solutions. In addition, the company provides individual life, critical illness and annuity products, as well as segregated funds, and group creditor and travel insurance to customers; debt and equity capital-raising, loan origination and syndication, balance sheet management, treasury management, mergers and acquisitions advice, restructurings and recapitalizations, trade finance, and risk mitigation services, as well as a range of banking and other operating services. Further, the company offers research and access to financial markets for institutional, corporate and retail clients through an integrated suite of sales and trading solutions related to debt, foreign exchange, interest rates, credit, equities, securitization, and commodities; provides new product development and origination services, as well as risk management and advisory services for hedging strategies, including in interest rates, foreign exchange rates and commodities prices; and funding and liquidity management services. Bank of Montreal was founded in 1817 and is headquartered in Montreal, Canada.",
  "website": "https://www.bmo.com",
  "employees": 53234,
  "target_high": 224.0,
  "target_low": 171.0,
  "target_mean": 200.66667,
  "target_median": 206.0,
  "recommendation": "hold",
  "num_analysts": 15,
  "income_stmt": {
    "2025-10-31T00:00:00": {
      "Tax Effect Of Unusual Items": -47040000.0,
      "Tax Rate For Calcs": 0.245,
      "Total Unusual Items": -192000000.0,
      "Total Unusual Items Excluding Goodwill": -192000000.0,
      "Net Income From Continuing Operation Net Minority Interest": 8709000000.0,
      "Reconciled Depreciation": 2180000000.0,
      "Net Interest Income": 21487000000.0,
      "Interest Expense": 42050000000.0,
      "Interest Income": 63537000000.0,
      "Normalized Income": 8853960000.0,
      "Net Income From Continuing And Discontinued Operation": 8709000000.0,
      "Diluted Average Shares": 723267000.0,
      "Basic Average Shares": 721926000.0,
      "Diluted EPS": 11.44,
      "Basic EPS": 11.46,
      "Diluted NI Availto Com Stockholders": 8273000000.0,
      "Net Income Common Stockholders": 8273000000.0,
      "Preferred Stock Dividends": 436000000.0,
      "Net Income": 8709000000.0,
      "Minority Interests": -16000000.0,
      "Net Income Including Noncontrolling Interests": 8725000000.0,
      "Net Income Continuous Operations": 8725000000.0,
      "Tax Provision": 2825000000.0,
      "Pretax Income": 11550000000.0,
      "Special Income Charges": -192000000.0,
      "Gain On Sale Of Business": -102000000.0,
      "Other Special Charges": -19000000.0,
      "Impairment Of Capital Assets": 92000000.0,
      "Restructuring And Mergern Acquisition": 17000000.0,
      "Gain On Sale Of Security": 287000000.0,
      "Depreciation Amortization Depletion Income Statement": 1152000000.0,
      "Depreciation And Amortization In Income Statement": 1152000000.0,
      "Amortization": 1152000000.0,
      "Amortization Of Intangibles Income Statement": 1152000000.0,
      "Selling General And Administration": 12824000000.0,
      "Selling And Marketing Expense": 806000000.0,
      "General And Administrative Expense": 12018000000.0,
      "Insurance And Claims": null,
      "Salaries And Wages": 12018000000.0,
      "Total Revenue": 36099000000.0,
      "Operating Revenue": 36099000000.0,
      "Occupancy And Equipment": 4468000000.0,
      "Professional Expense And Contract Services Expense": 678000000.0,
      "Other Non Interest Expense": 1793000000.0
    },
    "2024-10-31T00:00:00": {
      "Tax Effect Of Unusual Items": 106720000.0,
      "Tax Rate For Calcs": 0.232,
      "Total Unusual Items": 460000000.0,
      "Total Unusual Items Excluding Goodwill": 460000000.0,
      "Net Income From Continuing Operation Net Minority Interest": 7318000000.0,
      "Reconciled Depreciation": 2110000000.0,
      "Net Interest Income": 19468000000.0,
      "Interest Expense": 46517000000.0,
      "Interest Income": 65985000000.0,
      "Normalized Income": 6964720000.0,
      "Net Income From Continuing And Discontinued Operation": 7318000000.0,
      "Diluted Average Shares": 728535000.0,
      "Basic Average Shares": 727738000.0,
      "Diluted EPS": 9.51,
      "Basic EPS": 9.52,
      "Diluted NI Availto Com Stockholders": 6932000000.0,
      "Net Income Common Stockholders": 6932000000.0,
      "Preferred Stock Dividends": 386000000.0,
      "Net Income": 7318000000.0,
      "Minority Interests": -9000000.0,
      "Net Income Including Noncontrolling Interests": 7327000000.0,
      "Net Income Continuous Operations": 7327000000.0,
      "Tax Provision": 2208000000.0,
      "Pretax Income": 9535000000.0,
      "Special Income Charges": 460000000.0,
      "Gain On Sale Of Business": 0.0,
      "Other Special Charges": -659000000.0,
      "Impairment Of Capital Assets": 27000000.0,
      "Restructuring And Mergern Acquisition": 172000000.0,
      "Gain On Sale Of Security": 200000000.0,
      "Depreciation Amortization Depletion Income Statement": 1112000000.0,
      "Depreciation And Amortization In Income Statement": 1112000000.0,
      "Amortization": 1112000000.0,
      "Amortization Of Intangibles Income Statement": 1112000000.0,
      "Selling General And Administration": 11709000000.0,
      "Selling And Marketing Expense": 837000000.0,
      "General And Administrative Expense": 10872000000.0,
      "Insurance And Claims": null,
      "Salaries And Wages": 10872000000.0,
      "Total Revenue": 32041000000.0,
      "Operating Revenue": 32041000000.0,
      "Occupancy And Equipment": 4117000000.0,
      "Professional Expense And Contract Services Expense": 583000000.0,
      "Other Non Interest Expense": 1891000000.0
    },
    "2023-10-31T00:00:00": {
      "Tax Effect Of Unusual Items": -1216152000.0,
      "Tax Rate For Calcs": 0.254,
      "Total Unusual Items": -4788000000.0,
      "Total Unusual Items Excluding Goodwill": -4788000000.0,
      "Net Income From Continuing Operation Net Minority Interest": 4425000000.0,
      "Reconciled Depreciation": 2092000000.0,
      "Net Interest Income": 18681000000.0,
      "Interest Expense": 36893000000.0,
      "Interest Income": 55574000000.0,
      "Normalized Income": 7996848000.0,
      "Net Income From Continuing And Discontinued Operation": 4425000000.0,
      "Diluted Average Shares": 710515000.0,
      "Basic Average Shares": 709364000.0,
      "Diluted EPS": 5.76,
      "Basic EPS": 5.77,
      "Diluted NI Availto Com Stockholders": 4094000000.0,
      "Net Income Common Stockholders": 4094000000.0,
      "Preferred Stock Dividends": 331000000.0,
      "Net Income": 4425000000.0,
      "Minority Interests": -12000000.0,
      "Net Income Including Noncontrolling Interests": 4437000000.0,
      "Net Income Continuous Operations": 4437000000.0,
      "Tax Provision": 1510000000.0,
      "Pretax Income": 5947000000.0,
      "Special Income Charges": -4788000000.0,
      "Gain On Sale Of Business": 0.0,
      "Other Special Charges": 27000000.0,
      "Impairment Of Capital Assets": null,
      "Restructuring And Mergern Acquisition": 4761000000.0,
      "Gain On Sale Of Security": 180000000.0,
      "Depreciation Amortization Depletion Income Statement": 1008000000.0,
      "Depreciation And Amortization In Income Statement": 1008000000.0,
      "Amortization": 1008000000.0,
      "Amortization Of Intangibles Income Statement": 1008000000.0,
      "Selling General And Administration": 12272000000.0,
      "Selling And Marketing Expense": 812000000.0,
      "General And Administrative Expense": 11460000000.0,
      "Insurance And Claims": 1939000000.0,
      "Salaries And Wages": 11460000000.0,
      "Total Revenue": 31115000000.0,
      "Operating Revenue": 31115000000.0,
      "Occupancy And Equipment": 4870000000.0,
      "Professional Expense And Contract Services Expense": 863000000.0,
      "Other Non Interest Expense": 79000000.0
    },
    "2022-10-31T00:00:00": {
      "Tax Effect Of Unusual Items": 1508544000.0,
      "Tax Rate For Calcs": 0.243,
      "Total Unusual Items": 6208000000.0,
      "Total Unusual Items Excluding Goodwill": 6208000000.0,
      "Net Income From Continuing Operation Net Minority Interest": 13537000000.0,
      "Reconciled Depreciation": 1480000000.0,
      "Net Interest Income": 15885000000.0,
      "Interest Expense": 11012000000.0,
      "Interest Income": 26897000000.0,
      "Normalized Income": 8837544000.0,
      "Net Income From Continuing And Discontinued Operation": 13537000000.0,
      "Diluted Average Shares": 665707000.0,
      "Basic Average Shares": 663990000.0,
      "Diluted EPS": 19.99,
      "Basic EPS": 20.04,
      "Diluted NI Availto Com Stockholders": 13306000000.0,
      "Net Income Common Stockholders": 13306000000.0,
      "Preferred Stock Dividends": 231000000.0,
      "Net Income": 13537000000.0,
      "Minority Interests": 0.0,
      "Net Income Including Noncontrolling Interests": 13537000000.0,
      "Net Income Continuous Operations": 13537000000.0,
      "Tax Provision": 4349000000.0,
      "Pretax Income": 17886000000.0,
      "Special Income Charges": 6208000000.0,
      "Gain On Sale Of Business": -37000000.0,
      "Other Special Charges": 1142000000.0,
      "Impairment Of Capital Assets": null,
      "Restructuring And Mergern Acquisition": -7387000000.0,
      "Gain On Sale Of Security": 281000000.0,
      "Depreciation Amortization Depletion Income Statement": 604000000.0,
      "Depreciation And Amortization In Income Statement": 604000000.0,
      "Amortization": 604000000.0,
      "Amortization Of Intangibles Income Statement": 604000000.0,
      "Selling General And Administration": 8629000000.0,
      "Selling And Marketing Expense": 517000000.0,
      "General And Administrative Expense": 8112000000.0,
      "Insurance And Claims": -683000000.0,
      "Salaries And Wages": 8795000000.0,
      "Total Revenue": 26259000000.0,
      "Operating Revenue": 26259000000.0,
      "Occupancy And Equipment": 3635000000.0,
      "Professional Expense And Contract Services Expense": 788000000.0,
      "Other Non Interest Expense": 886000000.0
    },
    "2021-10-31T00:00:00": {
      "Tax Effect Of Unusual Items": null,
      "Tax Rate For Calcs": null,
      "Total Unusual Items": null,
      "Total Unusual Items Excluding Goodwill": null,
      "Net Income From Continuing Operation Net Minority Interest": null,
      "Reconciled Depreciation": null,
      "Net Interest Income": null,
      "Interest Expense": null,
      "Interest Income": null,
      "Normalized Income": null,
      "Net Income From Continuing And Discontinued Operation": null,
      "Diluted Average Shares": null,
      "Basic Average Shares": null,
      "Diluted EPS": null,
      "Basic EPS": null,
      "Diluted NI Availto Com Stockholders": null,
      "Net Income Common Stockholders": null,
      "Preferred Stock Dividends": null,
      "Net Income": null,
      "Minority Interests": null,
      "Net Income Including Noncontrolling Interests": null,
      "Net Income Continuous Operations": null,
      "Tax Provision": null,
      "Pretax Income": null,
      "Special Income Charges": null,
      "Gain On Sale Of Business": null,
      "Other Special Charges": null,
      "Impairment Of Capital Assets": null,
      "Restructuring And Mergern Acquisition": null,
      "Gain On Sale Of Security": null,
      "Depreciation Amortization Depletion Income Statement": null,
      "Depreciation And Amortization In Income Statement": null,
      "Amortization": null,
      "Amortization Of Intangibles Income Statement": null,
      "Selling General And Administration": null,
      "Selling And Marketing Expense": null,
      "General And Administrative Expense": null,
      "Insurance And Claims": 1399000000.0,
      "Salaries And Wages": null,
      "Total Revenue": null,
      "Operating Revenue": null,
      "Occupancy And Equipment": null,
      "Professional Expense And Contract Services Expense": null,
      "Other Non Interest Expense": null
    }
  },
  "quarterly_income": {
    "2025-10-31T00:00:00": {
      "Tax Effect Of Unusual Items": -45118811.881188,
      "Tax Rate For Calcs": 0.242574,
      "Total Unusual Items": -186000000.0,
      "Total Unusual Items Excluding Goodwill": -186000000.0,
      "Net Income From Continuing Operation Net Minority Interest": 2288000000.0,
      "Reconciled Depreciation": 558000000.0,
      "Net Interest Income": 5496000000.0,
      "Interest Expense": 10022000000.0,
      "Interest Income": 15518000000.0,
      "Normalized Income": 2428881188.118812,
      "Net Income From Continuing And Discontinued Operation": 2288000000.0,
      "Diluted Average Shares": null,
      "Basic Average Shares": null,
      "Diluted EPS": null,
      "Basic EPS": null,
      "Diluted NI Availto Com Stockholders": 2125000000.0,
      "Net Income Common Stockholders": 2125000000.0,
      "Preferred Stock Dividends": 163000000.0,
      "Net Income": 2288000000.0,
      "Minority Interests": -7000000.0,
      "Net Income Including Noncontrolling Interests": 2295000000.0,
      "Net Income Continuous Operations": 2295000000.0,
      "Tax Provision": 735000000.0,
      "Pretax Income": 3030000000.0,
      "Special Income Charges": -186000000.0,
      "Other Special Charges": -12000000.0,
      "Restructuring And Mergern Acquisition": 4000000.0,
      "Gain On Sale Of Security": 114000000.0,
      "Depreciation Amortization Depletion Income Statement": 290000000.0,
      "Depreciation And Amortization In Income Statement": 290000000.0,
      "Amortization": 290000000.0,
      "Amortization Of Intangibles Income Statement": 290000000.0,
      "Selling General And Administration": 3202000000.0,
      "Selling And Marketing Expense": 224000000.0,
      "General And Administrative Expense": 2978000000.0,
      "Salaries And Wages": 2978000000.0,
      "Total Revenue": 9258000000.0,
      "Operating Revenue": 9258000000.0,
      "Occupancy And Equipment": 1215000000.0,
      "Professional Expense And Contract Services Expense": 219000000.0,
      "Other Non Interest Expense": 444000000.0
    },
    "2025-07-31T00:00:00": {
      "Tax Effect Of Unusual Items": 0.0,
      "Tax Rate For Calcs": 0.2452,
      "Total Unusual Items": 0.0,
      "Total Unusual Items Excluding Goodwill": 0.0,
      "Net Income From Continuing Operation Net Minority Interest": 2327000000.0,
      "Reconciled Depreciation": 533000000.0,
      "Net Interest Income": 5496000000.0,
      "Interest Expense": 10246000000.0,
      "Interest Income": 15742000000.0,
      "Normalized Income": 2327000000.0,
      "Net Income From Continuing And Discontinued Operation": 2327000000.0,
      "Diluted Average Shares": 720793000.0,
      "Basic Average Shares": 719514000.0,
      "Diluted EPS": 3.14,
      "Basic EPS": 3.14,
      "Diluted NI Availto Com Stockholders": 2261000000.0,
      "Net Income Common Stockholders": 2261000000.0,
      "Preferred Stock Dividends": 66000000.0,
      "Net Income": 2327000000.0,
      "Minority Interests": -3000000.0,
      "Net Income Including Noncontrolling Interests": 2330000000.0,
      "Net Income Continuous Operations": 2330000000.0,
      "Tax Provision": 756000000.0,
      "Pretax Income": 3086000000.0,
      "Special Income Charges": 0.0,
      "Other Special Charges": -5000000.0,
      "Restructuring And Mergern Acquisition": 5000000.0,
      "Gain On Sale Of Security": 49000000.0,
      "Depreciation Amortization Depletion Income Statement": 278000000.0,
      "Depreciation And Amortization In Income Statement": 278000000.0,
      "Amortization": 278000000.0,
      "Amortization Of Intangibles Income Statement": 278000000.0,
      "Selling General And Administration": 3153000000.0,
      "Selling And Marketing Expense": 198000000.0,
      "General And Administrative Expense": 2955000000.0,
      "Salaries And Wages": 2955000000.0,
      "Total Revenue": 8943000000.0,
      "Operating Revenue": 8943000000.0,
      "Occupancy And Equipment": 1081000000.0,
      "Professional Expense And Contract Services Expense": 172000000.0,
      "Other Non Interest Expense": 421000000.0
    },
    "2025-04-30T00:00:00": {
      "Tax Effect Of Unusual Items": -741000.0,
      "Tax Rate For Calcs": 0.247,
      "Total Unusual Items": -3000000.0,
      "Total Unusual Items Excluding Goodwill": -3000000.0,
      "Net Income From Continuing Operation Net Minority Interest": 1960000000.0,
      "Reconciled Depreciation": 544000000.0,
      "Net Interest Income": 5097000000.0,
      "Interest Expense": 10557000000.0,
      "Interest Income": 15654000000.0,
      "Normalized Income": 1962259000.0,
      "Net Income From Continuing And Discontinued Operation": 1960000000.0,
      "Diluted Average Shares": 726440000.0,
      "Basic Average Shares": 725402000.0,
      "Diluted EPS": 2.5,
      "Basic EPS": 2.51,
      "Diluted NI Availto Com Stockholders": 1818000000.0,
      "Net Income Common Stockholders": 1818000000.0,
      "Preferred Stock Dividends": 142000000.0,
      "Net Income": 1960000000.0,
      "Minority Interests": -2000000.0,
      "Net Income Including Noncontrolling Interests": 1962000000.0,
      "Net Income Continuous Operations": 1962000000.0,
      "Tax Provision": 644000000.0,
      "Pretax Income": 2606000000.0,
      "Special Income Charges": -3000000.0,
      "Other Special Charges": 5000000.0,
      "Restructuring And Mergern Acquisition": -2000000.0,
      "Gain On Sale Of Security": 66000000.0,
      "Depreciation Amortization Depletion Income Statement": 296000000.0,
      "Depreciation And Amortization In Income Statement": 296000000.0,
      "Amortization": 296000000.0,
      "Amortization Of Intangibles Income Statement": 296000000.0,
      "Selling General And Administration": 3060000000.0,
      "Selling And Marketing Expense": 210000000.0,
      "General And Administrative Expense": 2850000000.0,
      "Salaries And Wages": 2850000000.0,
      "Total Revenue": 8681000000.0,
      "Operating Revenue": 8681000000.0,
      "Occupancy And Equipment": 1086000000.0,
      "Professional Expense And Contract Services Expense": 141000000.0,
      "Other Non Interest Expense": 433000000.0
    },
    "2025-01-31T00:00:00": {
      "Tax Effect Of Unusual Items": -731700.0,
      "Tax Rate For Calcs": 0.2439,
      "Total Unusual Items": -3000000.0,
      "Total Unusual Items Excluding Goodwill": -3000000.0,
      "Net Income From Continuing Operation Net Minority Interest": 2134000000.0,
      "Reconciled Depreciation": 545000000.0,
      "Net Interest Income": 5398000000.0,
      "Interest Expense": 11225000000.0,
      "Interest Income": 16623000000.0,
      "Normalized Income": 2136268300.0,
      "Net Income From Continuing And Discontinued Operation": 2134000000.0,
      "Diluted Average Shares": 730690000.0,
      "Basic Average Shares": 729564000.0,
      "Diluted EPS": 2.83,
      "Basic EPS": 2.84,
      "Diluted NI Availto Com Stockholders": 2069000000.0,
      "Net Income Common Stockholders": 2069000000.0,
      "Preferred Stock Dividends": 65000000.0,
      "Net Income": 2134000000.0,
      "Minority Interests": -4000000.0,
      "Net Income Including Noncontrolling Interests": 2138000000.0,
      "Net Income Continuous Operations": 2138000000.0,
      "Tax Provision": 690000000.0,
      "Pretax Income": 2828000000.0,
      "Special Income Charges": -3000000.0,
      "Other Special Charges": -7000000.0,
      "Restructuring And Mergern Acquisition": 10000000.0,
      "Gain On Sale Of Security": 58000000.0,
      "Depreciation Amortization Depletion Income Statement": 288000000.0,
      "Depreciation And Amortization In Income Statement": 288000000.0,
      "Amortization": 288000000.0,
      "Amortization Of Intangibles Income Statement": 288000000.0,
      "Selling General And Administration": 3409000000.0,
      "Selling And Marketing Expense": 174000000.0,
      "General And Administrative Expense": 3235000000.0,
      "Salaries And Wages": 3235000000.0,
      "Total Revenue": 9217000000.0,
      "Operating Revenue": 9217000000.0,
      "Occupancy And Equipment": 1086000000.0,
      "Professional Expense And Contract Services Expense": 146000000.0,
      "Other Non Interest Expense": 495000000.0
    },
    "2024-10-31T00:00:00": {
      "Tax Effect Of Unusual Items": 271661456.601264,
      "Tax Rate For Calcs": 0.233788,
      "Total Unusual Items": 1162000000.0,
      "Total Unusual Items Excluding Goodwill": 1162000000.0,
      "Net Income From Continuing Operation Net Minority Interest": 2301000000.0,
      "Reconciled Depreciation": 524000000.0,
      "Net Interest Income": 5438000000.0,
      "Interest Expense": 11426000000.0,
      "Interest Income": 16864000000.0,
      "Normalized Income": 1410661456.601264,
      "Net Income From Continuing And Discontinued Operation": 2301000000.0,
      "Diluted Average Shares": null,
      "Basic Average Shares": null,
      "Diluted EPS": null,
      "Basic EPS": null,
      "Diluted NI Availto Com Stockholders": 2149000000.0,
      "Net Income Common Stockholders": 2149000000.0,
      "Preferred Stock Dividends": 152000000.0,
      "Net Income": 2301000000.0,
      "Minority Interests": -3000000.0,
      "Net Income Including Noncontrolling Interests": 2304000000.0,
      "Net Income Continuous Operations": 2304000000.0,
      "Tax Provision": 703000000.0,
      "Pretax Income": 3007000000.0,
      "Special Income Charges": 1162000000.0,
      "Other Special Charges": -1197000000.0,
      "Restructuring And Mergern Acquisition": 35000000.0,
      "Gain On Sale Of Security": 57000000.0,
      "Depreciation Amortization Depletion Income Statement": 280000000.0,
      "Depreciation And Amortization In Income Statement": 280000000.0,
      "Amortization": 280000000.0,
      "Amortization Of Intangibles Income Statement": 280000000.0,
      "Selling General And Administration": 2921000000.0,
      "Selling And Marketing Expense": 227000000.0,
      "General And Administrative Expense": 2694000000.0,
      "Salaries And Wages": 2694000000.0,
      "Total Revenue": 8318000000.0,
      "Operating Revenue": 8318000000.0,
      "Occupancy And Equipment": 1062000000.0,
      "Professional Expense And Contract Services Expense": -41000000.0,
      "Other Non Interest Expense": 778000000.0
    },
    "2024-07-31T00:00:00": {
      "Tax Effect Of Unusual Items": null,
      "Tax Rate For Calcs": null,
      "Total Unusual Items": null,
      "Total Unusual Items Excluding Goodwill": null,
      "Net Income From Continuing Operation Net Minority Interest": null,
      "Reconciled Depreciation": null,
      "Net Interest Income": null,
      "Interest Expense": null,
      "Interest Income": null,
      "Normalized Income": null,
      "Net Income From Continuing And Discontinued Operation": null,
      "Diluted Average Shares": 730192000.0,
      "Basic Average Shares": 729449000.0,
      "Diluted EPS": 2.48,
      "Basic EPS": 2.49,
      "Diluted NI Availto Com Stockholders": null,
      "Net Income Common Stockholders": null,
      "Preferred Stock Dividends": null,
      "Net Income": null,
      "Minority Interests": null,
      "Net Income Including Noncontrolling Interests": null,
      "Net Income Continuous Operations": null,
      "Tax Provision": null,
      "Pretax Income": null,
      "Special Income Charges": null,
      "Other Special Charges": null,
      "Restructuring And Mergern Acquisition": null,
      "Gain On Sale Of Security": null,
      "Depreciation Amortization Depletion Income Statement": null,
      "Depreciation And Amortization In Income Statement": null,
      "Amortization": null,
      "Amortization Of Intangibles Income Statement": null,
      "Selling General And Administration": null,
      "Selling And Marketing Expense": null,
      "General And Administrative Expense": null,
      "Salaries And Wages": null,
      "Total Revenue": null,
      "Operating Revenue": null,
      "Occupancy And Equipment": null,
      "Professional Expense And Contract Services Expense": null,
      "Other Non Interest Expense": null
    }
  },
  "balance_sheet": {
    "2025-10-31T00:00:00": {
      "Treasury Shares Number": null,
      "Preferred Shares Number": 16000000.0,
      "Ordinary Shares Number": 708905679.0,
      "Share Issued": 708905679.0,
      "Net Debt": 206591000000.0,
      "Total Debt": 280228000000.0,
      "Tangible Book Value": 64946000000.0,
      "Invested Capital": 363414000000.0,
      "Net Tangible Assets": 66496000000.0,
      "Capital Lease Obligations": 3315000000.0,
      "Common Stock Equity": 86501000000.0,
      "Preferred Stock Equity": 1550000000.0,
      "Total Capitalization": 251621000000.0,
      "Total Equity Gross Minority Interest": 88100000000.0,
      "Minority Interest": 49000000.0,
      "Stockholders Equity": 88051000000.0,
      "Other Equity Interest": 7406000000.0,
      "Gains Losses Not Affecting Retained Earnings": 7986000000.0,
      "Other Equity Adjustments": 7986000000.0,
      "Retained Earnings": 47377000000.0,
      "Additional Paid In Capital": 373000000.0,
      "Capital Stock": 24909000000.0,
      "Common Stock": 23359000000.0,
      "Preferred Stock": 1550000000.0,
      "Total Liabilities Net Minority Interest": 1388702000000.0,
      "Derivative Product Liabilities": 58729000000.0,
      "Employee Benefits": 1053000000.0,
      "Non Current Pension And Other Postretirement Benefit Plans": 190000000.0,
      "Non Current Deferred Liabilities": 1000000.0,
      "Non Current Deferred Taxes Liabilities": 1000000.0,
      "Long Term Debt And Capital Lease Obligation": 166885000000.0,
      "Long Term Capital Lease Obligation": 3315000000.0,
      "Long Term Debt": 163570000000.0,
      "Current Debt And Capital Lease Obligation": 113343000000.0,
      "Current Debt": 113343000000.0,
      "Commercial Paper": 104939000000.0,
      "Current Notes Payable": 8404000000.0,
      "Payables And Accrued Expenses": 67969000000.0,
      "Payables": 67969000000.0,
      "Total Tax Payable": 329000000.0,
      "Income Tax Payable": 329000000.0,
      "Accounts Payable": 62900000000.0,
      "Total Assets": 1476802000000.0,
      "Defined Pension Benefit": 1403000000.0,
      "Investments And Advances": 420694000000.0,
      "Available For Sale Securities": 206417000000.0,
      "Trading Securities": 178655000000.0,
      "Long Term Equity Investment": 1786000000.0,
      "Goodwill And Other Intangible Assets": 21555000000.0,
      "Other Intangible Assets": 4758000000.0,
      "Goodwill": 16797000000.0,
      "Net PPE": 6277000000.0,
      "Accumulated Depreciation": -6929000000.0,
      "Gross PPE": 13206000000.0,
      "Leases": 2871000000.0,
      "Other Properties": 5598000000.0,
      "Machinery Furniture Equipment": 2292000000.0,
      "Buildings And Improvements": null,
      "Land And Improvements": 2445000000.0,
      "Receivables": 54178000000.0,
      "Other Receivables": 1970000000.0,
      "Accounts Receivable": 52208000000.0,
      "Other Short Term Investments": 33836000000.0,
      "Cash And Cash Equivalents": 70322000000.0,
      "Cash Equivalents": null,
      "Cash Financial": null,
      "Cash Cash Equivalents And Federal Funds Sold": 199743000000.0
    },
    "2024-10-31T00:00:00": {
      "Treasury Shares Number": 55172.0,
      "Preferred Shares Number": 24000000.0,
      "Ordinary Shares Number": 729529876.0,
      "Share Issued": 729585048.0,
      "Net Debt": 190376000000.0,
      "Total Debt": 262440000000.0,
      "Tangible Book Value": 60501000000.0,
      "Invested Capital": 341314000000.0,
      "Net Tangible Assets": 62551000000.0,
      "Capital Lease Obligations": 3326000000.0,
      "Common Stock Equity": 82200000000.0,
      "Preferred Stock Equity": 2050000000.0,
      "Total Capitalization": 236527000000.0,
      "Total Equity Gross Minority Interest": 84286000000.0,
      "Minority Interest": 36000000.0,
      "Stockholders Equity": 84250000000.0,
      "Other Equity Interest": 6037000000.0,
      "Gains Losses Not Affecting Retained Earnings": 5419000000.0,
      "Other Equity Adjustments": 5419000000.0,
      "Retained Earnings": 46469000000.0,
      "Additional Paid In Capital": 354000000.0,
      "Capital Stock": 25971000000.0,
      "Common Stock": 23921000000.0,
      "Preferred Stock": 2050000000.0,
      "Total Liabilities Net Minority Interest": 1325361000000.0,
      "Derivative Product Liabilities": 58303000000.0,
      "Employee Benefits": 1052000000.0,
      "Non Current Pension And Other Postretirement Benefit Plans": 189000000.0,
      "Non Current Deferred Liabilities": 1000000.0,
      "Non Current Deferred Taxes Liabilities": 1000000.0,
      "Long Term Debt And Capital Lease Obligation": 155603000000.0,
      "Long Term Capital Lease Obligation": 3326000000.0,
      "Long Term Debt": 152277000000.0,
      "Current Debt And Capital Lease Obligation": 106837000000.0,
      "Current Debt": 106837000000.0,
      "Commercial Paper": 99961000000.0,
      "Current Notes Payable": 6876000000.0,
      "Payables And Accrued Expenses": 58289000000.0,
      "Payables": 58289000000.0,
      "Total Tax Payable": 470000000.0,
      "Income Tax Payable": 470000000.0,
      "Accounts Payable": 52186000000.0,
      "Total Assets": 1409647000000.0,
      "Defined Pension Benefit": 1296000000.0,
      "Investments And Advances": 393114000000.0,
      "Available For Sale Securities": 134252000000.0,
      "Trading Securities": 163433000000.0,
      "Long Term Equity Investment": 1727000000.0,
      "Goodwill And Other Intangible Assets": 21699000000.0,
      "Other Intangible Assets": 4925000000.0,
      "Goodwill": 16774000000.0,
      "Net PPE": 6316000000.0,
      "Accumulated Depreciation": -6637000000.0,
      "Gross PPE": 12953000000.0,
      "Leases": 2675000000.0,
      "Other Properties": 5422000000.0,
      "Machinery Furniture Equipment": 2480000000.0,
      "Buildings And Improvements": 2059000000.0,
      "Land And Improvements": 2376000000.0,
      "Receivables": 42430000000.0,
      "Other Receivables": 2219000000.0,
      "Accounts Receivable": 40211000000.0,
      "Other Short Term Investments": 93702000000.0,
      "Cash And Cash Equivalents": 68738000000.0,
      "Cash Equivalents": null,
      "Cash Financial": 62743000000.0,
      "Cash Cash Equivalents And Federal Funds Sold": 179645000000.0
    },
    "2023-10-31T00:00:00": {
      "Treasury Shares Number": 73511.0,
      "Preferred Shares Number": 86000000.0,
      "Ordinary Shares Number": 720909161.0,
      "Share Issued": 720982672.0,
      "Net Debt": 163186000000.0,
      "Total Debt": 248735000000.0,
      "Tangible Book Value": 50851000000.0,
      "Invested Capital": 318024000000.0,
      "Net Tangible Assets": 54151000000.0,
      "Capital Lease Obligations": 3506000000.0,
      "Common Stock Equity": 72795000000.0,
      "Preferred Stock Equity": 3300000000.0,
      "Total Capitalization": 212788000000.0,
      "Total Equity Gross Minority Interest": 76123000000.0,
      "Minority Interest": 28000000.0,
      "Stockholders Equity": 76095000000.0,
      "Other Equity Interest": 3658000000.0,
      "Gains Losses Not Affecting Retained Earnings": 1862000000.0,
      "Other Equity Adjustments": 1862000000.0,
      "Retained Earnings": 44006000000.0,
      "Additional Paid In Capital": 328000000.0,
      "Capital Stock": 26241000000.0,
      "Common Stock": 22941000000.0,
      "Preferred Stock": 3300000000.0,
      "Total Liabilities Net Minority Interest": 1270883000000.0,
      "Derivative Product Liabilities": 50193000000.0,
      "Employee Benefits": 1002000000.0,
      "Non Current Pension And Other Postretirement Benefit Plans": 179000000.0,
      "Non Current Deferred Liabilities": 16000000.0,
      "Non Current Deferred Taxes Liabilities": 16000000.0,
      "Long Term Debt And Capital Lease Obligation": 140199000000.0,
      "Long Term Capital Lease Obligation": 3506000000.0,
      "Long Term Debt": 136693000000.0,
      "Current Debt And Capital Lease Obligation": 108536000000.0,
      "Current Debt": 108536000000.0,
      "Commercial Paper": 100377000000.0,
      "Current Notes Payable": 8159000000.0,
      "Payables And Accrued Expenses": 89216000000.0,
      "Payables": 89216000000.0,
      "Total Tax Payable": 44000000.0,
      "Income Tax Payable": 44000000.0,
      "Accounts Payable": 71052000000.0,
      "Total Assets": 1347006000000.0,
      "Defined Pension Benefit": 1306000000.0,
      "Investments And Advances": 321095000000.0,
      "Available For Sale Securities": 133547000000.0,
      "Trading Securities": 123268000000.0,
      "Long Term Equity Investment": 1461000000.0,
      "Goodwill And Other Intangible Assets": 21944000000.0,
      "Other Intangible Assets": 5216000000.0,
      "Goodwill": 16728000000.0,
      "Net PPE": 6365000000.0,
      "Accumulated Depreciation": -6882000000.0,
      "Gross PPE": 13247000000.0,
      "Leases": 2413000000.0,
      "Other Properties": 5541000000.0,
      "Machinery Furniture Equipment": 2923000000.0,
      "Buildings And Improvements": 2047000000.0,
      "Land And Improvements": 323000000.0,
      "Receivables": 64957000000.0,
      "Other Receivables": 2052000000.0,
      "Accounts Receivable": 62905000000.0,
      "Other Short Term Investments": 62819000000.0,
      "Cash And Cash Equivalents": 82043000000.0,
      "Cash Equivalents": null,
      "Cash Financial": 75403000000.0,
      "Cash Cash Equivalents And Federal Funds Sold": 197705000000.0
    },
    "2022-10-31T00:00:00": {
      "Treasury Shares Number": 174689.0,
      "Preferred Shares Number": 86000000.0,
      "Ordinary Shares Number": 677100000.0,
      "Share Issued": 677274689.0,
      "Net Debt": 126606000000.0,
      "Total Debt": 222641000000.0,
      "Tangible Book Value": 60910000000.0,
      "Invested Capital": 288194000000.0,
      "Net Tangible Assets": 63560000000.0,
      "Capital Lease Obligations": 2835000000.0,
      "Common Stock Equity": 68388000000.0,
      "Preferred Stock Equity": 2650000000.0,
      "Total Capitalization": 194772000000.0,
      "Total Equity Gross Minority Interest": 71038000000.0,
      "Minority Interest": 0.0,
      "Stockholders Equity": 71038000000.0,
      "Other Equity Interest": 3658000000.0,
      "Gains Losses Not Affecting Retained Earnings": 1552000000.0,
      "Other Equity Adjustments": 1552000000.0,
      "Retained Earnings": 45117000000.0,
      "Additional Paid In Capital": 317000000.0,
      "Capital Stock": 20394000000.0,
      "Common Stock": 17744000000.0,
      "Preferred Stock": 2650000000.0,
      "Total Liabilities Net Minority Interest": 1068161000000.0,
      "Derivative Product Liabilities": 59956000000.0,
      "Employee Benefits": 920000000.0,
      "Non Current Pension And Other Postretirement Benefit Plans": 88000000.0,
      "Non Current Deferred Liabilities": 102000000.0,
      "Non Current Deferred Taxes Liabilities": 102000000.0,
      "Long Term Debt And Capital Lease Obligation": 126569000000.0,
      "Long Term Capital Lease Obligation": 2835000000.0,
      "Long Term Debt": 123734000000.0,
      "Current Debt And Capital Lease Obligation": 96072000000.0,
      "Current Debt": 96072000000.0,
      "Commercial Paper": 80696000000.0,
      "Current Notes Payable": 15376000000.0,
      "Payables And Accrued Expenses": 24410000000.0,
      "Payables": 24410000000.0,
      "Total Tax Payable": 425000000.0,
      "Income Tax Payable": 425000000.0,
      "Accounts Payable": 16491000000.0,
      "Total Assets": 1139199000000.0,
      "Defined Pension Benefit": 1318000000.0,
      "Investments And Advances": 272916000000.0,
      "Available For Sale Securities": 120231000000.0,
      "Trading Securities": 107831000000.0,
      "Long Term Equity Investment": 1293000000.0,
      "Goodwill And Other Intangible Assets": 7478000000.0,
      "Other Intangible Assets": 2193000000.0,
      "Goodwill": 5285000000.0,
      "Net PPE": 5104000000.0,
      "Accumulated Depreciation": -6071000000.0,
      "Gross PPE": 11175000000.0,
      "Leases": 2054000000.0,
      "Other Properties": 4643000000.0,
      "Machinery Furniture Equipment": 2671000000.0,
      "Buildings And Improvements": 1688000000.0,
      "Land And Improvements": 119000000.0,
      "Receivables": 8094000000.0,
      "Other Receivables": 1421000000.0,
      "Accounts Receivable": 6673000000.0,
      "Other Short Term Investments": 43561000000.0,
      "Cash And Cash Equivalents": 93200000000.0,
      "Cash Equivalents": null,
      "Cash Financial": 85147000000.0,
      "Cash Cash Equivalents And Federal Funds Sold": 206394000000.0
    },
    "2021-10-31T00:00:00": {
      "Treasury Shares Number": 36521.0,
      "Preferred Shares Number": null,
      "Ordinary Shares Number": null,
      "Share Issued": null,
      "Net Debt": null,
      "Total Debt": null,
      "Tangible Book Value": null,
      "Invested Capital": null,
      "Net Tangible Assets": null,
      "Capital Lease Obligations": null,
      "Common Stock Equity": null,
      "Preferred Stock Equity": null,
      "Total Capitalization": null,
      "Total Equity Gross Minority Interest": null,
      "Minority Interest": null,
      "Stockholders Equity": null,
      "Other Equity Interest": null,
      "Gains Losses Not Affecting Retained Earnings": null,
      "Other Equity Adjustments": null,
      "Retained Earnings": null,
      "Additional Paid In Capital": null,
      "Capital Stock": null,
      "Common Stock": null,
      "Preferred Stock": null,
      "Total Liabilities Net Minority Interest": null,
      "Derivative Product Liabilities": null,
      "Employee Benefits": null,
      "Non Current Pension And Other Postretirement Benefit Plans": null,
      "Non Current Deferred Liabilities": null,
      "Non Current Deferred Taxes Liabilities": null,
      "Long Term Debt And Capital Lease Obligation": null,
      "Long Term Capital Lease Obligation": null,
      "Long Term Debt": null,
      "Current Debt And Capital Lease Obligation": null,
      "Current Debt": null,
      "Commercial Paper": null,
      "Current Notes Payable": null,
      "Payables And Accrued Expenses": null,
      "Payables": null,
      "Total Tax Payable": null,
      "Income Tax Payable": null,
      "Accounts Payable": null,
      "Total Assets": null,
      "Defined Pension Benefit": null,
      "Investments And Advances": null,
      "Available For Sale Securities": null,
      "Trading Securities": null,
      "Long Term Equity Investment": null,
      "Goodwill And Other Intangible Assets": null,
      "Other Intangible Assets": null,
      "Goodwill": null,
      "Net PPE": null,
      "Accumulated Depreciation": null,
      "Gross PPE": null,
      "Leases": null,
      "Other Properties": null,
      "Machinery Furniture Equipment": null,
      "Buildings And Improvements": 1354000000.0,
      "Land And Improvements": null,
      "Receivables": null,
      "Other Receivables": null,
      "Accounts Receivable": null,
      "Other Short Term Investments": null,
      "Cash And Cash Equivalents": null,
      "Cash Equivalents": 3290000000.0,
      "Cash Financial": 91267000000.0,
      "Cash Cash Equivalents And Federal Funds Sold": null
    }
  },
  "cashflow": {
    "2025-10-31T00:00:00": {
      "Free Cash Flow": 8511000000.0,
      "Repurchase Of Capital Stock": -3896000000.0,
      "Repayment Of Debt": -1571000000.0,
      "Issuance Of Debt": 1250000000.0,
      "Issuance Of Capital Stock": 1523000000.0,
      "Capital Expenditure": -1729000000.0,
      "Interest Paid Supplemental Data": 43135000000.0,
      "Income Tax Paid Supplemental Data": 2831000000.0,
      "End Cash Position": 67484000000.0,
      "Beginning Cash Position": 65098000000.0,
      "Effect Of Exchange Rate Changes": 214000000.0,
      "Changes In Cash": 2172000000.0,
      "Financing Cash Flow": -8673000000.0,
      "Cash Flow From Continuing Financing Activities": -8673000000.0,
      "Net Other Financing Charges": -948000000.0,
      "Cash Dividends Paid": -5031000000.0,
      "Net Preferred Stock Issuance": 865000000.0,
      "Preferred Stock Payments": -500000000.0,
      "Preferred Stock Issuance": 1365000000.0,
      "Net Common Stock Issuance": -3238000000.0,
      "Common Stock Payments": -3396000000.0,
      "Common Stock Issuance": 158000000.0,
      "Net Issuance Payments Of Debt": -321000000.0,
      "Net Long Term Debt Issuance": -321000000.0,
      "Long Term Debt Payments": -1571000000.0,
      "Long Term Debt Issuance": 1250000000.0,
      "Investing Cash Flow": 605000000.0,
      "Cash Flow From Continuing Investing Activities": 605000000.0,
      "Net Investment Purchase And Sale": 1480000000.0,
      "Sale Of Investment": 80166000000.0,
      "Purchase Of Investment": -78686000000.0,
      "Net Business Purchase And Sale": null,
      "Sale Of Business": null,
      "Purchase Of Business": null,
      "Net Intangibles Purchase And Sale": null,
      "Purchase Of Intangibles": null,
      "Net PPE Purchase And Sale": -1729000000.0,
      "Purchase Of PPE": -1729000000.0,
      "Operating Cash Flow": 10240000000.0,
      "Cash Flow From Continuing Operating Activities": 10240000000.0,
      "Change In Working Capital": -4010000000.0,
      "Change In Other Working Capital": -20878000000.0,
      "Change In Other Current Liabilities": null,
      "Change In Other Current Assets": null,
      "Change In Payables And Accrued Expense": null,
      "Change In Payable": null,
      "Change In Account Payable": null,
      "Change In Tax Payable": null,
      "Change In Income Tax Payable": null,
      "Change In Receivables": null,
      "Changes In Account Receivables": null,
      "Other Non Cash Items": null,
      "Asset Impairment Charge": 178000000.0,
      "Deferred Tax": 12000000.0,
      "Deferred Income Tax": 12000000.0,
      "Depreciation Amortization Depletion": 2180000000.0,
      "Depreciation And Amortization": 2180000000.0,
      "Amortization Cash Flow": 1152000000.0,
      "Amortization Of Intangibles": 1152000000.0,
      "Depreciation": 1028000000.0,
      "Operating Gains Losses": -462000000.0,
      "Earnings Losses From Equity Investments": -175000000.0,
      "Gain Loss On Investment Securities": -290000000.0,
      "Gain Loss On Sale Of Business": null,
      "Net Income From Continuing Operations": 8725000000.0
    },
    "2024-10-31T00:00:00": {
      "Free Cash Flow": 25139000000.0,
      "Repurchase Of Capital Stock": -1250000000.0,
      "Repayment Of Debt": -1357000000.0,
      "Issuance Of Debt": 1000000000.0,
      "Issuance Of Capital Stock": 2436000000.0,
      "Capital Expenditure": -1564000000.0,
      "Interest Paid Supplemental Data": 45092000000.0,
      "Income Tax Paid Supplemental Data": 2450000000.0,
      "End Cash Position": 65098000000.0,
      "Beginning Cash Position": 77934000000.0,
      "Effect Of Exchange Rate Changes": 75000000.0,
      "Changes In Cash": -12911000000.0,
      "Financing Cash Flow": -15085000000.0,
      "Cash Flow From Continuing Financing Activities": -15085000000.0,
      "Net Other Financing Charges": -12074000000.0,
      "Cash Dividends Paid": -3840000000.0,
      "Net Preferred Stock Issuance": 1118000000.0,
      "Preferred Stock Payments": -1250000000.0,
      "Preferred Stock Issuance": 2368000000.0,
      "Net Common Stock Issuance": 68000000.0,
      "Common Stock Payments": 0.0,
      "Common Stock Issuance": 68000000.0,
      "Net Issuance Payments Of Debt": -357000000.0,
      "Net Long Term Debt Issuance": -357000000.0,
      "Long Term Debt Payments": -1357000000.0,
      "Long Term Debt Issuance": 1000000000.0,
      "Investing Cash Flow": -24529000000.0,
      "Cash Flow From Continuing Investing Activities": -24529000000.0,
      "Net Investment Purchase And Sale": -23480000000.0,
      "Sale Of Investment": 63500000000.0,
      "Purchase Of Investment": -86980000000.0,
      "Net Business Purchase And Sale": 0.0,
      "Sale Of Business": null,
      "Purchase Of Business": 0.0,
      "Net Intangibles Purchase And Sale": null,
      "Purchase Of Intangibles": null,
      "Net PPE Purchase And Sale": -1564000000.0,
      "Purchase Of PPE": -1564000000.0,
      "Operating Cash Flow": 26703000000.0,
      "Cash Flow From Continuing Operating Activities": 26703000000.0,
      "Change In Working Capital": 13733000000.0,
      "Change In Other Working Capital": 16424000000.0,
      "Change In Other Current Liabilities": null,
      "Change In Other Current Assets": null,
      "Change In Payables And Accrued Expense": null,
      "Change In Payable": null,
      "Change In Account Payable": null,
      "Change In Tax Payable": null,
      "Change In Income Tax Payable": null,
      "Change In Receivables": 257000000.0,
      "Changes In Account Receivables": null,
      "Other Non Cash Items": null,
      "Asset Impairment Charge": 26000000.0,
      "Deferred Tax": 153000000.0,
      "Deferred Income Tax": 153000000.0,
      "Depreciation Amortization Depletion": 2110000000.0,
      "Depreciation And Amortization": 2110000000.0,
      "Amortization Cash Flow": 1112000000.0,
      "Amortization Of Intangibles": 1112000000.0,
      "Depreciation": 998000000.0,
      "Operating Gains Losses": -407000000.0,
      "Earnings Losses From Equity Investments": -207000000.0,
      "Gain Loss On Investment Securities": -201000000.0,
      "Gain Loss On Sale Of Business": null,
      "Net Income From Continuing Operations": 7327000000.0
    },
    "2023-10-31T00:00:00": {
      "Free Cash Flow": 7914000000.0,
      "Repurchase Of Capital Stock": 0.0,
      "Repayment Of Debt": -12275000000.0,
      "Issuance Of Debt": 9177000000.0,
      "Issuance Of Capital Stock": 4001000000.0,
      "Capital Expenditure": -1677000000.0,
      "Interest Paid Supplemental Data": 33747000000.0,
      "Income Tax Paid Supplemental Data": 2591000000.0,
      "End Cash Position": 77934000000.0,
      "Beginning Cash Position": 87466000000.0,
      "Effect Of Exchange Rate Changes": 1766000000.0,
      "Changes In Cash": -11298000000.0,
      "Financing Cash Flow": 268000000.0,
      "Cash Flow From Continuing Financing Activities": 268000000.0,
      "Net Other Financing Charges": 2068000000.0,
      "Cash Dividends Paid": -2703000000.0,
      "Net Preferred Stock Issuance": 648000000.0,
      "Preferred Stock Payments": 0.0,
      "Preferred Stock Issuance": 648000000.0,
      "Net Common Stock Issuance": 3353000000.0,
      "Common Stock Payments": null,
      "Common Stock Issuance": 3353000000.0,
      "Net Issuance Payments Of Debt": -3098000000.0,
      "Net Long Term Debt Issuance": -3098000000.0,
      "Long Term Debt Payments": -12275000000.0,
      "Long Term Debt Issuance": 9177000000.0,
      "Investing Cash Flow": -21157000000.0,
      "Cash Flow From Continuing Investing Activities": -21157000000.0,
      "Net Investment Purchase And Sale": -6058000000.0,
      "Sale Of Investment": 44091000000.0,
      "Purchase Of Investment": -50149000000.0,
      "Net Business Purchase And Sale": -15102000000.0,
      "Sale Of Business": 0.0,
      "Purchase Of Business": -15102000000.0,
      "Net Intangibles Purchase And Sale": -792000000.0,
      "Purchase Of Intangibles": -792000000.0,
      "Net PPE Purchase And Sale": -1677000000.0,
      "Purchase Of PPE": -1677000000.0,
      "Operating Cash Flow": 9591000000.0,
      "Cash Flow From Continuing Operating Activities": 9591000000.0,
      "Change In Working Capital": 1957000000.0,
      "Change In Other Working Capital": 34178000000.0,
      "Change In Other Current Liabilities": null,
      "Change In Other Current Assets": null,
      "Change In Payables And Accrued Expense": null,
      "Change In Payable": null,
      "Change In Account Payable": null,
      "Change In Tax Payable": null,
      "Change In Income Tax Payable": null,
      "Change In Receivables": -990000000.0,
      "Changes In Account Receivables": null,
      "Other Non Cash Items": null,
      "Asset Impairment Charge": null,
      "Deferred Tax": -708000000.0,
      "Deferred Income Tax": -708000000.0,
      "Depreciation Amortization Depletion": 2092000000.0,
      "Depreciation And Amortization": 2092000000.0,
      "Amortization Cash Flow": 1008000000.0,
      "Amortization Of Intangibles": 1008000000.0,
      "Depreciation": 1084000000.0,
      "Operating Gains Losses": -365000000.0,
      "Earnings Losses From Equity Investments": -185000000.0,
      "Gain Loss On Investment Securities": -180000000.0,
      "Gain Loss On Sale Of Business": 0.0,
      "Net Income From Continuing Operations": 4437000000.0
    },
    "2022-10-31T00:00:00": {
      "Free Cash Flow": 3509000000.0,
      "Repurchase Of Capital Stock": -1517000000.0,
      "Repayment Of Debt": -6973000000.0,
      "Issuance Of Debt": 14780000000.0,
      "Issuance Of Capital Stock": 5358000000.0,
      "Capital Expenditure": -1448000000.0,
      "Interest Paid Supplemental Data": 9557000000.0,
      "Income Tax Paid Supplemental Data": 2374000000.0,
      "End Cash Position": 87466000000.0,
      "Beginning Cash Position": 93261000000.0,
      "Effect Of Exchange Rate Changes": 2739000000.0,
      "Changes In Cash": -8534000000.0,
      "Financing Cash Flow": 15980000000.0,
      "Cash Flow From Continuing Financing Activities": 15980000000.0,
      "Net Other Financing Charges": 6927000000.0,
      "Cash Dividends Paid": -2595000000.0,
      "Net Preferred Stock Issuance": 745000000.0,
      "Preferred Stock Payments": -1500000000.0,
      "Preferred Stock Issuance": 2245000000.0,
      "Net Common Stock Issuance": 3096000000.0,
      "Common Stock Payments": -17000000.0,
      "Common Stock Issuance": 3113000000.0,
      "Net Issuance Payments Of Debt": 7807000000.0,
      "Net Long Term Debt Issuance": 7807000000.0,
      "Long Term Debt Payments": -6973000000.0,
      "Long Term Debt Issuance": 14780000000.0,
      "Investing Cash Flow": -29471000000.0,
      "Cash Flow From Continuing Investing Activities": -29471000000.0,
      "Net Investment Purchase And Sale": -32565000000.0,
      "Sale Of Investment": 64033000000.0,
      "Purchase Of Investment": -96598000000.0,
      "Net Business Purchase And Sale": 1226000000.0,
      "Sale Of Business": 1226000000.0,
      "Purchase Of Business": 0.0,
      "Net Intangibles Purchase And Sale": -671000000.0,
      "Purchase Of Intangibles": -671000000.0,
      "Net PPE Purchase And Sale": -777000000.0,
      "Purchase Of PPE": -777000000.0,
      "Operating Cash Flow": 4957000000.0,
      "Cash Flow From Continuing Operating Activities": 4957000000.0,
      "Change In Working Capital": -10596000000.0,
      "Change In Other Working Capital": 63273000000.0,
      "Change In Other Current Liabilities": 156000000.0,
      "Change In Other Current Assets": 328000000.0,
      "Change In Payables And Accrued Expense": 1312000000.0,
      "Change In Payable": 1312000000.0,
      "Change In Account Payable": 1312000000.0,
      "Change In Tax Payable": 156000000.0,
      "Change In Income Tax Payable": 156000000.0,
      "Change In Receivables": -1170000000.0,
      "Changes In Account Receivables": -1170000000.0,
      "Other Non Cash Items": 96000000.0,
      "Asset Impairment Charge": 0.0,
      "Deferred Tax": 475000000.0,
      "Deferred Income Tax": 475000000.0,
      "Depreciation Amortization Depletion": 1480000000.0,
      "Depreciation And Amortization": 1480000000.0,
      "Amortization Cash Flow": 604000000.0,
      "Amortization Of Intangibles": 604000000.0,
      "Depreciation": 876000000.0,
      "Operating Gains Losses": -252000000.0,
      "Earnings Losses From Equity Investments": null,
      "Gain Loss On Investment Securities": -282000000.0,
      "Gain Loss On Sale Of Business": 29000000.0,
      "Net Income From Continuing Operations": 13537000000.0
    },
    "2021-10-31T00:00:00": {
      "Free Cash Flow": null,
      "Repurchase Of Capital Stock": null,
      "Repayment Of Debt": null,
      "Issuance Of Debt": null,
      "Issuance Of Capital Stock": null,
      "Capital Expenditure": null,
      "Interest Paid Supplemental Data": null,
      "Income Tax Paid Supplemental Data": null,
      "End Cash Position": null,
      "Beginning Cash Position": null,
      "Effect Of Exchange Rate Changes": null,
      "Changes In Cash": null,
      "Financing Cash Flow": null,
      "Cash Flow From Continuing Financing Activities": null,
      "Net Other Financing Charges": null,
      "Cash Dividends Paid": null,
      "Net Preferred Stock Issuance": null,
      "Preferred Stock Payments": null,
      "Preferred Stock Issuance": null,
      "Net Common Stock Issuance": null,
      "Common Stock Payments": 0.0,
      "Common Stock Issuance": null,
      "Net Issuance Payments Of Debt": null,
      "Net Long Term Debt Issuance": null,
      "Long Term Debt Payments": null,
      "Long Term Debt Issuance": null,
      "Investing Cash Flow": null,
      "Cash Flow From Continuing Investing Activities": null,
      "Net Investment Purchase And Sale": null,
      "Sale Of Investment": null,
      "Purchase Of Investment": null,
      "Net Business Purchase And Sale": 63000000.0,
      "Sale Of Business": 63000000.0,
      "Purchase Of Business": 0.0,
      "Net Intangibles Purchase And Sale": -499000000.0,
      "Purchase Of Intangibles": -499000000.0,
      "Net PPE Purchase And Sale": null,
      "Purchase Of PPE": null,
      "Operating Cash Flow": null,
      "Cash Flow From Continuing Operating Activities": null,
      "Change In Working Capital": null,
      "Change In Other Working Capital": null,
      "Change In Other Current Liabilities": 143000000.0,
      "Change In Other Current Assets": -539000000.0,
      "Change In Payables And Accrued Expense": -366000000.0,
      "Change In Payable": -366000000.0,
      "Change In Account Payable": -366000000.0,
      "Change In Tax Payable": 143000000.0,
      "Change In Income Tax Payable": 143000000.0,
      "Change In Receivables": 75000000.0,
      "Changes In Account Receivables": 75000000.0,
      "Other Non Cash Items": 140000000.0,
      "Asset Impairment Charge": 779000000.0,
      "Deferred Tax": null,
      "Deferred Income Tax": null,
      "Depreciation Amortization Depletion": null,
      "Depreciation And Amortization": null,
      "Amortization Cash Flow": null,
      "Amortization Of Intangibles": null,
      "Depreciation": null,
      "Operating Gains Losses": null,
      "Earnings Losses From Equity Investments": null,
      "Gain Loss On Investment Securities": null,
      "Gain Loss On Sale Of Business": 0.0,
      "Net Income From Continuing Operations": null
    }
  },
  "earnings_estimate": {
    "avg": {
      "0q": 3.39717,
      "+1q": 3.65245,
      "0y": 14.09527,
      "+1y": 16.01652
    },
    "low": {
      "0q": 3.27,
      "+1q": 3.459,
      "0y": 13.85,
      "+1y": 15.304
    },
    "high": {
      "0q": 3.53,
      "+1q": 3.8,
      "0y": 14.6,
      "+1y": 16.84
    },
    "yearAgoEps": {
      "0q": 2.62,
      "+1q": 3.23,
      "0y": 12.16,
      "+1y": 14.09527
    },
    "numberOfAnalysts": {
      "0q": 12,
      "+1q": 11,
      "0y": 13,
      "+1y": 14
    },
    "growth": {
      "0q": 0.29659998,
      "+1q": 0.1308,
      "0y": 0.1592,
      "+1y": 0.1363
    }
  },
  "revenue_estimate": {
    "avg": {
      "0q": 9440500000,
      "+1q": 9696000000,
      "0y": 38390211030,
      "+1y": 40148391080
    },
    "low": {
      "0q": 9416000000,
      "+1q": 9690000000,
      "0y": 37620000000,
      "+1y": 39186000000
    },
    "high": {
      "0q": 9465000000,
      "+1q": 9702000000,
      "0y": 39255500000,
      "+1y": 42294000000
    },
    "numberOfAnalysts": {
      "0q": 2,
      "+1q": 2,
      "0y": 12,
      "+1y": 12
    },
    "yearAgoRevenue": {
      "0q": 8679000000,
      "+1q": 8988000000,
      "0y": 36274000000,
      "+1y": 38390211030
    },
    "growth": {
      "0q": 0.0877,
      "+1q": 0.0788,
      "0y": 0.0583,
      "+1y": 0.0458
    }
  },
  "growth_estimates": {
    "stockTrend": {
      "0q": 0.29659998,
      "+1q": 0.1308,
      "0y": 0.1592,
      "+1y": 0.1363,
      "LTG": null
    },
    "indexTrend": {
      "0q": 0.1273,
      "+1q": 0.103599995,
      "0y": 0.14310001,
      "+1y": 0.1557,
      "LTG": 0.122
    }
  },
  "revenue_forecasts": null,
  "dividend_rate": 6.68,
  "trailing_dividend_rate": 4.85
}