{
  "ticker": "BMPS.MI",
  "name": "Monte dei Paschi",
  "country": "italy",
  "currency": "EUR",
  "last_fetched": "2026-02-26T20:48:53.446484",
  "market_cap": 27041921024,
  "revenue": 4560900096,
  "net_income": 2715699968,
  "pe_ratio": 5.7792206,
  "forward_pe": 10.030768,
  "dividend_yield": 9.74,
  "profit_margin": 0.59543,
  "roe": 0.12979001,
  "debt_to_equity": null,
  "beta": 0.879,
  "ev_to_ebitda": null,
  "sector": "Financial Services",
  "industry": "Banks - Regional",
  "summary": "Banca Monte dei Paschi di Siena S.p.A., together with its subsidiaries, provides retail and commercial banking services in Italy. The company operates through Retail Banking, Wealth Management, Corporate Banking, and Large Corporate and Investment Banking segments. It offers current accounts, payments and collections, deposit accounts, cards, and advanced payment systems; foreign banking services; ATMs; and custody and deposit services for dairy products on behalf of third parties. The company also provides leasing and factoring services for businesses, artisans, and professionals, as well as mid- and long-term lending, mortgage and personal loans, corporate finance, investment banking, capital markets, and structured finance services. In addition, it offers funding and lending services, insurance products, financial advisory and planning, and electronic payment services; financial and non-financial services; wealth management and financial planning services; consultancy services, such as tax planning, real estate, art, and legal advisory; fiduciary and trust services; assets under management and bancassurance; and digital banking services. The company was founded in 1472 and is headquartered in Siena, Italy.",
  "website": "https://www.gruppomps.it",
  "employees": 22079,
  "target_high": 11.5,
  "target_low": 8.7,
  "target_mean": 10.22,
  "target_median": 10.5,
  "recommendation": "buy",
  "num_analysts": 10,
  "income_stmt": {
    "2025-12-31T00:00:00": {
      "Tax Effect Of Unusual Items": -22056000.0,
      "Tax Rate For Calcs": 0.24,
      "Total Unusual Items": -91900000.0,
      "Total Unusual Items Excluding Goodwill": -91900000.0,
      "Net Income From Continuing Operation Net Minority Interest": 3036300000.0,
      "Reconciled Depreciation": 187400000.0,
      "Net Interest Income": 2654400000.0,
      "Interest Expense": null,
      "Interest Income": 2654400000.0,
      "Normalized Income": 3106144000.0,
      "Net Income From Continuing And Discontinued Operation": 3036300000.0,
      "Diluted Average Shares": null,
      "Basic Average Shares": null,
      "Diluted EPS": null,
      "Basic EPS": null,
      "Diluted NI Availto Com Stockholders": 2715700000.0,
      "Net Income Common Stockholders": 2715700000.0,
      "Otherunder Preferred Stock Dividend": 320600000.0,
      "Net Income": 3036300000.0,
      "Minority Interests": -700000.0,
      "Net Income Including Noncontrolling Interests": 3037000000.0,
      "Net Income Discontinuous Operations": null,
      "Net Income Continuous Operations": 3037000000.0,
      "Tax Provision": -961100000.0,
      "Pretax Income": 2075900000.0,
      "Special Income Charges": -91900000.0,
      "Other Special Charges": 39900000.0,
      "Impairment Of Capital Assets": 23700000.0,
      "Restructuring And Mergern Acquisition": 28300000.0,
      "Gain On Sale Of Security": 5100000.0,
      "Operating Expense": 2393200000.0,
      "Other Operating Expenses": 79300000.0,
      "Depreciation And Amortization In Income Statement": 187400000.0,
      "Amortization": null,
      "Depreciation Income Statement": 187400000.0,
      "Selling General And Administration": 595700000.0,
      "Selling And Marketing Expense": null,
      "General And Administrative Expense": 595700000.0,
      "Insurance And Claims": 10000000.0,
      "Rent And Landing Fees": null,
      "Total Revenue": 4959900000.0,
      "Operating Revenue": 4959900000.0
    },
    "2024-12-31T00:00:00": {
      "Tax Effect Of Unusual Items": -23880000.0,
      "Tax Rate For Calcs": 0.24,
      "Total Unusual Items": -99500000.0,
      "Total Unusual Items Excluding Goodwill": -99500000.0,
      "Net Income From Continuing Operation Net Minority Interest": 1950800000.0,
      "Reconciled Depreciation": 196705000.0,
      "Net Interest Income": 2355800000.0,
      "Interest Expense": 2357199000.0,
      "Interest Income": 2355800000.0,
      "Normalized Income": 2026420000.0,
      "Net Income From Continuing And Discontinued Operation": 1950800000.0,
      "Diluted Average Shares": 1259393157.0,
      "Basic Average Shares": 1259393157.0,
      "Diluted EPS": 1.549,
      "Basic EPS": 1.549,
      "Diluted NI Availto Com Stockholders": 1950800000.0,
      "Net Income Common Stockholders": 1950800000.0,
      "Otherunder Preferred Stock Dividend": null,
      "Net Income": 1950800000.0,
      "Minority Interests": 200000.0,
      "Net Income Including Noncontrolling Interests": 1950600000.0,
      "Net Income Discontinuous Operations": -22021000.0,
      "Net Income Continuous Operations": 1950600000.0,
      "Tax Provision": -506100000.0,
      "Pretax Income": 1444500000.0,
      "Special Income Charges": -99500000.0,
      "Other Special Charges": 56668000.0,
      "Impairment Of Capital Assets": 27400000.0,
      "Restructuring And Mergern Acquisition": 72100000.0,
      "Gain On Sale Of Security": 3700000.0,
      "Operating Expense": 2076300000.0,
      "Other Operating Expenses": 129700000.0,
      "Depreciation And Amortization In Income Statement": 171300000.0,
      "Amortization": 66020000.0,
      "Depreciation Income Statement": 171300000.0,
      "Selling General And Administration": 469000000.0,
      "Selling And Marketing Expense": 2982000.0,
      "General And Administrative Expense": 469000000.0,
      "Insurance And Claims": 77500000.0,
      "Rent And Landing Fees": 188271000.0,
      "Total Revenue": 4030700000.0,
      "Operating Revenue": 4030700000.0
    },
    "2023-12-31T00:00:00": {
      "Tax Effect Of Unusual Items": 66291360.0,
      "Tax Rate For Calcs": 0.24,
      "Total Unusual Items": 276214000.0,
      "Total Unusual Items Excluding Goodwill": 276214000.0,
      "Net Income From Continuing Operation Net Minority Interest": 2047437000.0,
      "Reconciled Depreciation": 228780000.0,
      "Net Interest Income": 2259385000.0,
      "Interest Expense": 2069416000.0,
      "Interest Income": 4328801000.0,
      "Normalized Income": 1837514360.0,
      "Net Income From Continuing And Discontinued Operation": 2051781000.0,
      "Diluted Average Shares": 1259689706.0,
      "Basic Average Shares": 1259689706.0,
      "Diluted EPS": 1.629,
      "Basic EPS": 1.629,
      "Diluted NI Availto Com Stockholders": 2051781000.0,
      "Net Income Common Stockholders": 2051781000.0,
      "Otherunder Preferred Stock Dividend": null,
      "Net Income": 2051781000.0,
      "Minority Interests": 156000.0,
      "Net Income Including Noncontrolling Interests": 2051625000.0,
      "Net Income Discontinuous Operations": 4344000.0,
      "Net Income Continuous Operations": 2047281000.0,
      "Tax Provision": -345576000.0,
      "Pretax Income": 1701705000.0,
      "Special Income Charges": 276063000.0,
      "Other Special Charges": -386573000.0,
      "Impairment Of Capital Assets": 53144000.0,
      "Restructuring And Mergern Acquisition": 57366000.0,
      "Gain On Sale Of Security": 8844000.0,
      "Operating Expense": 2165312000.0,
      "Other Operating Expenses": 181990000.0,
      "Depreciation And Amortization In Income Statement": 179458000.0,
      "Amortization": 67169000.0,
      "Depreciation Income Statement": 112289000.0,
      "Selling General And Administration": 425550000.0,
      "Selling And Marketing Expense": 6223000.0,
      "General And Administrative Expense": 419327000.0,
      "Insurance And Claims": 75100000.0,
      "Rent And Landing Fees": 176050000.0,
      "Total Revenue": 3937559000.0,
      "Operating Revenue": 3937559000.0
    },
    "2022-12-31T00:00:00": {
      "Tax Effect Of Unusual Items": -232148400.0,
      "Tax Rate For Calcs": 0.24,
      "Total Unusual Items": -967285000.0,
      "Total Unusual Items Excluding Goodwill": -967285000.0,
      "Net Income From Continuing Operation Net Minority Interest": -178361000.0,
      "Reconciled Depreciation": 218581000.0,
      "Net Interest Income": 1535236000.0,
      "Interest Expense": 614485000.0,
      "Interest Income": 2149721000.0,
      "Normalized Income": 556775600.0,
      "Net Income From Continuing And Discontinued Operation": -178361000.0,
      "Diluted Average Shares": 209865416.0,
      "Basic Average Shares": 209865416.0,
      "Diluted EPS": -0.85,
      "Basic EPS": -0.85,
      "Diluted NI Availto Com Stockholders": -178361000.0,
      "Net Income Common Stockholders": -178361000.0,
      "Otherunder Preferred Stock Dividend": 2700000.0,
      "Net Income": -178361000.0,
      "Minority Interests": 148000.0,
      "Net Income Including Noncontrolling Interests": -178509000.0,
      "Net Income Discontinuous Operations": 0.0,
      "Net Income Continuous Operations": -178509000.0,
      "Tax Provision": -426620000.0,
      "Pretax Income": -605129000.0,
      "Special Income Charges": -967507000.0,
      "Other Special Charges": -58950000.0,
      "Impairment Of Capital Assets": 31816000.0,
      "Restructuring And Mergern Acquisition": 994641000.0,
      "Gain On Sale Of Security": 41946000.0,
      "Operating Expense": 2593444000.0,
      "Other Operating Expenses": 285689000.0,
      "Depreciation And Amortization In Income Statement": 192761000.0,
      "Amortization": 68359000.0,
      "Depreciation Income Statement": 124402000.0,
      "Selling General And Administration": 484016000.0,
      "Selling And Marketing Expense": 3139000.0,
      "General And Administrative Expense": 480877000.0,
      "Insurance And Claims": 90100000.0,
      "Rent And Landing Fees": 187741000.0,
      "Total Revenue": 3291836000.0,
      "Operating Revenue": 3291836000.0
    },
    "2021-12-31T00:00:00": {
      "Tax Effect Of Unusual Items": null,
      "Tax Rate For Calcs": null,
      "Total Unusual Items": null,
      "Total Unusual Items Excluding Goodwill": null,
      "Net Income From Continuing Operation Net Minority Interest": null,
      "Reconciled Depreciation": null,
      "Net Interest Income": null,
      "Interest Expense": 680342000.0,
      "Interest Income": null,
      "Normalized Income": null,
      "Net Income From Continuing And Discontinued Operation": null,
      "Diluted Average Shares": 47322061.0,
      "Basic Average Shares": 47322061.0,
      "Diluted EPS": 6.540531,
      "Basic EPS": 6.540531,
      "Diluted NI Availto Com Stockholders": null,
      "Net Income Common Stockholders": null,
      "Otherunder Preferred Stock Dividend": 3600000.0,
      "Net Income": null,
      "Minority Interests": null,
      "Net Income Including Noncontrolling Interests": null,
      "Net Income Discontinuous Operations": 0.0,
      "Net Income Continuous Operations": null,
      "Tax Provision": null,
      "Pretax Income": null,
      "Special Income Charges": null,
      "Other Special Charges": null,
      "Impairment Of Capital Assets": null,
      "Restructuring And Mergern Acquisition": null,
      "Gain On Sale Of Security": null,
      "Operating Expense": null,
      "Other Operating Expenses": null,
      "Depreciation And Amortization In Income Statement": null,
      "Amortization": 66313000.0,
      "Depreciation Income Statement": null,
      "Selling General And Administration": null,
      "Selling And Marketing Expense": 3459000.0,
      "General And Administrative Expense": null,
      "Insurance And Claims": null,
      "Rent And Landing Fees": 180084000.0,
      "Total Revenue": null,
      "Operating Revenue": null
    }
  },
  "quarterly_income": {
    "2025-12-31T00:00:00": {
      "Tax Effect Of Unusual Items": -14952000.0,
      "Tax Rate For Calcs": 0.24,
      "Total Unusual Items": -62300000.0,
      "Total Unusual Items Excluding Goodwill": -62300000.0,
      "Net Income From Continuing Operation Net Minority Interest": 1669900000.0,
      "Reconciled Depreciation": 69400000.0,
      "Net Interest Income": 1016600000.0,
      "Interest Expense": null,
      "Interest Income": 1016600000.0,
      "Normalized Income": 1717248000.0,
      "Net Income From Continuing And Discontinued Operation": 1669900000.0,
      "Diluted Average Shares": 3038418183.0,
      "Basic Average Shares": 3038418183.0,
      "Diluted EPS": 0.44408,
      "Basic EPS": 0.44408,
      "Diluted NI Availto Com Stockholders": 1349300000.0,
      "Net Income Common Stockholders": 1349300000.0,
      "Otherunder Preferred Stock Dividend": 320600000.0,
      "Net Income": 1669900000.0,
      "Minority Interests": -900000.0,
      "Net Income Including Noncontrolling Interests": 1670800000.0,
      "Net Income Discontinuous Operations": null,
      "Net Income Continuous Operations": 1670800000.0,
      "Tax Provision": -882800000.0,
      "Pretax Income": 788000000.0,
      "Special Income Charges": -62300000.0,
      "Other Special Charges": 33000000.0,
      "Impairment Of Capital Assets": 21600000.0,
      "Restructuring And Mergern Acquisition": 7700000.0,
      "Gain On Sale Of Security": 5100000.0,
      "Operating Expense": 910700000.0,
      "Other Operating Expenses": 8000000.0,
      "Depreciation And Amortization In Income Statement": 69400000.0,
      "Amortization": null,
      "Depreciation Income Statement": 69400000.0,
      "Selling General And Administration": 262900000.0,
      "Selling And Marketing Expense": null,
      "General And Administrative Expense": 262900000.0,
      "Insurance And Claims": 10000000.0,
      "Total Revenue": 1905700000.0,
      "Operating Revenue": 1905700000.0
    },
    "2025-09-30T00:00:00": {
      "Tax Effect Of Unusual Items": -1152000.0,
      "Tax Rate For Calcs": 0.24,
      "Total Unusual Items": -4800000.0,
      "Total Unusual Items Excluding Goodwill": -4800000.0,
      "Net Income From Continuing Operation Net Minority Interest": 474000000.0,
      "Reconciled Depreciation": 38800000.0,
      "Net Interest Income": 543700000.0,
      "Interest Expense": 123200000.0,
      "Interest Income": 666900000.0,
      "Normalized Income": 477648000.0,
      "Net Income From Continuing And Discontinued Operation": 474000000.0,
      "Diluted Average Shares": 3038418183.0,
      "Basic Average Shares": 3038418183.0,
      "Diluted EPS": 0.156002,
      "Basic EPS": 0.156002,
      "Diluted NI Availto Com Stockholders": 474000000.0,
      "Net Income Common Stockholders": 474000000.0,
      "Otherunder Preferred Stock Dividend": null,
      "Net Income": 474000000.0,
      "Minority Interests": 100000.0,
      "Net Income Including Noncontrolling Interests": 473900000.0,
      "Net Income Discontinuous Operations": null,
      "Net Income Continuous Operations": 473900000.0,
      "Tax Provision": -42800000.0,
      "Pretax Income": 431100000.0,
      "Special Income Charges": -4800000.0,
      "Other Special Charges": null,
      "Impairment Of Capital Assets": -600000.0,
      "Restructuring And Mergern Acquisition": 5400000.0,
      "Gain On Sale Of Security": 27400000.0,
      "Operating Expense": 485000000.0,
      "Other Operating Expenses": 73800000.0,
      "Depreciation And Amortization In Income Statement": 38800000.0,
      "Amortization": 15500000.0,
      "Depreciation Income Statement": 23300000.0,
      "Selling General And Administration": 51500000.0,
      "Selling And Marketing Expense": 800000.0,
      "General And Administrative Expense": 50700000.0,
      "Insurance And Claims": 0.0,
      "Total Revenue": 1000700000.0,
      "Operating Revenue": 1000700000.0
    },
    "2025-06-30T00:00:00": {
      "Tax Effect Of Unusual Items": -3240000.0,
      "Tax Rate For Calcs": 0.24,
      "Total Unusual Items": -13500000.0,
      "Total Unusual Items Excluding Goodwill": -13500000.0,
      "Net Income From Continuing Operation Net Minority Interest": 479300000.0,
      "Reconciled Depreciation": 45000000.0,
      "Net Interest Income": 551100000.0,
      "Interest Expense": null,
      "Interest Income": 551100000.0,
      "Normalized Income": 489560000.0,
      "Net Income From Continuing And Discontinued Operation": 479300000.0,
      "Diluted Average Shares": 1259689706.0,
      "Basic Average Shares": 1259689706.0,
      "Diluted EPS": 0.380491,
      "Basic EPS": 0.380491,
      "Diluted NI Availto Com Stockholders": 479300000.0,
      "Net Income Common Stockholders": 479300000.0,
      "Otherunder Preferred Stock Dividend": null,
      "Net Income": 479300000.0,
      "Minority Interests": -100000.0,
      "Net Income Including Noncontrolling Interests": 479200000.0,
      "Net Income Discontinuous Operations": null,
      "Net Income Continuous Operations": 479200000.0,
      "Tax Provision": -19700000.0,
      "Pretax Income": 459500000.0,
      "Special Income Charges": -13500000.0,
      "Other Special Charges": 300000.0,
      "Impairment Of Capital Assets": 4700000.0,
      "Restructuring And Mergern Acquisition": 8500000.0,
      "Gain On Sale Of Security": null,
      "Operating Expense": 486300000.0,
      "Other Operating Expenses": 15400000.0,
      "Depreciation And Amortization In Income Statement": 40800000.0,
      "Amortization": null,
      "Depreciation Income Statement": 40800000.0,
      "Selling General And Administration": 111000000.0,
      "Selling And Marketing Expense": null,
      "General And Administrative Expense": 111000000.0,
      "Insurance And Claims": 0.0,
      "Total Revenue": 1043400000.0,
      "Operating Revenue": 1043400000.0
    },
    "2025-03-31T00:00:00": {
      "Tax Effect Of Unusual Items": 480000.0,
      "Tax Rate For Calcs": 0.24,
      "Total Unusual Items": 2000000.0,
      "Total Unusual Items Excluding Goodwill": 2000000.0,
      "Net Income From Continuing Operation Net Minority Interest": 413100000.0,
      "Reconciled Depreciation": 36400000.0,
      "Net Interest Income": 536200000.0,
      "Interest Expense": 472500000.0,
      "Interest Income": 1008700000.0,
      "Normalized Income": 411580000.0,
      "Net Income From Continuing And Discontinued Operation": 413100000.0,
      "Diluted Average Shares": 1259451220.0,
      "Basic Average Shares": 1259451220.0,
      "Diluted EPS": 0.328,
      "Basic EPS": 0.328,
      "Diluted NI Availto Com Stockholders": 413100000.0,
      "Net Income Common Stockholders": 413100000.0,
      "Otherunder Preferred Stock Dividend": null,
      "Net Income": 413100000.0,
      "Minority Interests": 0.0,
      "Net Income Including Noncontrolling Interests": 413100000.0,
      "Net Income Discontinuous Operations": 0.0,
      "Net Income Continuous Operations": 413100000.0,
      "Tax Provision": -15400000.0,
      "Pretax Income": 397700000.0,
      "Special Income Charges": 2000000.0,
      "Other Special Charges": null,
      "Impairment Of Capital Assets": -2000000.0,
      "Restructuring And Mergern Acquisition": null,
      "Gain On Sale Of Security": -8100000.0,
      "Operating Expense": 516600000.0,
      "Other Operating Expenses": -32900000.0,
      "Depreciation And Amortization In Income Statement": 38400000.0,
      "Amortization": 15600000.0,
      "Depreciation Income Statement": 22800000.0,
      "Selling General And Administration": 187700000.0,
      "Selling And Marketing Expense": null,
      "General And Administrative Expense": 187700000.0,
      "Insurance And Claims": null,
      "Total Revenue": 972700000.0,
      "Operating Revenue": 972700000.0
    },
    "2024-12-31T00:00:00": {
      "Tax Effect Of Unusual Items": -5592000.0,
      "Tax Rate For Calcs": 0.24,
      "Total Unusual Items": -23300000.0,
      "Total Unusual Items Excluding Goodwill": -23300000.0,
      "Net Income From Continuing Operation Net Minority Interest": 384900000.0,
      "Reconciled Depreciation": 44600000.0,
      "Net Interest Income": 588000000.0,
      "Interest Expense": null,
      "Interest Income": 588000000.0,
      "Normalized Income": 402608000.0,
      "Net Income From Continuing And Discontinued Operation": 384900000.0,
      "Diluted Average Shares": 1259689706.0,
      "Basic Average Shares": 1259689706.0,
      "Diluted EPS": 0.305551,
      "Basic EPS": 0.305551,
      "Diluted NI Availto Com Stockholders": 384900000.0,
      "Net Income Common Stockholders": 384900000.0,
      "Otherunder Preferred Stock Dividend": null,
      "Net Income": 384900000.0,
      "Minority Interests": 100000.0,
      "Net Income Including Noncontrolling Interests": 384800000.0,
      "Net Income Discontinuous Operations": null,
      "Net Income Continuous Operations": 384800000.0,
      "Tax Provision": -36600000.0,
      "Pretax Income": 348200000.0,
      "Special Income Charges": -23300000.0,
      "Other Special Charges": 9100000.0,
      "Impairment Of Capital Assets": 9100000.0,
      "Restructuring And Mergern Acquisition": 14200000.0,
      "Gain On Sale Of Security": 8900000.0,
      "Operating Expense": 526200000.0,
      "Other Operating Expenses": 47200000.0,
      "Depreciation And Amortization In Income Statement": 44600000.0,
      "Amortization": null,
      "Depreciation Income Statement": 44600000.0,
      "Selling General And Administration": 121100000.0,
      "Selling And Marketing Expense": null,
      "General And Administrative Expense": 121100000.0,
      "Insurance And Claims": 2200000.0,
      "Total Revenue": 1004200000.0,
      "Operating Revenue": 1004200000.0
    },
    "2024-09-30T00:00:00": {
      "Tax Effect Of Unusual Items": null,
      "Tax Rate For Calcs": null,
      "Total Unusual Items": null,
      "Total Unusual Items Excluding Goodwill": null,
      "Net Income From Continuing Operation Net Minority Interest": null,
      "Reconciled Depreciation": null,
      "Net Interest Income": null,
      "Interest Expense": 120600000.0,
      "Interest Income": null,
      "Normalized Income": null,
      "Net Income From Continuing And Discontinued Operation": null,
      "Diluted Average Shares": null,
      "Basic Average Shares": null,
      "Diluted EPS": null,
      "Basic EPS": null,
      "Diluted NI Availto Com Stockholders": null,
      "Net Income Common Stockholders": null,
      "Otherunder Preferred Stock Dividend": null,
      "Net Income": null,
      "Minority Interests": null,
      "Net Income Including Noncontrolling Interests": null,
      "Net Income Discontinuous Operations": null,
      "Net Income Continuous Operations": null,
      "Tax Provision": null,
      "Pretax Income": null,
      "Special Income Charges": null,
      "Other Special Charges": -1000000.0,
      "Impairment Of Capital Assets": null,
      "Restructuring And Mergern Acquisition": 16500000.0,
      "Gain On Sale Of Security": 800000.0,
      "Operating Expense": null,
      "Other Operating Expenses": null,
      "Depreciation And Amortization In Income Statement": null,
      "Amortization": 16600000.0,
      "Depreciation Income Statement": null,
      "Selling General And Administration": null,
      "Selling And Marketing Expense": 600000.0,
      "General And Administrative Expense": null,
      "Insurance And Claims": -100000.0,
      "Total Revenue": null,
      "Operating Revenue": null
    },
    "2024-06-30T00:00:00": {
      "Tax Effect Of Unusual Items": null,
      "Tax Rate For Calcs": null,
      "Total Unusual Items": null,
      "Total Unusual Items Excluding Goodwill": null,
      "Net Income From Continuing Operation Net Minority Interest": null,
      "Reconciled Depreciation": null,
      "Net Interest Income": null,
      "Interest Expense": null,
      "Interest Income": null,
      "Normalized Income": null,
      "Net Income From Continuing And Discontinued Operation": null,
      "Diluted Average Shares": null,
      "Basic Average Shares": null,
      "Diluted EPS": null,
      "Basic EPS": null,
      "Diluted NI Availto Com Stockholders": null,
      "Net Income Common Stockholders": null,
      "Otherunder Preferred Stock Dividend": null,
      "Net Income": null,
      "Minority Interests": null,
      "Net Income Including Noncontrolling Interests": null,
      "Net Income Discontinuous Operations": null,
      "Net Income Continuous Operations": null,
      "Tax Provision": null,
      "Pretax Income": null,
      "Special Income Charges": null,
      "Other Special Charges": null,
      "Impairment Of Capital Assets": null,
      "Restructuring And Mergern Acquisition": null,
      "Gain On Sale Of Security": null,
      "Operating Expense": null,
      "Other Operating Expenses": null,
      "Depreciation And Amortization In Income Statement": null,
      "Amortization": 16600000.0,
      "Depreciation Income Statement": null,
      "Selling General And Administration": null,
      "Selling And Marketing Expense": 600000.0,
      "General And Administrative Expense": null,
      "Insurance And Claims": null,
      "Total Revenue": null,
      "Operating Revenue": null
    }
  },
  "balance_sheet": {
    "2025-12-31T00:00:00": {
      "Treasury Shares Number": null,
      "Ordinary Shares Number": 3038418183.0,
      "Share Issued": 3038418183.0,
      "Total Debt": 11469600000.0,
      "Tangible Book Value": 13215900000.0,
      "Invested Capital": 24693400000.0,
      "Net Tangible Assets": 13215900000.0,
      "Common Stock Equity": 13223800000.0,
      "Total Capitalization": 24693400000.0,
      "Total Equity Gross Minority Interest": 13223900000.0,
      "Minority Interest": 100000.0,
      "Stockholders Equity": 13223800000.0,
      "Treasury Stock": 0.0,
      "Retained Earnings": 2756900000.0,
      "Additional Paid In Capital": 0.0,
      "Capital Stock": 7453500000.0,
      "Common Stock": 7453500000.0,
      "Total Liabilities Net Minority Interest": 116114600000.0,
      "Derivative Product Liabilities": 1671700000.0,
      "Long Term Debt And Capital Lease Obligation": 11469600000.0,
      "Payables": 28100000.0,
      "Other Payable": null,
      "Total Tax Payable": 28100000.0,
      "Accounts Payable": null,
      "Total Assets": 129338500000.0,
      "Investments And Advances": 22626500000.0,
      "Investmentin Financial Assets": 21906700000.0,
      "Available For Sale Securities": 18484300000.0,
      "Financial Assets Designatedas Fair Value Through Profitor Loss Total": null,
      "Trading Securities": null,
      "Long Term Equity Investment": 719800000.0,
      "Investment Properties": null,
      "Goodwill And Other Intangible Assets": 7900000.0,
      "Other Intangible Assets": null,
      "Goodwill": 7900000.0,
      "Net PPE": 2233200000.0,
      "Gross PPE": null,
      "Other Properties": null,
      "Machinery Furniture Equipment": null,
      "Buildings And Improvements": null,
      "Land And Improvements": null,
      "Prepaid Assets": null,
      "Receivables": null,
      "Taxes Receivable": 3775200000.0,
      "Cash And Cash Equivalents": 15017300000.0,
      "Cash Financial": 14120300000.0,
      "Cash Cash Equivalents And Federal Funds Sold": 15017300000.0
    },
    "2024-12-31T00:00:00": {
      "Treasury Shares Number": null,
      "Ordinary Shares Number": 1259689706.0,
      "Share Issued": 1259689706.0,
      "Total Debt": 12526969000.0,
      "Tangible Book Value": 11492882000.0,
      "Invested Capital": 24009389000.0,
      "Net Tangible Assets": 11492882000.0,
      "Common Stock Equity": 11648948000.0,
      "Total Capitalization": 24009389000.0,
      "Total Equity Gross Minority Interest": 11649284000.0,
      "Minority Interest": 336000.0,
      "Stockholders Equity": 11648948000.0,
      "Treasury Stock": null,
      "Retained Earnings": 1950783000.0,
      "Additional Paid In Capital": null,
      "Capital Stock": 7453451000.0,
      "Common Stock": 7453451000.0,
      "Total Liabilities Net Minority Interest": 110952466000.0,
      "Derivative Product Liabilities": 1345500000.0,
      "Long Term Debt And Capital Lease Obligation": 12526969000.0,
      "Payables": 973408000.0,
      "Other Payable": 530168000.0,
      "Total Tax Payable": 251487000.0,
      "Accounts Payable": 191753000.0,
      "Total Assets": 122601750000.0,
      "Investments And Advances": 20056938000.0,
      "Investmentin Financial Assets": 19384654000.0,
      "Available For Sale Securities": 13312617000.0,
      "Financial Assets Designatedas Fair Value Through Profitor Loss Total": 312788000.0,
      "Trading Securities": 3764377000.0,
      "Long Term Equity Investment": 672284000.0,
      "Investment Properties": 286681000.0,
      "Goodwill And Other Intangible Assets": 156066000.0,
      "Other Intangible Assets": 148166000.0,
      "Goodwill": 7900000.0,
      "Net PPE": 1822396000.0,
      "Gross PPE": 1822396000.0,
      "Other Properties": 83447000.0,
      "Machinery Furniture Equipment": 128187000.0,
      "Buildings And Improvements": 783885000.0,
      "Land And Improvements": 826877000.0,
      "Prepaid Assets": 560673000.0,
      "Receivables": 6966000.0,
      "Taxes Receivable": 2177674000.0,
      "Cash And Cash Equivalents": 14400117000.0,
      "Cash Financial": 752282000.0,
      "Cash Cash Equivalents And Federal Funds Sold": 22291754000.0
    },
    "2023-12-31T00:00:00": {
      "Treasury Shares Number": null,
      "Ordinary Shares Number": 1259689706.0,
      "Share Issued": 1259689706.0,
      "Total Debt": 12941704000.0,
      "Tangible Book Value": 9800234000.0,
      "Invested Capital": 22729006000.0,
      "Net Tangible Assets": 9800234000.0,
      "Common Stock Equity": 9978458000.0,
      "Total Capitalization": 22729006000.0,
      "Total Equity Gross Minority Interest": 9979109000.0,
      "Minority Interest": 651000.0,
      "Stockholders Equity": 9978458000.0,
      "Treasury Stock": null,
      "Retained Earnings": 2051781000.0,
      "Additional Paid In Capital": null,
      "Capital Stock": 7453451000.0,
      "Common Stock": 7453451000.0,
      "Total Liabilities Net Minority Interest": 112634582000.0,
      "Derivative Product Liabilities": 1345635000.0,
      "Long Term Debt And Capital Lease Obligation": 12941704000.0,
      "Payables": 1157305000.0,
      "Other Payable": 740324000.0,
      "Total Tax Payable": 221357000.0,
      "Accounts Payable": 195624000.0,
      "Total Assets": 122613691000.0,
      "Investments And Advances": 20218313000.0,
      "Investmentin Financial Assets": 19491622000.0,
      "Available For Sale Securities": 13220401000.0,
      "Financial Assets Designatedas Fair Value Through Profitor Loss Total": 245475000.0,
      "Trading Securities": 3810574000.0,
      "Long Term Equity Investment": 726691000.0,
      "Investment Properties": 285247000.0,
      "Goodwill And Other Intangible Assets": 178224000.0,
      "Other Intangible Assets": 170324000.0,
      "Goodwill": 7900000.0,
      "Net PPE": 1943452000.0,
      "Gross PPE": 1943452000.0,
      "Other Properties": 95545000.0,
      "Machinery Furniture Equipment": 132490000.0,
      "Buildings And Improvements": 831869000.0,
      "Land And Improvements": 883548000.0,
      "Prepaid Assets": 523278000.0,
      "Receivables": 5811000.0,
      "Taxes Receivable": 2197551000.0,
      "Cash And Cash Equivalents": 15579350000.0,
      "Cash Financial": 708220000.0,
      "Cash Cash Equivalents And Federal Funds Sold": 22839923000.0
    },
    "2022-12-31T00:00:00": {
      "Treasury Shares Number": null,
      "Ordinary Shares Number": 1259689706.0,
      "Share Issued": 1259689706.0,
      "Total Debt": 10303201000.0,
      "Tangible Book Value": 7697345000.0,
      "Invested Capital": 17952002000.0,
      "Net Tangible Assets": 7697345000.0,
      "Common Stock Equity": 7859994000.0,
      "Total Capitalization": 17952002000.0,
      "Total Equity Gross Minority Interest": 7860930000.0,
      "Minority Interest": 936000.0,
      "Stockholders Equity": 7859994000.0,
      "Treasury Stock": null,
      "Retained Earnings": -178361000.0,
      "Additional Paid In Capital": null,
      "Capital Stock": 7453451000.0,
      "Common Stock": 7453451000.0,
      "Total Liabilities Net Minority Interest": 112374374000.0,
      "Derivative Product Liabilities": 1645538000.0,
      "Long Term Debt And Capital Lease Obligation": 10303201000.0,
      "Payables": 1333541000.0,
      "Other Payable": 967711000.0,
      "Total Tax Payable": 167977000.0,
      "Accounts Payable": 197853000.0,
      "Total Assets": 120235304000.0,
      "Investments And Advances": 21649133000.0,
      "Investmentin Financial Assets": 20898455000.0,
      "Available For Sale Securities": 14115944000.0,
      "Financial Assets Designatedas Fair Value Through Profitor Loss Total": 314759000.0,
      "Trading Securities": 3962917000.0,
      "Long Term Equity Investment": 750678000.0,
      "Investment Properties": 303689000.0,
      "Goodwill And Other Intangible Assets": 162649000.0,
      "Other Intangible Assets": 154749000.0,
      "Goodwill": 7900000.0,
      "Net PPE": 2072237000.0,
      "Gross PPE": 2072237000.0,
      "Other Properties": 118984000.0,
      "Machinery Furniture Equipment": 136776000.0,
      "Buildings And Improvements": 852635000.0,
      "Land And Improvements": 963842000.0,
      "Prepaid Assets": 512071000.0,
      "Receivables": 33564000.0,
      "Taxes Receivable": 1718293000.0,
      "Cash And Cash Equivalents": 13598205000.0,
      "Cash Financial": 695933000.0,
      "Cash Cash Equivalents And Federal Funds Sold": 17687703000.0
    },
    "2021-12-31T00:00:00": {
      "Treasury Shares Number": 36280748.0,
      "Ordinary Shares Number": null,
      "Share Issued": null,
      "Total Debt": null,
      "Tangible Book Value": null,
      "Invested Capital": null,
      "Net Tangible Assets": null,
      "Common Stock Equity": null,
      "Total Capitalization": null,
      "Total Equity Gross Minority Interest": null,
      "Minority Interest": null,
      "Stockholders Equity": null,
      "Treasury Stock": 0.0,
      "Retained Earnings": null,
      "Additional Paid In Capital": null,
      "Capital Stock": null,
      "Common Stock": null,
      "Total Liabilities Net Minority Interest": null,
      "Derivative Product Liabilities": null,
      "Long Term Debt And Capital Lease Obligation": null,
      "Payables": null,
      "Other Payable": 154164000.0,
      "Total Tax Payable": null,
      "Accounts Payable": 277492000.0,
      "Total Assets": null,
      "Investments And Advances": null,
      "Investmentin Financial Assets": null,
      "Available For Sale Securities": null,
      "Financial Assets Designatedas Fair Value Through Profitor Loss Total": 322582000.0,
      "Trading Securities": 6790936000.0,
      "Long Term Equity Investment": null,
      "Investment Properties": 254240000.0,
      "Goodwill And Other Intangible Assets": null,
      "Other Intangible Assets": 177329000.0,
      "Goodwill": null,
      "Net PPE": null,
      "Gross PPE": 2235891000.0,
      "Other Properties": 145591000.0,
      "Machinery Furniture Equipment": 142470000.0,
      "Buildings And Improvements": 884566000.0,
      "Land And Improvements": 1063264000.0,
      "Prepaid Assets": 516785000.0,
      "Receivables": 10734000.0,
      "Taxes Receivable": null,
      "Cash And Cash Equivalents": null,
      "Cash Financial": null,
      "Cash Cash Equivalents And Federal Funds Sold": null
    }
  },
  "cashflow": {
    "2024-12-31T00:00:00": {
      "Free Cash Flow": -860423000.0,
      "Capital Expenditure": -68424000.0,
      "End Cash Position": 13249398000.0,
      "Other Cash Adjustment Outside Changein Cash": null,
      "Beginning Cash Position": 14317277000.0,
      "Changes In Cash": -1067879000.0,
      "Financing Cash Flow": -315031000.0,
      "Cash Dividends Paid": -315031000.0,
      "Common Stock Dividend Paid": -315031000.0,
      "Net Common Stock Issuance": 0.0,
      "Investing Cash Flow": 39151000.0,
      "Dividends Received Cfi": 35483000.0,
      "Net Business Purchase And Sale": null,
      "Sale Of Business": null,
      "Net Intangibles Purchase And Sale": -37652000.0,
      "Sale Of Intangibles": null,
      "Purchase Of Intangibles": -37652000.0,
      "Net PPE Purchase And Sale": 41320000.0,
      "Sale Of PPE": 72092000.0,
      "Purchase Of PPE": -30772000.0,
      "Operating Cash Flow": -791999000.0,
      "Change In Working Capital": -2808466000.0,
      "Change In Other Current Liabilities": -125422000.0,
      "Change In Other Current Assets": null,
      "Other Non Cash Items": -122924000.0,
      "Provisionand Write Offof Assets": 638975000.0,
      "Deferred Tax": -508100000.0,
      "Depreciation And Amortization": 196705000.0,
      "Depreciation": 196705000.0,
      "Gain Loss On Investment Securities": -138812000.0,
      "Net Income From Continuing Operations": 1950623000.0
    },
    "2023-12-31T00:00:00": {
      "Free Cash Flow": 1662907000.0,
      "Capital Expenditure": -111438000.0,
      "End Cash Position": 14317277000.0,
      "Other Cash Adjustment Outside Changein Cash": 1000.0,
      "Beginning Cash Position": 12538578000.0,
      "Changes In Cash": 1778698000.0,
      "Financing Cash Flow": -2726000.0,
      "Cash Dividends Paid": -96000.0,
      "Common Stock Dividend Paid": -96000.0,
      "Net Common Stock Issuance": -2630000.0,
      "Investing Cash Flow": 7079000.0,
      "Dividends Received Cfi": 116367000.0,
      "Net Business Purchase And Sale": null,
      "Sale Of Business": null,
      "Net Intangibles Purchase And Sale": -83033000.0,
      "Sale Of Intangibles": null,
      "Purchase Of Intangibles": -83033000.0,
      "Net PPE Purchase And Sale": -26255000.0,
      "Sale Of PPE": 2150000.0,
      "Purchase Of PPE": -28405000.0,
      "Operating Cash Flow": 1774345000.0,
      "Change In Working Capital": -97294000.0,
      "Change In Other Current Liabilities": -40375000.0,
      "Change In Other Current Assets": -655591000.0,
      "Other Non Cash Items": -88278000.0,
      "Provisionand Write Offof Assets": 139733000.0,
      "Deferred Tax": -345117000.0,
      "Depreciation And Amortization": 228780000.0,
      "Depreciation": 228780000.0,
      "Gain Loss On Investment Securities": -115104000.0,
      "Net Income From Continuing Operations": 2051625000.0
    },
    "2022-12-31T00:00:00": {
      "Free Cash Flow": 8315752000.0,
      "Capital Expenditure": -65710000.0,
      "End Cash Position": 12538578000.0,
      "Other Cash Adjustment Outside Changein Cash": null,
      "Beginning Cash Position": 1741766000.0,
      "Changes In Cash": 10796812000.0,
      "Financing Cash Flow": 2371263000.0,
      "Cash Dividends Paid": -86000.0,
      "Common Stock Dividend Paid": -86000.0,
      "Net Common Stock Issuance": 2371349000.0,
      "Investing Cash Flow": 44087000.0,
      "Dividends Received Cfi": 107267000.0,
      "Net Business Purchase And Sale": 0.0,
      "Sale Of Business": 0.0,
      "Net Intangibles Purchase And Sale": -46468000.0,
      "Sale Of Intangibles": 0.0,
      "Purchase Of Intangibles": -46468000.0,
      "Net PPE Purchase And Sale": -16712000.0,
      "Sale Of PPE": 2530000.0,
      "Purchase Of PPE": -19242000.0,
      "Operating Cash Flow": 8381462000.0,
      "Change In Working Capital": 8613799000.0,
      "Change In Other Current Liabilities": -1194571000.0,
      "Change In Other Current Assets": -113263000.0,
      "Other Non Cash Items": -91011000.0,
      "Provisionand Write Offof Assets": 529805000.0,
      "Deferred Tax": -426620000.0,
      "Depreciation And Amortization": 218581000.0,
      "Depreciation": 218581000.0,
      "Gain Loss On Investment Securities": -284583000.0,
      "Net Income From Continuing Operations": -178509000.0
    },
    "2021-12-31T00:00:00": {
      "Free Cash Flow": -662857000.0,
      "Capital Expenditure": -111321000.0,
      "End Cash Position": 1741766000.0,
      "Other Cash Adjustment Outside Changein Cash": null,
      "Beginning Cash Position": 2319441000.0,
      "Changes In Cash": -577675000.0,
      "Financing Cash Flow": 42928000.0,
      "Cash Dividends Paid": -53000.0,
      "Common Stock Dividend Paid": -53000.0,
      "Net Common Stock Issuance": 42981000.0,
      "Investing Cash Flow": -69067000.0,
      "Dividends Received Cfi": 30370000.0,
      "Net Business Purchase And Sale": 1021000.0,
      "Sale Of Business": 1021000.0,
      "Net Intangibles Purchase And Sale": -68943000.0,
      "Sale Of Intangibles": 2633000.0,
      "Purchase Of Intangibles": -71576000.0,
      "Net PPE Purchase And Sale": -31515000.0,
      "Sale Of PPE": 8230000.0,
      "Purchase Of PPE": -39745000.0,
      "Operating Cash Flow": -551536000.0,
      "Change In Working Capital": -1371602000.0,
      "Change In Other Current Liabilities": -973590000.0,
      "Change In Other Current Assets": 745870000.0,
      "Other Non Cash Items": -136015000.0,
      "Provisionand Write Offof Assets": 419641000.0,
      "Deferred Tax": -51167000.0,
      "Depreciation And Amortization": 245783000.0,
      "Depreciation": 245783000.0,
      "Gain Loss On Investment Securities": 32493000.0,
      "Net Income From Continuing Operations": 309331000.0
    }
  },
  "earnings_estimate": {
    "avg": {
      "0q": 0.20959,
      "+1q": 0.20518,
      "0y": 0.80091,
      "+1y": 0.88727
    },
    "low": {
      "0q": 0.20959,
      "+1q": 0.20518,
      "0y": 0.68839,
      "+1y": 0.81
    },
    "high": {
      "0q": 0.20959,
      "+1q": 0.20518,
      "0y": 0.96,
      "+1y": 1.03
    },
    "numberOfAnalysts": {
      "0q": 1,
      "+1q": 1,
      "0y": 9,
      "+1y": 9
    },
    "yearAgoEps": {
      "0q": null,
      "+1q": 0.38674,
      "0y": 1.5528,
      "+1y": 0.80091
    },
    "growth": {
      "0q": null,
      "+1q": -0.4695,
      "0y": -0.48419997,
      "+1y": 0.1078
    }
  },
  "revenue_estimate": {
    "avg": {
      "0q": 0,
      "+1q": 0,
      "0y": 7954862280,
      "+1y": 8311373299
    },
    "low": {
      "0q": 0,
      "+1q": 0,
      "0y": 7619533550,
      "+1y": 7852874280
    },
    "high": {
      "0q": 0,
      "+1q": 0,
      "0y": 8274000000,
      "+1y": 8697000000
    },
    "numberOfAnalysts": {
      "0q": 0,
      "+1q": 0,
      "0y": 9,
      "+1y": 9
    },
    "yearAgoRevenue": {
      "0q": null,
      "+1q": null,
      "0y": 4073900000.0,
      "+1y": 7954862280.0
    },
    "growth": {
      "0q": null,
      "+1q": null,
      "0y": 0.9526,
      "+1y": 0.0448
    }
  },
  "growth_estimates": {
    "stockTrend": {
      "0q": null,
      "+1q": -0.4695,
      "0y": -0.48419997,
      "+1y": 0.1078,
      "LTG": null
    },
    "indexTrend": {
      "0q": 0.1273,
      "+1q": 0.103599995,
      "0y": 0.14310001,
      "+1y": 0.1557,
      "LTG": 0.122
    }
  },
  "revenue_forecasts": null,
  "dividend_rate": 0.86,
  "trailing_dividend_rate": 0.86
}