{
  "ticker": "BMW.DE",
  "name": "BMW",
  "country": "germany",
  "currency": "EUR",
  "last_fetched": "2026-02-26T20:47:42.572039",
  "market_cap": 54153883648,
  "revenue": 136415002624,
  "net_income": 7020000256,
  "pe_ratio": 7.806678,
  "forward_pe": 8.033588,
  "dividend_yield": 4.88,
  "profit_margin": 0.051459998,
  "roe": 0.07684,
  "debt_to_equity": 112.754,
  "beta": 0.748,
  "ev_to_ebitda": 9.636,
  "sector": "Consumer Cyclical",
  "industry": "Auto Manufacturers",
  "summary": "Bayerische Motoren Werke Aktiengesellschaft develops, manufactures, and sells automobiles and motorcycles, spare parts, and accessories worldwide. It operates through Automotive, Motorcycles, and Financial Services segments. The company offers automobiles under the BMW, MINI, and Rolls-Royce brands. It also develops, manufactures, and sells motorcycles for private use and special-purpose vehicles for operational use under the BMW Motorrad brand. In addition, the company provides car rentals; credit financing; leasing that include insurance and service products; financing for dealership and customer deposits; vehicle fleet financing services for corporate car fleets under the Alphabet brand; and financial services for the automotive sector. It sells its products through independent dealerships. Bayerische Motoren Werke Aktiengesellschaft was founded in 1916 and is headquartered in Munich, Germany.",
  "website": "https://www.bmwgroup.com",
  "employees": 157457,
  "target_high": 115.0,
  "target_low": 69.0,
  "target_mean": 92.03478,
  "target_median": 93.0,
  "recommendation": "hold",
  "num_analysts": 23,
  "income_stmt": {
    "2024-12-31T00:00:00": {
      "Tax Effect Of Unusual Items": -176700000.0,
      "Tax Rate For Calcs": 0.3,
      "Normalized EBITDA": 20783000000.0,
      "Total Unusual Items": -589000000.0,
      "Total Unusual Items Excluding Goodwill": -589000000.0,
      "Net Income From Continuing Operation Net Minority Interest": 7290000000.0,
      "Reconciled Depreciation": 8650000000.0,
      "Reconciled Cost Of Revenue": 119485000000.0,
      "EBITDA": 20194000000.0,
      "EBIT": 11544000000.0,
      "Net Interest Income": 82000000.0,
      "Interest Expense": 573000000.0,
      "Interest Income": 655000000.0,
      "Normalized Income": 7702300000.0,
      "Net Income From Continuing And Discontinued Operation": 7290000000.0,
      "Total Expenses": 130986000000.0,
      "Diluted Average Shares": 570599065.0,
      "Basic Average Shares": 570599065.0,
      "Diluted EPS": 11.62,
      "Basic EPS": 11.62,
      "Diluted NI Availto Com Stockholders": 6629600000.0,
      "Net Income Common Stockholders": 6629600000.0,
      "Otherunder Preferred Stock Dividend": 0.0,
      "Preferred Stock Dividends": 660400000.0,
      "Net Income": 7290000000.0,
      "Minority Interests": -388000000.0,
      "Net Income Including Noncontrolling Interests": 7678000000.0,
      "Net Income Continuous Operations": 7678000000.0,
      "Tax Provision": 3293000000.0,
      "Pretax Income": 10971000000.0,
      "Special Income Charges": -132000000.0,
      "Other Special Charges": 115000000.0,
      "Write Off": 17000000.0,
      "Net Non Operating Interest Income Expense": 82000000.0,
      "Interest Expense Non Operating": 573000000.0,
      "Interest Income Non Operating": 655000000.0,
      "Operating Income": 11394000000.0,
      "Operating Expense": 11501000000.0,
      "Other Operating Expenses": 580000000.0,
      "Selling General And Administration": 11296000000.0,
      "Selling And Marketing Expense": 6135000000.0,
      "General And Administrative Expense": 5161000000.0,
      "Gross Profit": 22895000000.0,
      "Cost Of Revenue": 119485000000.0,
      "Total Revenue": 142380000000.0,
      "Operating Revenue": 142380000000.0
    },
    "2023-12-31T00:00:00": {
      "Tax Effect Of Unusual Items": -356256000.0,
      "Tax Rate For Calcs": 0.288,
      "Normalized EBITDA": 27963000000.0,
      "Total Unusual Items": -1237000000.0,
      "Total Unusual Items Excluding Goodwill": -1237000000.0,
      "Net Income From Continuing Operation Net Minority Interest": 11290000000.0,
      "Reconciled Depreciation": 8974000000.0,
      "Reconciled Cost Of Revenue": 125809000000.0,
      "EBITDA": 26726000000.0,
      "EBIT": 17752000000.0,
      "Net Interest Income": 45000000.0,
      "Interest Expense": 656000000.0,
      "Interest Income": 701000000.0,
      "Normalized Income": 12170744000.0,
      "Net Income From Continuing And Discontinued Operation": 11290000000.0,
      "Total Expenses": 137022000000.0,
      "Diluted Average Shares": 579941360.0,
      "Basic Average Shares": 579941360.0,
      "Diluted EPS": 17.67,
      "Basic EPS": 17.67,
      "Diluted NI Availto Com Stockholders": 10250300000.0,
      "Net Income Common Stockholders": 10250300000.0,
      "Otherunder Preferred Stock Dividend": -300000.0,
      "Preferred Stock Dividends": 1040000000.0,
      "Net Income": 11290000000.0,
      "Minority Interests": -875000000.0,
      "Net Income Including Noncontrolling Interests": 12165000000.0,
      "Net Income Continuous Operations": 12165000000.0,
      "Tax Provision": 4931000000.0,
      "Pretax Income": 17096000000.0,
      "Special Income Charges": -22000000.0,
      "Other Special Charges": 9000000.0,
      "Write Off": 13000000.0,
      "Net Non Operating Interest Income Expense": 45000000.0,
      "Interest Expense Non Operating": 656000000.0,
      "Interest Income Non Operating": 701000000.0,
      "Operating Income": 18476000000.0,
      "Operating Expense": 11213000000.0,
      "Other Operating Expenses": 504000000.0,
      "Selling General And Administration": 11025000000.0,
      "Selling And Marketing Expense": 6091000000.0,
      "General And Administrative Expense": 4934000000.0,
      "Gross Profit": 29689000000.0,
      "Cost Of Revenue": 125809000000.0,
      "Total Revenue": 155498000000.0,
      "Operating Revenue": 155498000000.0
    },
    "2022-12-31T00:00:00": {
      "Tax Effect Of Unusual Items": 198030000.0,
      "Tax Rate For Calcs": 0.21,
      "Normalized EBITDA": 31362000000.0,
      "Total Unusual Items": 943000000.0,
      "Total Unusual Items Excluding Goodwill": 943000000.0,
      "Net Income From Continuing Operation Net Minority Interest": 17941000000.0,
      "Reconciled Depreciation": 8566000000.0,
      "Reconciled Cost Of Revenue": 118042000000.0,
      "EBITDA": 32305000000.0,
      "EBIT": 23739000000.0,
      "Net Interest Income": 673000000.0,
      "Interest Expense": 230000000.0,
      "Interest Income": 903000000.0,
      "Normalized Income": 17196030000.0,
      "Net Income From Continuing And Discontinued Operation": 17941000000.0,
      "Total Expenses": 128401000000.0,
      "Diluted Average Shares": 597924318.0,
      "Basic Average Shares": 597924318.0,
      "Diluted EPS": 27.31,
      "Basic EPS": 27.31,
      "Diluted NI Availto Com Stockholders": 16327700000.0,
      "Net Income Common Stockholders": 16327700000.0,
      "Otherunder Preferred Stock Dividend": 0.0,
      "Preferred Stock Dividends": 1613300000.0,
      "Net Income": 17941000000.0,
      "Minority Interests": -641000000.0,
      "Net Income Including Noncontrolling Interests": 18582000000.0,
      "Net Income Continuous Operations": 18582000000.0,
      "Tax Provision": 4927000000.0,
      "Pretax Income": 23509000000.0,
      "Special Income Charges": -224000000.0,
      "Other Special Charges": 43000000.0,
      "Write Off": 181000000.0,
      "Net Non Operating Interest Income Expense": 673000000.0,
      "Interest Expense Non Operating": 230000000.0,
      "Interest Income Non Operating": 903000000.0,
      "Operating Income": 14209000000.0,
      "Operating Expense": 10359000000.0,
      "Other Operating Expenses": 17000000.0,
      "Selling General And Administration": 10616000000.0,
      "Selling And Marketing Expense": 6191000000.0,
      "General And Administrative Expense": 4425000000.0,
      "Gross Profit": 24568000000.0,
      "Cost Of Revenue": 118042000000.0,
      "Total Revenue": 142610000000.0,
      "Operating Revenue": 142610000000.0
    },
    "2021-12-31T00:00:00": {
      "Tax Effect Of Unusual Items": 112896000.0,
      "Tax Rate For Calcs": 0.224,
      "Normalized EBITDA": 22287000000.0,
      "Total Unusual Items": 504000000.0,
      "Total Unusual Items Excluding Goodwill": 504000000.0,
      "Net Income From Continuing Operation Net Minority Interest": 12382000000.0,
      "Reconciled Depreciation": 6495000000.0,
      "Reconciled Cost Of Revenue": 89253000000.0,
      "EBITDA": 22791000000.0,
      "EBIT": 16296000000.0,
      "Net Interest Income": -30000000.0,
      "Interest Expense": 236000000.0,
      "Interest Income": 206000000.0,
      "Normalized Income": 11990896000.0,
      "Net Income From Continuing And Discontinued Operation": 12382000000.0,
      "Total Expenses": 97785000000.0,
      "Diluted Average Shares": 601995196.0,
      "Basic Average Shares": 601995196.0,
      "Diluted EPS": 18.77,
      "Basic EPS": 18.77,
      "Diluted NI Availto Com Stockholders": 11298400000.0,
      "Net Income Common Stockholders": 11298400000.0,
      "Otherunder Preferred Stock Dividend": -200000.0,
      "Preferred Stock Dividends": 1083800000.0,
      "Net Income": 12382000000.0,
      "Minority Interests": -81000000.0,
      "Net Income Including Noncontrolling Interests": 12463000000.0,
      "Net Income Continuous Operations": 12463000000.0,
      "Tax Provision": 3597000000.0,
      "Pretax Income": 16060000000.0,
      "Special Income Charges": -82000000.0,
      "Other Special Charges": 85000000.0,
      "Write Off": -3000000.0,
      "Net Non Operating Interest Income Expense": -30000000.0,
      "Interest Expense Non Operating": 236000000.0,
      "Interest Income Non Operating": 206000000.0,
      "Operating Income": 13454000000.0,
      "Operating Expense": 8532000000.0,
      "Other Operating Expenses": -416000000.0,
      "Selling General And Administration": 9233000000.0,
      "Selling And Marketing Expense": 5324000000.0,
      "General And Administrative Expense": 3909000000.0,
      "Gross Profit": 21986000000.0,
      "Cost Of Revenue": 89253000000.0,
      "Total Revenue": 111239000000.0,
      "Operating Revenue": 111239000000.0
    }
  },
  "quarterly_income": {
    "2025-06-30T00:00:00": {
      "Tax Effect Of Unusual Items": 12403978.576894,
      "Tax Rate For Calcs": 0.295333,
      "Normalized EBITDA": 4867000000.0,
      "Total Unusual Items": 42000000.0,
      "Total Unusual Items Excluding Goodwill": 42000000.0,
      "Net Income From Continuing Operation Net Minority Interest": 1752000000.0,
      "Reconciled Depreciation": 2136000000.0,
      "Reconciled Cost Of Revenue": 28352000000.0,
      "EBITDA": 4909000000.0,
      "EBIT": 2773000000.0,
      "Net Interest Income": -92000000.0,
      "Interest Expense": 159000000.0,
      "Interest Income": 144000000.0,
      "Normalized Income": 1722403978.576894,
      "Net Income From Continuing And Discontinued Operation": 1752000000.0,
      "Total Expenses": 31266000000.0,
      "Diluted Average Shares": 614736842.0,
      "Basic Average Shares": 614736842.0,
      "Diluted EPS": 2.85,
      "Basic EPS": 2.85,
      "Diluted NI Availto Com Stockholders": 1752000000.0,
      "Net Income Common Stockholders": 1752000000.0,
      "Otherunder Preferred Stock Dividend": 0.0,
      "Net Income": 1752000000.0,
      "Minority Interests": -90000000.0,
      "Net Income Including Noncontrolling Interests": 1842000000.0,
      "Net Income Continuous Operations": 1842000000.0,
      "Tax Provision": 772000000.0,
      "Pretax Income": 2614000000.0,
      "Net Non Operating Interest Income Expense": -92000000.0,
      "Total Other Finance Cost": 77000000.0,
      "Interest Expense Non Operating": 159000000.0,
      "Interest Income Non Operating": 144000000.0,
      "Operating Income": 2661000000.0,
      "Operating Expense": 2914000000.0,
      "Other Operating Expenses": 904000000.0,
      "Selling General And Administration": 2700000000.0,
      "Selling And Marketing Expense": 1417000000.0,
      "General And Administrative Expense": 1283000000.0,
      "Gross Profit": 5575000000.0,
      "Cost Of Revenue": 28352000000.0,
      "Total Revenue": 33927000000.0,
      "Operating Revenue": 33927000000.0
    },
    "2025-03-31T00:00:00": {
      "Tax Effect Of Unusual Items": 0.0,
      "Tax Rate For Calcs": 0.30196,
      "Normalized EBITDA": 5412000000.0,
      "Total Unusual Items": null,
      "Total Unusual Items Excluding Goodwill": null,
      "Net Income From Continuing Operation Net Minority Interest": 2097000000.0,
      "Reconciled Depreciation": 2156000000.0,
      "Reconciled Cost Of Revenue": 28257000000.0,
      "EBITDA": 5412000000.0,
      "EBIT": 3256000000.0,
      "Net Interest Income": -26000000.0,
      "Interest Expense": 143000000.0,
      "Interest Income": 131000000.0,
      "Normalized Income": 2097000000.0,
      "Net Income From Continuing And Discontinued Operation": 2097000000.0,
      "Total Expenses": 30616000000.0,
      "Diluted Average Shares": 620414201.0,
      "Basic Average Shares": 620414201.0,
      "Diluted EPS": 3.38,
      "Basic EPS": 3.38,
      "Diluted NI Availto Com Stockholders": 2097000000.0,
      "Net Income Common Stockholders": 2097000000.0,
      "Otherunder Preferred Stock Dividend": 0.0,
      "Net Income": 2097000000.0,
      "Minority Interests": -76000000.0,
      "Net Income Including Noncontrolling Interests": 2173000000.0,
      "Net Income Continuous Operations": 2173000000.0,
      "Tax Provision": 940000000.0,
      "Pretax Income": 3113000000.0,
      "Net Non Operating Interest Income Expense": -26000000.0,
      "Total Other Finance Cost": 14000000.0,
      "Interest Expense Non Operating": 143000000.0,
      "Interest Income Non Operating": 131000000.0,
      "Operating Income": 3142000000.0,
      "Operating Expense": 2359000000.0,
      "Other Operating Expenses": 274000000.0,
      "Selling General And Administration": 2389000000.0,
      "Selling And Marketing Expense": null,
      "General And Administrative Expense": 2389000000.0,
      "Gross Profit": 5501000000.0,
      "Cost Of Revenue": 28257000000.0,
      "Total Revenue": 33758000000.0,
      "Operating Revenue": 33758000000.0
    },
    "2024-12-31T00:00:00": {
      "Tax Effect Of Unusual Items": 0.0,
      "Tax Rate For Calcs": 0.267299,
      "Normalized EBITDA": 4400000000.0,
      "Total Unusual Items": null,
      "Total Unusual Items Excluding Goodwill": null,
      "Net Income From Continuing Operation Net Minority Interest": 1497000000.0,
      "Reconciled Depreciation": 2155000000.0,
      "Reconciled Cost Of Revenue": 30990000000.0,
      "EBITDA": 4400000000.0,
      "EBIT": 2245000000.0,
      "Net Interest Income": 828000000.0,
      "Interest Expense": 135000000.0,
      "Interest Income": 173000000.0,
      "Normalized Income": 1497000000.0,
      "Net Income From Continuing And Discontinued Operation": 1497000000.0,
      "Total Expenses": 34649000000.0,
      "Diluted Average Shares": null,
      "Basic Average Shares": null,
      "Diluted EPS": null,
      "Basic EPS": null,
      "Diluted NI Availto Com Stockholders": 836600000.0,
      "Net Income Common Stockholders": 836600000.0,
      "Otherunder Preferred Stock Dividend": 0.0,
      "Net Income": 1497000000.0,
      "Minority Interests": -49000000.0,
      "Net Income Including Noncontrolling Interests": 1546000000.0,
      "Net Income Continuous Operations": 1546000000.0,
      "Tax Provision": 564000000.0,
      "Pretax Income": 2110000000.0,
      "Net Non Operating Interest Income Expense": 828000000.0,
      "Total Other Finance Cost": null,
      "Interest Expense Non Operating": 135000000.0,
      "Interest Income Non Operating": 173000000.0,
      "Operating Income": 1767000000.0,
      "Operating Expense": 3659000000.0,
      "Other Operating Expenses": -181000000.0,
      "Selling General And Administration": 3343000000.0,
      "Selling And Marketing Expense": null,
      "General And Administrative Expense": -2792000000.0,
      "Gross Profit": 5426000000.0,
      "Cost Of Revenue": 30990000000.0,
      "Total Revenue": 36416000000.0,
      "Operating Revenue": 36416000000.0
    },
    "2024-09-30T00:00:00": {
      "Tax Effect Of Unusual Items": 0.0,
      "Tax Rate For Calcs": 0.15,
      "Normalized EBITDA": 3149000000.0,
      "Total Unusual Items": null,
      "Total Unusual Items Excluding Goodwill": null,
      "Net Income From Continuing Operation Net Minority Interest": 389000000.0,
      "Reconciled Depreciation": 2127000000.0,
      "Reconciled Cost Of Revenue": 28160000000.0,
      "EBITDA": 3149000000.0,
      "EBIT": 1022000000.0,
      "Net Interest Income": -868000000.0,
      "Interest Expense": 184000000.0,
      "Interest Income": 155000000.0,
      "Normalized Income": 389000000.0,
      "Net Income From Continuing And Discontinued Operation": 389000000.0,
      "Total Expenses": 30710000000.0,
      "Diluted Average Shares": 607812500.0,
      "Basic Average Shares": 607812500.0,
      "Diluted EPS": 0.64,
      "Basic EPS": 0.64,
      "Diluted NI Availto Com Stockholders": 389000000.0,
      "Net Income Common Stockholders": 389000000.0,
      "Otherunder Preferred Stock Dividend": 0.0,
      "Net Income": 389000000.0,
      "Minority Interests": -87000000.0,
      "Net Income Including Noncontrolling Interests": 476000000.0,
      "Net Income Continuous Operations": 476000000.0,
      "Tax Provision": 362000000.0,
      "Pretax Income": 838000000.0,
      "Net Non Operating Interest Income Expense": -868000000.0,
      "Total Other Finance Cost": 839000000.0,
      "Interest Expense Non Operating": 184000000.0,
      "Interest Income Non Operating": 155000000.0,
      "Operating Income": 1696000000.0,
      "Operating Expense": 2550000000.0,
      "Other Operating Expenses": 199000000.0,
      "Selling General And Administration": 2666000000.0,
      "Selling And Marketing Expense": null,
      "General And Administrative Expense": 2666000000.0,
      "Gross Profit": 4246000000.0,
      "Cost Of Revenue": 28160000000.0,
      "Total Revenue": 32406000000.0,
      "Operating Revenue": 32406000000.0
    },
    "2024-06-30T00:00:00": {
      "Tax Effect Of Unusual Items": -8982128.982129,
      "Tax Rate For Calcs": 0.299404,
      "Normalized EBITDA": 6166000000.0,
      "Total Unusual Items": -30000000.0,
      "Total Unusual Items Excluding Goodwill": -30000000.0,
      "Net Income From Continuing Operation Net Minority Interest": 2613000000.0,
      "Reconciled Depreciation": 2172000000.0,
      "Reconciled Cost Of Revenue": 30285000000.0,
      "EBITDA": 6136000000.0,
      "EBIT": 3964000000.0,
      "Net Interest Income": 17000000.0,
      "Interest Expense": 103000000.0,
      "Interest Income": 165000000.0,
      "Normalized Income": 2634017871.017871,
      "Net Income From Continuing And Discontinued Operation": 2613000000.0,
      "Total Expenses": 33067000000.0,
      "Diluted Average Shares": 629638554.0,
      "Basic Average Shares": 629638554.0,
      "Diluted EPS": 4.15,
      "Basic EPS": 4.15,
      "Diluted NI Availto Com Stockholders": 2613000000.0,
      "Net Income Common Stockholders": 2613000000.0,
      "Otherunder Preferred Stock Dividend": 0.0,
      "Net Income": 2613000000.0,
      "Minority Interests": -92000000.0,
      "Net Income Including Noncontrolling Interests": 2705000000.0,
      "Net Income Continuous Operations": 2705000000.0,
      "Tax Provision": 1156000000.0,
      "Pretax Income": 3861000000.0,
      "Net Non Operating Interest Income Expense": 17000000.0,
      "Total Other Finance Cost": 45000000.0,
      "Interest Expense Non Operating": 103000000.0,
      "Interest Income Non Operating": 165000000.0,
      "Operating Income": 3877000000.0,
      "Operating Expense": 2782000000.0,
      "Other Operating Expenses": 283000000.0,
      "Selling General And Administration": 2772000000.0,
      "Selling And Marketing Expense": 1479000000.0,
      "General And Administrative Expense": 1293000000.0,
      "Gross Profit": 6659000000.0,
      "Cost Of Revenue": 30285000000.0,
      "Total Revenue": 36944000000.0,
      "Operating Revenue": 36944000000.0
    }
  },
  "balance_sheet": {
    "2024-12-31T00:00:00": {
      "Treasury Shares Number": 16456756.0,
      "Ordinary Shares Number": 622259319.0,
      "Share Issued": 638716075.0,
      "Net Debt": 63664000000.0,
      "Total Debt": 85504000000.0,
      "Tangible Book Value": 72095000000.0,
      "Invested Capital": 175266000000.0,
      "Working Capital": 8698000000.0,
      "Net Tangible Assets": 72095000000.0,
      "Capital Lease Obligations": 2553000000.0,
      "Common Stock Equity": 92315000000.0,
      "Total Capitalization": 148122000000.0,
      "Total Equity Gross Minority Interest": 95003000000.0,
      "Minority Interest": 2688000000.0,
      "Stockholders Equity": 92315000000.0,
      "Other Equity Interest": -2090000000.0,
      "Treasury Stock": 1502000000.0,
      "Additional Paid In Capital": 2456000000.0,
      "Capital Stock": 639000000.0,
      "Common Stock": 639000000.0,
      "Total Liabilities Net Minority Interest": 172729000000.0,
      "Total Non Current Liabilities Net Minority Interest": 85040000000.0,
      "Other Non Current Liabilities": 7597000000.0,
      "Derivative Product Liabilities": 3641000000.0,
      "Non Current Pension And Other Postretirement Benefit Plans": 222000000.0,
      "Non Current Deferred Taxes Liabilities": 2621000000.0,
      "Long Term Debt And Capital Lease Obligation": 57840000000.0,
      "Long Term Capital Lease Obligation": 2033000000.0,
      "Long Term Debt": 55807000000.0,
      "Long Term Provisions": 7830000000.0,
      "Current Liabilities": 87689000000.0,
      "Other Current Liabilities": 19398000000.0,
      "Current Debt And Capital Lease Obligation": 27664000000.0,
      "Current Capital Lease Obligation": 520000000.0,
      "Current Debt": 27144000000.0,
      "Current Provisions": 8543000000.0,
      "Payables": 15257000000.0,
      "Total Tax Payable": 1131000000.0,
      "Accounts Payable": 14126000000.0,
      "Total Assets": 267732000000.0,
      "Total Non Current Assets": 171345000000.0,
      "Other Non Current Assets": 1827000000.0,
      "Non Current Deferred Taxes Assets": 3244000000.0,
      "Investmentin Financial Assets": 834000000.0,
      "Available For Sale Securities": null,
      "Long Term Equity Investment": 1652000000.0,
      "Investments In Other Ventures Under Equity Method": 1410000000.0,
      "Investmentsin Subsidiariesat Cost": 242000000.0,
      "Goodwill And Other Intangible Assets": 20220000000.0,
      "Other Intangible Assets": 18691000000.0,
      "Goodwill": 1529000000.0,
      "Net PPE": 88419000000.0,
      "Accumulated Depreciation": -54127000000.0,
      "Gross PPE": 142546000000.0,
      "Construction In Progress": 6894000000.0,
      "Other Properties": 58538000000.0,
      "Machinery Furniture Equipment": 52224000000.0,
      "Buildings And Improvements": 4910000000.0,
      "Land And Improvements": 19980000000.0,
      "Properties": 0.0,
      "Current Assets": 96387000000.0,
      "Other Current Assets": 7429000000.0,
      "Prepaid Assets": 0.0,
      "Inventory": 24387000000.0,
      "Finished Goods": 17947000000.0,
      "Work In Process": 3130000000.0,
      "Raw Materials": 3310000000.0,
      "Taxes Receivable": 1316000000.0,
      "Accounts Receivable": 41403000000.0,
      "Allowance For Doubtful Accounts Receivable": -83000000.0,
      "Gross Accounts Receivable": 41486000000.0,
      "Cash Cash Equivalents And Short Term Investments": 21852000000.0,
      "Other Short Term Investments": 2565000000.0,
      "Cash And Cash Equivalents": 19287000000.0
    },
    "2023-12-31T00:00:00": {
      "Treasury Shares Number": null,
      "Ordinary Shares Number": 638716075.0,
      "Share Issued": 638716075.0,
      "Net Debt": 51682000000.0,
      "Total Debt": 71548000000.0,
      "Tangible Book Value": 69574000000.0,
      "Invested Capital": 158605000000.0,
      "Working Capital": 7971000000.0,
      "Net Tangible Assets": 69574000000.0,
      "Capital Lease Obligations": 2539000000.0,
      "Common Stock Equity": 89596000000.0,
      "Total Capitalization": 133165000000.0,
      "Total Equity Gross Minority Interest": 92923000000.0,
      "Minority Interest": 3327000000.0,
      "Stockholders Equity": 89596000000.0,
      "Other Equity Interest": -2071000000.0,
      "Treasury Stock": 500000000.0,
      "Additional Paid In Capital": 2456000000.0,
      "Capital Stock": 639000000.0,
      "Common Stock": 639000000.0,
      "Total Liabilities Net Minority Interest": 157967000000.0,
      "Total Non Current Liabilities Net Minority Interest": 70966000000.0,
      "Other Non Current Liabilities": 7065000000.0,
      "Derivative Product Liabilities": 3051000000.0,
      "Non Current Pension And Other Postretirement Benefit Plans": 427000000.0,
      "Non Current Deferred Taxes Liabilities": 2797000000.0,
      "Long Term Debt And Capital Lease Obligation": 45624000000.0,
      "Long Term Capital Lease Obligation": 2055000000.0,
      "Long Term Debt": 43569000000.0,
      "Long Term Provisions": 7797000000.0,
      "Current Liabilities": 87001000000.0,
      "Other Current Liabilities": 18683000000.0,
      "Current Debt And Capital Lease Obligation": 25924000000.0,
      "Current Capital Lease Obligation": 484000000.0,
      "Current Debt": 25440000000.0,
      "Current Provisions": 9240000000.0,
      "Payables": 16948000000.0,
      "Total Tax Payable": 1401000000.0,
      "Accounts Payable": 15547000000.0,
      "Total Assets": 250890000000.0,
      "Total Non Current Assets": 155918000000.0,
      "Other Non Current Assets": 1537000000.0,
      "Non Current Deferred Taxes Assets": 2431000000.0,
      "Investmentin Financial Assets": 1387000000.0,
      "Available For Sale Securities": null,
      "Long Term Equity Investment": 1640000000.0,
      "Investments In Other Ventures Under Equity Method": 1406000000.0,
      "Investmentsin Subsidiariesat Cost": 234000000.0,
      "Goodwill And Other Intangible Assets": 20022000000.0,
      "Other Intangible Assets": 18535000000.0,
      "Goodwill": 1487000000.0,
      "Net PPE": 78384000000.0,
      "Accumulated Depreciation": -52283000000.0,
      "Gross PPE": 130667000000.0,
      "Construction In Progress": 5818000000.0,
      "Other Properties": 53104000000.0,
      "Machinery Furniture Equipment": 49788000000.0,
      "Buildings And Improvements": 4449000000.0,
      "Land And Improvements": 17508000000.0,
      "Properties": 0.0,
      "Current Assets": 94972000000.0,
      "Other Current Assets": 7596000000.0,
      "Prepaid Assets": 11000000.0,
      "Inventory": 23708000000.0,
      "Finished Goods": 16796000000.0,
      "Work In Process": 3190000000.0,
      "Raw Materials": 3722000000.0,
      "Taxes Receivable": 1199000000.0,
      "Accounts Receivable": 41000000000.0,
      "Allowance For Doubtful Accounts Receivable": -70000000.0,
      "Gross Accounts Receivable": 41070000000.0,
      "Cash Cash Equivalents And Short Term Investments": 21458000000.0,
      "Other Short Term Investments": 4131000000.0,
      "Cash And Cash Equivalents": 17327000000.0
    },
    "2022-12-31T00:00:00": {
      "Treasury Shares Number": null,
      "Ordinary Shares Number": 662839475.0,
      "Share Issued": 662839475.0,
      "Net Debt": 51927000000.0,
      "Total Debt": 71561000000.0,
      "Tangible Book Value": 65349000000.0,
      "Invested Capital": 155922000000.0,
      "Working Capital": 7783000000.0,
      "Net Tangible Assets": 65349000000.0,
      "Capital Lease Obligations": 2764000000.0,
      "Common Stock Equity": 87125000000.0,
      "Total Capitalization": 131108000000.0,
      "Total Equity Gross Minority Interest": 91288000000.0,
      "Minority Interest": 4163000000.0,
      "Stockholders Equity": 87125000000.0,
      "Other Equity Interest": -117000000.0,
      "Treasury Stock": 1278000000.0,
      "Additional Paid In Capital": 2432000000.0,
      "Capital Stock": 663000000.0,
      "Common Stock": 663000000.0,
      "Total Liabilities Net Minority Interest": 155638000000.0,
      "Total Non Current Liabilities Net Minority Interest": 71217000000.0,
      "Other Non Current Liabilities": 6199000000.0,
      "Derivative Product Liabilities": 3599000000.0,
      "Non Current Pension And Other Postretirement Benefit Plans": 339000000.0,
      "Non Current Deferred Taxes Liabilities": 2765000000.0,
      "Long Term Debt And Capital Lease Obligation": 46214000000.0,
      "Long Term Capital Lease Obligation": 2231000000.0,
      "Long Term Debt": 43983000000.0,
      "Long Term Provisions": 8445000000.0,
      "Current Liabilities": 84421000000.0,
      "Other Current Liabilities": 21034000000.0,
      "Current Debt And Capital Lease Obligation": 25347000000.0,
      "Current Capital Lease Obligation": 533000000.0,
      "Current Debt": 24814000000.0,
      "Current Provisions": 7316000000.0,
      "Payables": 15344000000.0,
      "Total Tax Payable": 1224000000.0,
      "Accounts Payable": 14120000000.0,
      "Total Assets": 246926000000.0,
      "Total Non Current Assets": 154722000000.0,
      "Other Non Current Assets": 1030000000.0,
      "Non Current Deferred Taxes Assets": 1758000000.0,
      "Investmentin Financial Assets": 3073000000.0,
      "Available For Sale Securities": 3073000000.0,
      "Long Term Equity Investment": 1771000000.0,
      "Investments In Other Ventures Under Equity Method": 1480000000.0,
      "Investmentsin Subsidiariesat Cost": 291000000.0,
      "Goodwill And Other Intangible Assets": 21776000000.0,
      "Other Intangible Assets": 20214000000.0,
      "Goodwill": 1562000000.0,
      "Net PPE": 74946000000.0,
      "Accumulated Depreciation": -51253000000.0,
      "Gross PPE": 126199000000.0,
      "Construction In Progress": 3412000000.0,
      "Other Properties": 53047000000.0,
      "Machinery Furniture Equipment": 48298000000.0,
      "Buildings And Improvements": 4541000000.0,
      "Land And Improvements": 16901000000.0,
      "Properties": 0.0,
      "Current Assets": 92204000000.0,
      "Other Current Assets": 9602000000.0,
      "Prepaid Assets": 259000000.0,
      "Inventory": 19746000000.0,
      "Finished Goods": 13087000000.0,
      "Work In Process": 3235000000.0,
      "Raw Materials": 3424000000.0,
      "Taxes Receivable": 1096000000.0,
      "Accounts Receivable": 39467000000.0,
      "Allowance For Doubtful Accounts Receivable": -59000000.0,
      "Gross Accounts Receivable": 39526000000.0,
      "Cash Cash Equivalents And Short Term Investments": 22034000000.0,
      "Other Short Term Investments": 5164000000.0,
      "Cash And Cash Equivalents": 16870000000.0
    },
    "2021-12-31T00:00:00": {
      "Treasury Shares Number": null,
      "Ordinary Shares Number": 661399500.0,
      "Share Issued": 661399500.0,
      "Net Debt": 65304000000.0,
      "Total Debt": 83733000000.0,
      "Tangible Book Value": 61386000000.0,
      "Invested Capital": 155679000000.0,
      "Working Capital": 9707000000.0,
      "Net Tangible Assets": 61386000000.0,
      "Capital Lease Obligations": 2420000000.0,
      "Common Stock Equity": 74366000000.0,
      "Total Capitalization": 130090000000.0,
      "Total Equity Gross Minority Interest": 75132000000.0,
      "Minority Interest": 766000000.0,
      "Stockholders Equity": 74366000000.0,
      "Other Equity Interest": -325000000.0,
      "Treasury Stock": 0.0,
      "Additional Paid In Capital": 2325000000.0,
      "Capital Stock": 661000000.0,
      "Common Stock": 661000000.0,
      "Total Liabilities Net Minority Interest": 154395000000.0,
      "Total Non Current Liabilities Net Minority Interest": 77929000000.0,
      "Other Non Current Liabilities": 5676000000.0,
      "Derivative Product Liabilities": 729000000.0,
      "Non Current Pension And Other Postretirement Benefit Plans": 1247000000.0,
      "Non Current Deferred Taxes Liabilities": 1458000000.0,
      "Long Term Debt And Capital Lease Obligation": 57669000000.0,
      "Long Term Capital Lease Obligation": 1945000000.0,
      "Long Term Debt": 55724000000.0,
      "Long Term Provisions": 7206000000.0,
      "Current Liabilities": 76466000000.0,
      "Other Current Liabilities": 16744000000.0,
      "Current Debt And Capital Lease Obligation": 26064000000.0,
      "Current Capital Lease Obligation": 475000000.0,
      "Current Debt": 25589000000.0,
      "Current Provisions": 6748000000.0,
      "Payables": 11853000000.0,
      "Total Tax Payable": 921000000.0,
      "Accounts Payable": 10932000000.0,
      "Total Assets": 229527000000.0,
      "Total Non Current Assets": 143354000000.0,
      "Other Non Current Assets": 1302000000.0,
      "Non Current Deferred Taxes Assets": 2202000000.0,
      "Investmentin Financial Assets": 1715000000.0,
      "Available For Sale Securities": 1715000000.0,
      "Long Term Equity Investment": 6353000000.0,
      "Investments In Other Ventures Under Equity Method": 6100000000.0,
      "Investmentsin Subsidiariesat Cost": 253000000.0,
      "Goodwill And Other Intangible Assets": 12980000000.0,
      "Other Intangible Assets": 12600000000.0,
      "Goodwill": 380000000.0,
      "Net PPE": 67090000000.0,
      "Accumulated Depreciation": -50517000000.0,
      "Gross PPE": 117607000000.0,
      "Construction In Progress": 1884000000.0,
      "Other Properties": 53847000000.0,
      "Machinery Furniture Equipment": 44990000000.0,
      "Buildings And Improvements": 3363000000.0,
      "Land And Improvements": 13523000000.0,
      "Properties": 0.0,
      "Current Assets": 86173000000.0,
      "Other Current Assets": 8941000000.0,
      "Prepaid Assets": 389000000.0,
      "Inventory": 15539000000.0,
      "Finished Goods": 10087000000.0,
      "Work In Process": 3175000000.0,
      "Raw Materials": 2277000000.0,
      "Taxes Receivable": 1529000000.0,
      "Accounts Receivable": 37966000000.0,
      "Allowance For Doubtful Accounts Receivable": -32000000.0,
      "Gross Accounts Receivable": 37998000000.0,
      "Cash Cash Equivalents And Short Term Investments": 21809000000.0,
      "Other Short Term Investments": 5800000000.0,
      "Cash And Cash Equivalents": 16009000000.0
    }
  },
  "cashflow": {
    "2024-12-31T00:00:00": {
      "Free Cash Flow": -4639000000.0,
      "Repurchase Of Capital Stock": -1024000000.0,
      "Repayment Of Debt": -22182000000.0,
      "Issuance Of Debt": 30025000000.0,
      "Issuance Of Capital Stock": null,
      "Capital Expenditure": -12205000000.0,
      "End Cash Position": 19287000000.0,
      "Other Cash Adjustment Outside Changein Cash": null,
      "Beginning Cash Position": 17327000000.0,
      "Effect Of Exchange Rate Changes": -3000000.0,
      "Changes In Cash": 1963000000.0,
      "Other Cash Adjustment Inside Changein Cash": null,
      "Financing Cash Flow": 5766000000.0,
      "Net Other Financing Charges": 3937000000.0,
      "Interest Paid Cff": -196000000.0,
      "Cash Dividends Paid": -3781000000.0,
      "Common Stock Dividend Paid": null,
      "Net Common Stock Issuance": -1024000000.0,
      "Common Stock Payments": -1024000000.0,
      "Common Stock Issuance": null,
      "Net Issuance Payments Of Debt": 7843000000.0,
      "Net Long Term Debt Issuance": 7843000000.0,
      "Long Term Debt Payments": -22182000000.0,
      "Long Term Debt Issuance": 30025000000.0,
      "Investing Cash Flow": -11369000000.0,
      "Net Other Investing Changes": 192000000.0,
      "Net Investment Purchase And Sale": 623000000.0,
      "Sale Of Investment": 1847000000.0,
      "Purchase Of Investment": -1224000000.0,
      "Net Business Purchase And Sale": null,
      "Sale Of Business": null,
      "Net Intangibles Purchase And Sale": -12184000000.0,
      "Sale Of Intangibles": 21000000.0,
      "Purchase Of Intangibles": -12205000000.0,
      "Operating Cash Flow": 7566000000.0,
      "Taxes Refund Paid": -3794000000.0,
      "Interest Received Cfo": 644000000.0,
      "Change In Working Capital": -8825000000.0,
      "Change In Other Current Assets": -3559000000.0,
      "Change In Payable": -1647000000.0,
      "Change In Inventory": -128000000.0,
      "Change In Receivables": -2765000000.0,
      "Other Non Cash Items": -94000000.0,
      "Depreciation And Amortization": 8650000000.0,
      "Amortization Cash Flow": 3520000000.0,
      "Depreciation": 5130000000.0,
      "Net Income From Continuing Operations": 10971000000.0
    },
    "2023-12-31T00:00:00": {
      "Free Cash Flow": 6661000000.0,
      "Repurchase Of Capital Stock": -1242000000.0,
      "Repayment Of Debt": -22430000000.0,
      "Issuance Of Debt": 20633000000.0,
      "Issuance Of Capital Stock": 0.0,
      "Capital Expenditure": -10881000000.0,
      "End Cash Position": 17327000000.0,
      "Other Cash Adjustment Outside Changein Cash": 27000000.0,
      "Beginning Cash Position": 16870000000.0,
      "Effect Of Exchange Rate Changes": -705000000.0,
      "Changes In Cash": 1135000000.0,
      "Other Cash Adjustment Inside Changein Cash": 27000000.0,
      "Financing Cash Flow": -6859000000.0,
      "Net Other Financing Charges": 3281000000.0,
      "Interest Paid Cff": -186000000.0,
      "Cash Dividends Paid": -5430000000.0,
      "Common Stock Dividend Paid": -5430000000.0,
      "Net Common Stock Issuance": -1242000000.0,
      "Common Stock Payments": -1242000000.0,
      "Common Stock Issuance": 0.0,
      "Net Issuance Payments Of Debt": -1797000000.0,
      "Net Long Term Debt Issuance": -1797000000.0,
      "Long Term Debt Payments": -22430000000.0,
      "Long Term Debt Issuance": 20633000000.0,
      "Investing Cash Flow": -9548000000.0,
      "Net Other Investing Changes": null,
      "Net Investment Purchase And Sale": 1217000000.0,
      "Sale Of Investment": 2022000000.0,
      "Purchase Of Investment": -805000000.0,
      "Net Business Purchase And Sale": 0.0,
      "Sale Of Business": 0.0,
      "Net Intangibles Purchase And Sale": -10765000000.0,
      "Sale Of Intangibles": 116000000.0,
      "Purchase Of Intangibles": -10881000000.0,
      "Operating Cash Flow": 17542000000.0,
      "Taxes Refund Paid": -5049000000.0,
      "Interest Received Cfo": 683000000.0,
      "Change In Working Capital": -3985000000.0,
      "Change In Other Current Assets": 736000000.0,
      "Change In Payable": 1607000000.0,
      "Change In Inventory": -4135000000.0,
      "Change In Receivables": -3809000000.0,
      "Other Non Cash Items": -336000000.0,
      "Depreciation And Amortization": 8974000000.0,
      "Amortization Cash Flow": 3857000000.0,
      "Depreciation": 5117000000.0,
      "Net Income From Continuing Operations": 17096000000.0
    },
    "2022-12-31T00:00:00": {
      "Free Cash Flow": 14473000000.0,
      "Repurchase Of Capital Stock": -1278000000.0,
      "Repayment Of Debt": -26102000000.0,
      "Issuance Of Debt": 16050000000.0,
      "Issuance Of Capital Stock": 85000000.0,
      "Capital Expenditure": -9050000000.0,
      "End Cash Position": 16870000000.0,
      "Other Cash Adjustment Outside Changein Cash": -10000000.0,
      "Beginning Cash Position": 16009000000.0,
      "Effect Of Exchange Rate Changes": 104000000.0,
      "Changes In Cash": 767000000.0,
      "Other Cash Adjustment Inside Changein Cash": -10000000.0,
      "Financing Cash Flow": -17984000000.0,
      "Net Other Financing Charges": -1235000000.0,
      "Interest Paid Cff": -222000000.0,
      "Cash Dividends Paid": -3827000000.0,
      "Common Stock Dividend Paid": -3827000000.0,
      "Net Common Stock Issuance": -1193000000.0,
      "Common Stock Payments": -1278000000.0,
      "Common Stock Issuance": 85000000.0,
      "Net Issuance Payments Of Debt": -10052000000.0,
      "Net Long Term Debt Issuance": -10052000000.0,
      "Long Term Debt Payments": -26102000000.0,
      "Long Term Debt Issuance": 16050000000.0,
      "Investing Cash Flow": -4772000000.0,
      "Net Other Investing Changes": 102000000.0,
      "Net Investment Purchase And Sale": 486000000.0,
      "Sale Of Investment": 1252000000.0,
      "Purchase Of Investment": -766000000.0,
      "Net Business Purchase And Sale": 3587000000.0,
      "Sale Of Business": 3587000000.0,
      "Net Intangibles Purchase And Sale": -8947000000.0,
      "Sale Of Intangibles": 103000000.0,
      "Purchase Of Intangibles": -9050000000.0,
      "Operating Cash Flow": 23523000000.0,
      "Taxes Refund Paid": -4512000000.0,
      "Interest Received Cfo": 453000000.0,
      "Change In Working Capital": 3005000000.0,
      "Change In Other Current Assets": 824000000.0,
      "Change In Payable": 531000000.0,
      "Change In Inventory": -115000000.0,
      "Change In Receivables": 949000000.0,
      "Other Non Cash Items": -7598000000.0,
      "Depreciation And Amortization": 8566000000.0,
      "Amortization Cash Flow": 3739000000.0,
      "Depreciation": 4827000000.0,
      "Net Income From Continuing Operations": 23509000000.0
    },
    "2021-12-31T00:00:00": {
      "Free Cash Flow": 9295000000.0,
      "Repurchase Of Capital Stock": 0.0,
      "Repayment Of Debt": -26434000000.0,
      "Issuance Of Debt": 18811000000.0,
      "Issuance Of Capital Stock": 103000000.0,
      "Capital Expenditure": -6619000000.0,
      "End Cash Position": 16009000000.0,
      "Other Cash Adjustment Outside Changein Cash": null,
      "Beginning Cash Position": 13537000000.0,
      "Effect Of Exchange Rate Changes": -307000000.0,
      "Changes In Cash": 2779000000.0,
      "Other Cash Adjustment Inside Changein Cash": 0.0,
      "Financing Cash Flow": -6735000000.0,
      "Net Other Financing Charges": 2279000000.0,
      "Interest Paid Cff": -217000000.0,
      "Cash Dividends Paid": -1253000000.0,
      "Common Stock Dividend Paid": null,
      "Net Common Stock Issuance": 103000000.0,
      "Common Stock Payments": 0.0,
      "Common Stock Issuance": 103000000.0,
      "Net Issuance Payments Of Debt": -7623000000.0,
      "Net Long Term Debt Issuance": -7623000000.0,
      "Long Term Debt Payments": -26434000000.0,
      "Long Term Debt Issuance": 18811000000.0,
      "Investing Cash Flow": -6400000000.0,
      "Net Other Investing Changes": 43000000.0,
      "Net Investment Purchase And Sale": 136000000.0,
      "Sale Of Investment": 565000000.0,
      "Purchase Of Investment": -429000000.0,
      "Net Business Purchase And Sale": 0.0,
      "Sale Of Business": 0.0,
      "Net Intangibles Purchase And Sale": -6579000000.0,
      "Sale Of Intangibles": 40000000.0,
      "Purchase Of Intangibles": -6619000000.0,
      "Operating Cash Flow": 15914000000.0,
      "Taxes Refund Paid": -3217000000.0,
      "Interest Received Cfo": 130000000.0,
      "Change In Working Capital": -1399000000.0,
      "Change In Other Current Assets": -2463000000.0,
      "Change In Payable": 1799000000.0,
      "Change In Inventory": -563000000.0,
      "Change In Receivables": 1084000000.0,
      "Other Non Cash Items": -635000000.0,
      "Depreciation And Amortization": 6495000000.0,
      "Amortization Cash Flow": 2137000000.0,
      "Depreciation": 4358000000.0,
      "Net Income From Continuing Operations": 16060000000.0
    }
  },
  "earnings_estimate": {
    "avg": {
      "0q": 1.37,
      "+1q": 3.04,
      "0y": 10.63943,
      "+1y": 11.05857
    },
    "low": {
      "0q": 1.37,
      "+1q": 3.04,
      "0y": 9.92826,
      "+1y": 9.86
    },
    "high": {
      "0q": 1.37,
      "+1q": 3.04,
      "0y": 11.41,
      "+1y": 12.24
    },
    "yearAgoEps": {
      "0q": 2.41,
      "+1q": 3.38,
      "0y": 11.62,
      "+1y": 10.63943
    },
    "numberOfAnalysts": {
      "0q": 1,
      "+1q": 1,
      "0y": 16,
      "+1y": 16
    },
    "growth": {
      "0q": -0.43150002,
      "+1q": -0.100600004,
      "0y": -0.0844,
      "+1y": 0.0394
    }
  },
  "revenue_estimate": {
    "avg": {
      "0q": 37235854830,
      "+1q": 33380811000,
      "0y": 137525439470,
      "+1y": 140370200320
    },
    "low": {
      "0q": 34356233000,
      "+1q": 32150622000,
      "0y": 134355233000,
      "+1y": 133293000000
    },
    "high": {
      "0q": 39225000000,
      "+1q": 34611000000,
      "0y": 142529000000,
      "+1y": 147321847030
    },
    "numberOfAnalysts": {
      "0q": 4,
      "+1q": 2,
      "0y": 20,
      "+1y": 20
    },
    "yearAgoRevenue": {
      "0q": 36416000000,
      "+1q": 33758000000,
      "0y": 142380000000,
      "+1y": 137525439470
    },
    "growth": {
      "0q": 0.0225,
      "+1q": -0.0112,
      "0y": -0.0341,
      "+1y": 0.0207
    }
  },
  "growth_estimates": {
    "stockTrend": {
      "0q": -0.43150002,
      "+1q": -0.100600004,
      "0y": -0.0844,
      "+1y": 0.0394,
      "LTG": null
    },
    "indexTrend": {
      "0q": 0.1273,
      "+1q": 0.103599995,
      "0y": 0.14310001,
      "+1y": 0.1557,
      "LTG": 0.122
    }
  },
  "revenue_forecasts": null,
  "dividend_rate": 4.3,
  "trailing_dividend_rate": 4.302
}