{
  "ticker": "BN.TO",
  "name": "Brookfield Corp",
  "country": "canada",
  "currency": "CAD",
  "last_fetched": "2026-02-26T20:51:27.360371",
  "market_cap": 139325800448,
  "revenue": 77656997888,
  "net_income": 1140000000,
  "pe_ratio": 92.61194,
  "forward_pe": null,
  "dividend_yield": 0.61,
  "profit_margin": 0.01683,
  "roe": 0.01951,
  "debt_to_equity": 158.502,
  "beta": 2.026,
  "ev_to_ebitda": 16.519,
  "sector": "Financial Services",
  "industry": "Asset Management",
  "summary": "Brookfield Corporation is a multi-asset manager focused on real estate, credit, renewable power and transition, infrastructure, venture capital, and private equity including growth capital and emerging growth investments. It manages a range of public and private investment products and services for institutional and retail clients. It typically makes investments in sizeable, premier assets across geographies and asset classes. It invests both its own capital as well as capital from other investors. Within private equity and venture capital, it focuses on acquisitions, early ventures, control buyouts, financially distressed buyouts, corporate carve-outs, recapitalizations, convertible, senior and mezzanine financings, operational and capital structure restructuring, strategic re-direction, turnarounds, and underperforming midmarket companies. It invests in both public debt and equity markets. It invests in private equity sectors with focus on business services including infrastructure, healthcare, road fuel distribution and marketing, and real estate; industrials including manufacturers of automotive batteries, graphite electrodes, smart cards, returnable plastic packaging, consumable products for lab testing, and sanitation management and development; and residential/infrastructure services. The firm provides essential business services including business process outsourcing, financial services, software and technology services, and real estateÂ–related services, among others. The firm also invests in energy transition. It targets companies that likely possess underlying real assets, primarily in sectors such as industrial products, building materials, metals, mining, homebuilding, oil and gas, paper and packaging, manufacturing, and forest products. It invests globally with focus on North America including Brazil, the United States, and Canada; Europe; Australia; the Middle East and North Africa; and Asia-Pacific. The firm considers equity investments in the range of $2 million to $500 million. It has a four-year investment period and a 10-year term with two one-year extensions. The firm prefers to take both minority and majority stakes. Brookfield Corporation was founded in 1997 and is based in Toronto, Canada, with additional offices across North America, South America, Europe, the Middle East, and Asia.",
  "website": "https://www.bn.brookfield.com",
  "employees": null,
  "target_high": 76.62256,
  "target_low": 71.22751,
  "target_mean": 74.398224,
  "target_median": 75.34461,
  "recommendation": "buy",
  "num_analysts": 3,
  "income_stmt": {
    "2024-12-31T00:00:00": {
      "Tax Effect Of Unusual Items": -346850000.0,
      "Tax Rate For Calcs": 0.35,
      "Normalized EBITDA": 30178000000.0,
      "Total Unusual Items": -991000000.0,
      "Total Unusual Items Excluding Goodwill": -991000000.0,
      "Net Income From Continuing Operation Net Minority Interest": 641000000.0,
      "Reconciled Depreciation": 9737000000.0,
      "Reconciled Cost Of Revenue": 67936000000.0,
      "EBITDA": 29187000000.0,
      "EBIT": 19450000000.0,
      "Net Interest Income": -16615000000.0,
      "Interest Expense": 16615000000.0,
      "Normalized Income": 1285150000.0,
      "Net Income From Continuing And Discontinued Operation": 641000000.0,
      "Total Expenses": 68012000000.0,
      "Diluted Average Shares": 1584600000.0,
      "Basic Average Shares": 1511500000.0,
      "Diluted EPS": 0.31,
      "Basic EPS": 0.31,
      "Diluted NI Availto Com Stockholders": 485000000.0,
      "Average Dilution Earnings": 12000000.0,
      "Net Income Common Stockholders": 473000000.0,
      "Preferred Stock Dividends": 168000000.0,
      "Net Income": 641000000.0,
      "Minority Interests": -1212000000.0,
      "Net Income Including Noncontrolling Interests": 1853000000.0,
      "Net Income Continuous Operations": 1853000000.0,
      "Tax Provision": 982000000.0,
      "Pretax Income": 2835000000.0,
      "Other Income Expense": 1456000000.0,
      "Other Non Operating Income Expenses": -282000000.0,
      "Special Income Charges": -2404000000.0,
      "Write Off": 2404000000.0,
      "Earnings From Equity Interest": 2729000000.0,
      "Gain On Sale Of Security": 1413000000.0,
      "Net Non Operating Interest Income Expense": -16615000000.0,
      "Interest Expense Non Operating": 16615000000.0,
      "Operating Income": 17994000000.0,
      "Operating Expense": 76000000.0,
      "Other Operating Expenses": 76000000.0,
      "Selling General And Administration": 76000000.0,
      "General And Administrative Expense": 76000000.0,
      "Other Gand A": 76000000.0,
      "Gross Profit": 18070000000.0,
      "Cost Of Revenue": 67936000000.0,
      "Total Revenue": 86006000000.0,
      "Operating Revenue": 71315000000.0
    },
    "2023-12-31T00:00:00": {
      "Tax Effect Of Unusual Items": -172577501.635056,
      "Tax Rate For Calcs": 0.165304,
      "Normalized EBITDA": 31738000000.0,
      "Total Unusual Items": -1044000000.0,
      "Total Unusual Items Excluding Goodwill": -1044000000.0,
      "Net Income From Continuing Operation Net Minority Interest": 1130000000.0,
      "Reconciled Depreciation": 9075000000.0,
      "Reconciled Cost Of Revenue": 81409000000.0,
      "EBITDA": 30694000000.0,
      "EBIT": 21619000000.0,
      "Net Interest Income": -15503000000.0,
      "Interest Expense": 15503000000.0,
      "Normalized Income": 2001422498.364944,
      "Net Income From Continuing And Discontinued Operation": 1130000000.0,
      "Total Expenses": 81478000000.0,
      "Diluted Average Shares": 1588200000.0,
      "Basic Average Shares": 1558500000.0,
      "Diluted EPS": 0.61,
      "Basic EPS": 0.62,
      "Diluted NI Availto Com Stockholders": 969000000.0,
      "Average Dilution Earnings": 5000000.0,
      "Net Income Common Stockholders": 964000000.0,
      "Preferred Stock Dividends": 166000000.0,
      "Net Income": 1130000000.0,
      "Minority Interests": -3975000000.0,
      "Net Income Including Noncontrolling Interests": 5105000000.0,
      "Net Income Continuous Operations": 5105000000.0,
      "Tax Provision": 1011000000.0,
      "Pretax Income": 6116000000.0,
      "Other Income Expense": 7173000000.0,
      "Other Non Operating Income Expenses": 6149000000.0,
      "Special Income Charges": -1276000000.0,
      "Write Off": 1276000000.0,
      "Earnings From Equity Interest": 2068000000.0,
      "Gain On Sale Of Security": 232000000.0,
      "Net Non Operating Interest Income Expense": -15503000000.0,
      "Interest Expense Non Operating": 15503000000.0,
      "Operating Income": 14446000000.0,
      "Operating Expense": 69000000.0,
      "Other Operating Expenses": 69000000.0,
      "Selling General And Administration": 69000000.0,
      "General And Administrative Expense": 69000000.0,
      "Other Gand A": 69000000.0,
      "Gross Profit": 14515000000.0,
      "Cost Of Revenue": 81409000000.0,
      "Total Revenue": 95924000000.0,
      "Operating Revenue": 82732000000.0
    },
    "2022-12-31T00:00:00": {
      "Tax Effect Of Unusual Items": 38060000.0,
      "Tax Rate For Calcs": 0.22,
      "Normalized EBITDA": 24876000000.0,
      "Total Unusual Items": 173000000.0,
      "Total Unusual Items Excluding Goodwill": 173000000.0,
      "Net Income From Continuing Operation Net Minority Interest": 2056000000.0,
      "Reconciled Depreciation": 7683000000.0,
      "Reconciled Cost Of Revenue": 78511000000.0,
      "EBITDA": 25049000000.0,
      "EBIT": 17366000000.0,
      "Net Interest Income": -10702000000.0,
      "Interest Expense": 10702000000.0,
      "Normalized Income": 1921060000.0,
      "Net Income From Continuing And Discontinued Operation": 2056000000.0,
      "Total Expenses": 78633000000.0,
      "Diluted Average Shares": 1608200000.0,
      "Basic Average Shares": 1567500000.0,
      "Diluted EPS": 1.19,
      "Basic EPS": 1.22,
      "Diluted NI Availto Com Stockholders": 1911000000.0,
      "Average Dilution Earnings": 5000000.0,
      "Net Income Common Stockholders": 1906000000.0,
      "Preferred Stock Dividends": 150000000.0,
      "Net Income": 2056000000.0,
      "Minority Interests": -3139000000.0,
      "Net Income Including Noncontrolling Interests": 5195000000.0,
      "Net Income Continuous Operations": 5195000000.0,
      "Tax Provision": 1469000000.0,
      "Pretax Income": 6664000000.0,
      "Other Income Expense": 3230000000.0,
      "Other Non Operating Income Expenses": 444000000.0,
      "Special Income Charges": -293000000.0,
      "Write Off": 293000000.0,
      "Earnings From Equity Interest": 2613000000.0,
      "Gain On Sale Of Security": 466000000.0,
      "Net Non Operating Interest Income Expense": -10702000000.0,
      "Interest Expense Non Operating": 10702000000.0,
      "Operating Income": 14136000000.0,
      "Operating Expense": 122000000.0,
      "Other Operating Expenses": 122000000.0,
      "Selling General And Administration": 122000000.0,
      "General And Administrative Expense": 122000000.0,
      "Other Gand A": 122000000.0,
      "Gross Profit": 14258000000.0,
      "Cost Of Revenue": 78511000000.0,
      "Total Revenue": 92769000000.0,
      "Operating Revenue": 81436000000.0
    },
    "2021-12-31T00:00:00": {
      "Tax Effect Of Unusual Items": 864480000.0,
      "Tax Rate For Calcs": 0.16,
      "Normalized EBITDA": 23350000000.0,
      "Total Unusual Items": 5403000000.0,
      "Total Unusual Items Excluding Goodwill": 5403000000.0,
      "Net Income From Continuing Operation Net Minority Interest": 3966000000.0,
      "Reconciled Depreciation": 6437000000.0,
      "Reconciled Cost Of Revenue": 64000000000.0,
      "EBITDA": 28753000000.0,
      "EBIT": 22316000000.0,
      "Net Interest Income": -7604000000.0,
      "Interest Expense": 7604000000.0,
      "Normalized Income": -572520000.0,
      "Net Income From Continuing And Discontinued Operation": 3966000000.0,
      "Total Expenses": 64116000000.0,
      "Diluted Average Shares": 1586900000.0,
      "Basic Average Shares": 1536500000.0,
      "Diluted EPS": 2.39,
      "Basic EPS": 2.47,
      "Diluted NI Availto Com Stockholders": 3794000000.0,
      "Average Dilution Earnings": 2000000.0,
      "Net Income Common Stockholders": 3792000000.0,
      "Preferred Stock Dividends": 174000000.0,
      "Net Income": 3966000000.0,
      "Minority Interests": -8422000000.0,
      "Net Income Including Noncontrolling Interests": 12388000000.0,
      "Net Income Continuous Operations": 12388000000.0,
      "Tax Provision": 2324000000.0,
      "Pretax Income": 14712000000.0,
      "Other Income Expense": 10701000000.0,
      "Other Non Operating Income Expenses": 2847000000.0,
      "Special Income Charges": -654000000.0,
      "Write Off": 654000000.0,
      "Earnings From Equity Interest": 2451000000.0,
      "Gain On Sale Of Security": 6057000000.0,
      "Net Non Operating Interest Income Expense": -7604000000.0,
      "Interest Expense Non Operating": 7604000000.0,
      "Operating Income": 11615000000.0,
      "Operating Expense": 116000000.0,
      "Other Operating Expenses": 116000000.0,
      "Selling General And Administration": 116000000.0,
      "General And Administrative Expense": 116000000.0,
      "Other Gand A": 116000000.0,
      "Gross Profit": 11731000000.0,
      "Cost Of Revenue": 64000000000.0,
      "Total Revenue": 75731000000.0,
      "Operating Revenue": 65831000000.0
    }
  },
  "quarterly_income": {
    "2025-12-31T00:00:00": {
      "Tax Effect Of Unusual Items": null,
      "Tax Rate For Calcs": null,
      "Normalized EBITDA": null,
      "Total Unusual Items": null,
      "Total Unusual Items Excluding Goodwill": null,
      "Net Income From Continuing Operation Net Minority Interest": null,
      "Reconciled Depreciation": null,
      "Reconciled Cost Of Revenue": null,
      "EBITDA": null,
      "EBIT": null,
      "Net Interest Income": null,
      "Interest Expense": null,
      "Interest Income": null,
      "Normalized Income": null,
      "Net Income From Continuing And Discontinued Operation": null,
      "Total Expenses": null,
      "Diluted Average Shares": 2367000000.0,
      "Basic Average Shares": 2244500000.0,
      "Diluted EPS": 0.3,
      "Basic EPS": 0.31,
      "Diluted NI Availto Com Stockholders": null,
      "Average Dilution Earnings": null,
      "Net Income Common Stockholders": null,
      "Preferred Stock Dividends": null,
      "Net Income": null,
      "Minority Interests": null,
      "Net Income Including Noncontrolling Interests": null,
      "Net Income Continuous Operations": null,
      "Tax Provision": null,
      "Pretax Income": null,
      "Other Income Expense": null,
      "Other Non Operating Income Expenses": null,
      "Special Income Charges": null,
      "Write Off": null,
      "Earnings From Equity Interest": null,
      "Gain On Sale Of Security": null,
      "Net Non Operating Interest Income Expense": null,
      "Interest Expense Non Operating": null,
      "Interest Income Non Operating": null,
      "Operating Income": null,
      "Operating Expense": null,
      "Other Operating Expenses": null,
      "Depreciation Amortization Depletion Income Statement": null,
      "Depreciation And Amortization In Income Statement": null,
      "Selling General And Administration": null,
      "General And Administrative Expense": null,
      "Other Gand A": null,
      "Gross Profit": null,
      "Cost Of Revenue": null,
      "Total Revenue": null,
      "Operating Revenue": null
    },
    "2025-09-30T00:00:00": {
      "Tax Effect Of Unusual Items": -93300000.0,
      "Tax Rate For Calcs": 0.15,
      "Normalized EBITDA": 8415000000.0,
      "Total Unusual Items": -622000000.0,
      "Total Unusual Items Excluding Goodwill": -622000000.0,
      "Net Income From Continuing Operation Net Minority Interest": 219000000.0,
      "Reconciled Depreciation": 2691000000.0,
      "Reconciled Cost Of Revenue": 14632000000.0,
      "EBITDA": 7793000000.0,
      "EBIT": 5102000000.0,
      "Net Interest Income": -4314000000.0,
      "Interest Expense": 4314000000.0,
      "Interest Income": 421000000.0,
      "Normalized Income": 747700000.0,
      "Net Income From Continuing And Discontinued Operation": 219000000.0,
      "Total Expenses": 14650000000.0,
      "Diluted Average Shares": 2367799999.0,
      "Basic Average Shares": 2244000000.0,
      "Diluted EPS": 0.08,
      "Basic EPS": 0.08,
      "Diluted NI Availto Com Stockholders": 180000000.0,
      "Average Dilution Earnings": 3000000.0,
      "Net Income Common Stockholders": 177000000.0,
      "Preferred Stock Dividends": 42000000.0,
      "Net Income": 219000000.0,
      "Minority Interests": -65000000.0,
      "Net Income Including Noncontrolling Interests": 284000000.0,
      "Net Income Continuous Operations": 284000000.0,
      "Tax Provision": 504000000.0,
      "Pretax Income": 788000000.0,
      "Other Income Expense": 835000000.0,
      "Other Non Operating Income Expenses": 914000000.0,
      "Special Income Charges": -126000000.0,
      "Write Off": 126000000.0,
      "Earnings From Equity Interest": 543000000.0,
      "Gain On Sale Of Security": -496000000.0,
      "Net Non Operating Interest Income Expense": -4314000000.0,
      "Interest Expense Non Operating": 4314000000.0,
      "Interest Income Non Operating": 421000000.0,
      "Operating Income": 4267000000.0,
      "Operating Expense": 18000000.0,
      "Other Operating Expenses": 18000000.0,
      "Depreciation Amortization Depletion Income Statement": 2691000000.0,
      "Depreciation And Amortization In Income Statement": 2691000000.0,
      "Selling General And Administration": null,
      "General And Administrative Expense": null,
      "Other Gand A": null,
      "Gross Profit": 4285000000.0,
      "Cost Of Revenue": 14632000000.0,
      "Total Revenue": 18917000000.0,
      "Operating Revenue": 15589000000.0
    },
    "2025-06-30T00:00:00": {
      "Tax Effect Of Unusual Items": 48010092.514718,
      "Tax Rate For Calcs": 0.1127,
      "Normalized EBITDA": 7550000000.0,
      "Total Unusual Items": 426000000.0,
      "Total Unusual Items Excluding Goodwill": 426000000.0,
      "Net Income From Continuing Operation Net Minority Interest": 272000000.0,
      "Reconciled Depreciation": 2534000000.0,
      "Reconciled Cost Of Revenue": 13915000000.0,
      "EBITDA": 7976000000.0,
      "EBIT": 5442000000.0,
      "Net Interest Income": -4253000000.0,
      "Interest Expense": 4253000000.0,
      "Interest Income": 296000000.0,
      "Normalized Income": -105989907.485282,
      "Net Income From Continuing And Discontinued Operation": 272000000.0,
      "Total Expenses": 13935000000.0,
      "Diluted Average Shares": 1572700000.0,
      "Basic Average Shares": 1496200000.0,
      "Diluted EPS": 0.15,
      "Basic EPS": 0.15,
      "Diluted NI Availto Com Stockholders": 233000000.0,
      "Average Dilution Earnings": 3000000.0,
      "Net Income Common Stockholders": 230000000.0,
      "Preferred Stock Dividends": 42000000.0,
      "Net Income": 272000000.0,
      "Minority Interests": -783000000.0,
      "Net Income Including Noncontrolling Interests": 1055000000.0,
      "Net Income Continuous Operations": 1055000000.0,
      "Tax Provision": 134000000.0,
      "Pretax Income": 1189000000.0,
      "Other Income Expense": 1294000000.0,
      "Other Non Operating Income Expenses": 401000000.0,
      "Special Income Charges": -118000000.0,
      "Write Off": 118000000.0,
      "Earnings From Equity Interest": 467000000.0,
      "Gain On Sale Of Security": 544000000.0,
      "Net Non Operating Interest Income Expense": -4253000000.0,
      "Interest Expense Non Operating": 4253000000.0,
      "Interest Income Non Operating": 296000000.0,
      "Operating Income": 4148000000.0,
      "Operating Expense": 20000000.0,
      "Other Operating Expenses": 20000000.0,
      "Depreciation Amortization Depletion Income Statement": 2534000000.0,
      "Depreciation And Amortization In Income Statement": 2534000000.0,
      "Selling General And Administration": 20000000.0,
      "General And Administrative Expense": 20000000.0,
      "Other Gand A": 20000000.0,
      "Gross Profit": 4168000000.0,
      "Cost Of Revenue": 13915000000.0,
      "Total Revenue": 18083000000.0,
      "Operating Revenue": 18083000000.0
    },
    "2025-03-31T00:00:00": {
      "Tax Effect Of Unusual Items": -55650000.0,
      "Tax Rate For Calcs": 0.15,
      "Normalized EBITDA": 7585000000.0,
      "Total Unusual Items": -371000000.0,
      "Total Unusual Items Excluding Goodwill": -371000000.0,
      "Net Income From Continuing Operation Net Minority Interest": 73000000.0,
      "Reconciled Depreciation": 2455000000.0,
      "Reconciled Cost Of Revenue": 13450000000.0,
      "EBITDA": 7214000000.0,
      "EBIT": 4759000000.0,
      "Net Interest Income": -4161000000.0,
      "Interest Expense": 4161000000.0,
      "Interest Income": 188000000.0,
      "Normalized Income": 388350000.0,
      "Net Income From Continuing And Discontinued Operation": 73000000.0,
      "Total Expenses": 13468000000.0,
      "Diluted Average Shares": 1543500000.0,
      "Basic Average Shares": 1504000000.0,
      "Diluted EPS": 0.02,
      "Basic EPS": 0.02,
      "Diluted NI Availto Com Stockholders": 33000000.0,
      "Average Dilution Earnings": 0.0,
      "Net Income Common Stockholders": 33000000.0,
      "Preferred Stock Dividends": 40000000.0,
      "Net Income": 73000000.0,
      "Minority Interests": -142000000.0,
      "Net Income Including Noncontrolling Interests": 215000000.0,
      "Net Income Continuous Operations": 215000000.0,
      "Tax Provision": 383000000.0,
      "Pretax Income": 598000000.0,
      "Other Income Expense": 283000000.0,
      "Other Non Operating Income Expenses": 135000000.0,
      "Special Income Charges": -346000000.0,
      "Write Off": 346000000.0,
      "Earnings From Equity Interest": 519000000.0,
      "Gain On Sale Of Security": -25000000.0,
      "Net Non Operating Interest Income Expense": -4161000000.0,
      "Interest Expense Non Operating": 4161000000.0,
      "Interest Income Non Operating": 188000000.0,
      "Operating Income": 4476000000.0,
      "Operating Expense": 18000000.0,
      "Other Operating Expenses": 18000000.0,
      "Depreciation Amortization Depletion Income Statement": 2455000000.0,
      "Depreciation And Amortization In Income Statement": 2455000000.0,
      "Selling General And Administration": 18000000.0,
      "General And Administrative Expense": 18000000.0,
      "Other Gand A": 18000000.0,
      "Gross Profit": 4494000000.0,
      "Cost Of Revenue": 13450000000.0,
      "Total Revenue": 17944000000.0,
      "Operating Revenue": 14543000000.0
    },
    "2024-12-31T00:00:00": {
      "Tax Effect Of Unusual Items": -170250000.0,
      "Tax Rate For Calcs": 0.15,
      "Normalized EBITDA": 7891000000.0,
      "Total Unusual Items": -1135000000.0,
      "Total Unusual Items Excluding Goodwill": -1135000000.0,
      "Net Income From Continuing Operation Net Minority Interest": 432000000.0,
      "Reconciled Depreciation": 2417000000.0,
      "Reconciled Cost Of Revenue": 14394000000.0,
      "EBITDA": 6756000000.0,
      "EBIT": 4339000000.0,
      "Net Interest Income": -3979000000.0,
      "Interest Expense": 3979000000.0,
      "Interest Income": null,
      "Normalized Income": 1396750000.0,
      "Net Income From Continuing And Discontinued Operation": 432000000.0,
      "Total Expenses": 14414000000.0,
      "Diluted Average Shares": 1589400000.0,
      "Basic Average Shares": 1508300000.0,
      "Diluted EPS": 0.25,
      "Basic EPS": 0.26,
      "Diluted NI Availto Com Stockholders": 403000000.0,
      "Average Dilution Earnings": 12000000.0,
      "Net Income Common Stockholders": 391000000.0,
      "Preferred Stock Dividends": 41000000.0,
      "Net Income": 432000000.0,
      "Minority Interests": 331000000.0,
      "Net Income Including Noncontrolling Interests": 101000000.0,
      "Net Income Continuous Operations": 101000000.0,
      "Tax Provision": 259000000.0,
      "Pretax Income": 360000000.0,
      "Other Income Expense": -673000000.0,
      "Other Non Operating Income Expenses": -572000000.0,
      "Special Income Charges": -2157000000.0,
      "Write Off": 2157000000.0,
      "Earnings From Equity Interest": 1034000000.0,
      "Gain On Sale Of Security": 1022000000.0,
      "Net Non Operating Interest Income Expense": -3979000000.0,
      "Interest Expense Non Operating": 3979000000.0,
      "Interest Income Non Operating": null,
      "Operating Income": 5012000000.0,
      "Operating Expense": 20000000.0,
      "Other Operating Expenses": 20000000.0,
      "Depreciation Amortization Depletion Income Statement": null,
      "Depreciation And Amortization In Income Statement": null,
      "Selling General And Administration": 20000000.0,
      "General And Administrative Expense": 20000000.0,
      "Other Gand A": 20000000.0,
      "Gross Profit": 5032000000.0,
      "Cost Of Revenue": 14394000000.0,
      "Total Revenue": 19426000000.0,
      "Operating Revenue": 4735000000.0
    },
    "2024-09-30T00:00:00": {
      "Tax Effect Of Unusual Items": 23440000.0,
      "Tax Rate For Calcs": 0.08,
      "Normalized EBITDA": 8105000000.0,
      "Total Unusual Items": 293000000.0,
      "Total Unusual Items Excluding Goodwill": 293000000.0,
      "Net Income From Continuing Operation Net Minority Interest": 64000000.0,
      "Reconciled Depreciation": 2410000000.0,
      "Reconciled Cost Of Revenue": 15344000000.0,
      "EBITDA": 8398000000.0,
      "EBIT": 5988000000.0,
      "Net Interest Income": -4332000000.0,
      "Interest Expense": 4332000000.0,
      "Interest Income": 0.0,
      "Normalized Income": -205560000.0,
      "Net Income From Continuing And Discontinued Operation": 64000000.0,
      "Total Expenses": 15364000000.0,
      "Diluted Average Shares": null,
      "Basic Average Shares": null,
      "Diluted EPS": null,
      "Basic EPS": null,
      "Diluted NI Availto Com Stockholders": 21000000.0,
      "Average Dilution Earnings": 0.0,
      "Net Income Common Stockholders": 21000000.0,
      "Preferred Stock Dividends": 43000000.0,
      "Net Income": 64000000.0,
      "Minority Interests": -1454000000.0,
      "Net Income Including Noncontrolling Interests": 1518000000.0,
      "Net Income Continuous Operations": 1518000000.0,
      "Tax Provision": 138000000.0,
      "Pretax Income": 1656000000.0,
      "Other Income Expense": 729000000.0,
      "Other Non Operating Income Expenses": 252000000.0,
      "Special Income Charges": -97000000.0,
      "Write Off": 97000000.0,
      "Earnings From Equity Interest": 184000000.0,
      "Gain On Sale Of Security": 390000000.0,
      "Net Non Operating Interest Income Expense": -4332000000.0,
      "Interest Expense Non Operating": 4332000000.0,
      "Interest Income Non Operating": 0.0,
      "Operating Income": 5259000000.0,
      "Operating Expense": 20000000.0,
      "Other Operating Expenses": 20000000.0,
      "Depreciation Amortization Depletion Income Statement": 2410000000.0,
      "Depreciation And Amortization In Income Statement": 2410000000.0,
      "Selling General And Administration": 20000000.0,
      "General And Administrative Expense": 20000000.0,
      "Other Gand A": 20000000.0,
      "Gross Profit": 5279000000.0,
      "Cost Of Revenue": 15344000000.0,
      "Total Revenue": 20623000000.0,
      "Operating Revenue": 16829000000.0
    },
    "2024-06-30T00:00:00": {
      "Tax Effect Of Unusual Items": null,
      "Tax Rate For Calcs": null,
      "Normalized EBITDA": null,
      "Total Unusual Items": null,
      "Total Unusual Items Excluding Goodwill": null,
      "Net Income From Continuing Operation Net Minority Interest": null,
      "Reconciled Depreciation": null,
      "Reconciled Cost Of Revenue": null,
      "EBITDA": null,
      "EBIT": null,
      "Net Interest Income": null,
      "Interest Expense": null,
      "Interest Income": 0.0,
      "Normalized Income": null,
      "Net Income From Continuing And Discontinued Operation": null,
      "Total Expenses": null,
      "Diluted Average Shares": null,
      "Basic Average Shares": null,
      "Diluted EPS": null,
      "Basic EPS": null,
      "Diluted NI Availto Com Stockholders": null,
      "Average Dilution Earnings": null,
      "Net Income Common Stockholders": null,
      "Preferred Stock Dividends": null,
      "Net Income": null,
      "Minority Interests": null,
      "Net Income Including Noncontrolling Interests": null,
      "Net Income Continuous Operations": null,
      "Tax Provision": null,
      "Pretax Income": null,
      "Other Income Expense": null,
      "Other Non Operating Income Expenses": null,
      "Special Income Charges": null,
      "Write Off": null,
      "Earnings From Equity Interest": null,
      "Gain On Sale Of Security": null,
      "Net Non Operating Interest Income Expense": null,
      "Interest Expense Non Operating": null,
      "Interest Income Non Operating": 0.0,
      "Operating Income": null,
      "Operating Expense": null,
      "Other Operating Expenses": null,
      "Depreciation Amortization Depletion Income Statement": 2435000000.0,
      "Depreciation And Amortization In Income Statement": 2435000000.0,
      "Selling General And Administration": 19000000.0,
      "General And Administrative Expense": 19000000.0,
      "Other Gand A": 19000000.0,
      "Gross Profit": null,
      "Cost Of Revenue": null,
      "Total Revenue": null,
      "Operating Revenue": null
    }
  },
  "balance_sheet": {
    "2024-12-31T00:00:00": {
      "Treasury Shares Number": 104786155.0,
      "Preferred Shares Number": 185022218.0,
      "Ordinary Shares Number": 1506550088.0,
      "Share Issued": 1611336243.0,
      "Net Debt": 219741000000.0,
      "Total Debt": 234792000000.0,
      "Tangible Book Value": -29928000000.0,
      "Invested Capital": 276666000000.0,
      "Working Capital": -29942000000.0,
      "Net Tangible Assets": -25825000000.0,
      "Common Stock Equity": 41874000000.0,
      "Preferred Stock Equity": 4103000000.0,
      "Total Capitalization": 229498000000.0,
      "Total Equity Gross Minority Interest": 165383000000.0,
      "Minority Interest": 119406000000.0,
      "Stockholders Equity": 45977000000.0,
      "Other Equity Interest": 5045000000.0,
      "Gains Losses Not Affecting Retained Earnings": 8843000000.0,
      "Other Equity Adjustments": 2510000000.0,
      "Fixed Assets Revaluation Reserve": 9584000000.0,
      "Foreign Currency Translation Adjustments": -3251000000.0,
      "Retained Earnings": 17066000000.0,
      "Additional Paid In Capital": 114000000.0,
      "Capital Stock": 14909000000.0,
      "Common Stock": 10806000000.0,
      "Preferred Stock": 4103000000.0,
      "Total Liabilities Net Minority Interest": 325041000000.0,
      "Total Non Current Liabilities Net Minority Interest": 238924000000.0,
      "Other Non Current Liabilities": 139000000.0,
      "Preferred Securities Outside Stock Equity": 4620000000.0,
      "Tradeand Other Payables Non Current": 25377000000.0,
      "Non Current Deferred Liabilities": 25267000000.0,
      "Non Current Deferred Taxes Liabilities": 25267000000.0,
      "Long Term Debt And Capital Lease Obligation": 183521000000.0,
      "Long Term Debt": 183521000000.0,
      "Current Liabilities": 86117000000.0,
      "Other Current Liabilities": 4721000000.0,
      "Current Debt And Capital Lease Obligation": 51271000000.0,
      "Current Debt": 51271000000.0,
      "Other Current Borrowings": 50504000000.0,
      "Line Of Credit": 767000000.0,
      "Payables And Accrued Expenses": 30125000000.0,
      "Payables": 30125000000.0,
      "Accounts Payable": 30125000000.0,
      "Total Assets": 490424000000.0,
      "Total Non Current Assets": 434249000000.0,
      "Other Non Current Assets": 3040000000.0,
      "Non Current Deferred Assets": 3723000000.0,
      "Non Current Deferred Taxes Assets": 3723000000.0,
      "Non Current Accounts Receivable": 9935000000.0,
      "Investments And Advances": 89065000000.0,
      "Investmentin Financial Assets": 20755000000.0,
      "Available For Sale Securities": 20755000000.0,
      "Long Term Equity Investment": 68310000000.0,
      "Investment Properties": 103665000000.0,
      "Goodwill And Other Intangible Assets": 71802000000.0,
      "Other Intangible Assets": 36072000000.0,
      "Goodwill": 35730000000.0,
      "Net PPE": 153019000000.0,
      "Accumulated Depreciation": -29666000000.0,
      "Gross PPE": 182685000000.0,
      "Current Assets": 56175000000.0,
      "Assets Held For Sale Current": 10291000000.0,
      "Inventory": 5418000000.0,
      "Receivables": 20283000000.0,
      "Accounts Receivable": 20283000000.0,
      "Cash Cash Equivalents And Short Term Investments": 20183000000.0,
      "Other Short Term Investments": 5132000000.0,
      "Cash And Cash Equivalents": 15051000000.0
    },
    "2023-12-31T00:00:00": {
      "Treasury Shares Number": 81849805.0,
      "Preferred Shares Number": 185009400.0,
      "Ordinary Shares Number": 1523457459.0,
      "Share Issued": 1605307264.0,
      "Net Debt": 222488000000.0,
      "Total Debt": 233710000000.0,
      "Tangible Book Value": -32231000000.0,
      "Invested Capital": 275384000000.0,
      "Working Capital": -44430000000.0,
      "Net Tangible Assets": -28128000000.0,
      "Common Stock Equity": 41674000000.0,
      "Preferred Stock Equity": 4103000000.0,
      "Total Capitalization": 221885000000.0,
      "Total Equity Gross Minority Interest": 168242000000.0,
      "Minority Interest": 122465000000.0,
      "Stockholders Equity": 45777000000.0,
      "Other Equity Interest": 4510000000.0,
      "Gains Losses Not Affecting Retained Earnings": 8167000000.0,
      "Other Equity Adjustments": 1686000000.0,
      "Fixed Assets Revaluation Reserve": 8958000000.0,
      "Foreign Currency Translation Adjustments": -2477000000.0,
      "Retained Earnings": 18006000000.0,
      "Additional Paid In Capital": 112000000.0,
      "Capital Stock": 14982000000.0,
      "Common Stock": 10879000000.0,
      "Preferred Stock": 4103000000.0,
      "Total Liabilities Net Minority Interest": 321853000000.0,
      "Total Non Current Liabilities Net Minority Interest": 230719000000.0,
      "Other Non Current Liabilities": 263000000.0,
      "Preferred Securities Outside Stock Equity": 3882000000.0,
      "Tradeand Other Payables Non Current": 25479000000.0,
      "Non Current Deferred Liabilities": 24987000000.0,
      "Non Current Deferred Taxes Liabilities": 24987000000.0,
      "Long Term Debt And Capital Lease Obligation": 176108000000.0,
      "Long Term Debt": 176108000000.0,
      "Current Liabilities": 91134000000.0,
      "Other Current Liabilities": 118000000.0,
      "Current Debt And Capital Lease Obligation": 57602000000.0,
      "Current Debt": 57602000000.0,
      "Other Current Borrowings": 57571000000.0,
      "Line Of Credit": 31000000.0,
      "Payables And Accrued Expenses": 33414000000.0,
      "Payables": 33414000000.0,
      "Accounts Payable": 33414000000.0,
      "Total Assets": 490095000000.0,
      "Total Non Current Assets": 443391000000.0,
      "Other Non Current Assets": 4352000000.0,
      "Non Current Deferred Assets": 3338000000.0,
      "Non Current Deferred Taxes Assets": 3338000000.0,
      "Non Current Accounts Receivable": 8249000000.0,
      "Investments And Advances": 81778000000.0,
      "Investmentin Financial Assets": 22654000000.0,
      "Available For Sale Securities": 22654000000.0,
      "Long Term Equity Investment": 59124000000.0,
      "Investment Properties": 124152000000.0,
      "Goodwill And Other Intangible Assets": 73905000000.0,
      "Other Intangible Assets": 38994000000.0,
      "Goodwill": 34911000000.0,
      "Net PPE": 147617000000.0,
      "Accumulated Depreciation": -27917000000.0,
      "Gross PPE": 175534000000.0,
      "Current Assets": 46704000000.0,
      "Assets Held For Sale Current": 2489000000.0,
      "Inventory": 7060000000.0,
      "Receivables": 20263000000.0,
      "Accounts Receivable": 20263000000.0,
      "Cash Cash Equivalents And Short Term Investments": 16892000000.0,
      "Other Short Term Investments": 5670000000.0,
      "Cash And Cash Equivalents": 11222000000.0
    },
    "2022-12-31T00:00:00": {
      "Treasury Shares Number": 62900000.0,
      "Preferred Shares Number": 185009400.0,
      "Ordinary Shares Number": 1576097920.0,
      "Share Issued": 1638997920.0,
      "Net Debt": 199678000000.0,
      "Total Debt": 214074000000.0,
      "Tangible Book Value": -27465000000.0,
      "Invested Capital": 253682000000.0,
      "Working Capital": -24359000000.0,
      "Net Tangible Assets": -23320000000.0,
      "Common Stock Equity": 39608000000.0,
      "Preferred Stock Equity": 4145000000.0,
      "Total Capitalization": 214530000000.0,
      "Total Equity Gross Minority Interest": 141891000000.0,
      "Minority Interest": 98138000000.0,
      "Stockholders Equity": 43753000000.0,
      "Other Equity Interest": 2959000000.0,
      "Gains Losses Not Affecting Retained Earnings": 7594000000.0,
      "Other Equity Adjustments": 898000000.0,
      "Fixed Assets Revaluation Reserve": 9522000000.0,
      "Foreign Currency Translation Adjustments": -2826000000.0,
      "Retained Earnings": 18006000000.0,
      "Additional Paid In Capital": 148000000.0,
      "Capital Stock": 15046000000.0,
      "Common Stock": 10901000000.0,
      "Preferred Stock": 4145000000.0,
      "Total Liabilities Net Minority Interest": 299393000000.0,
      "Total Non Current Liabilities Net Minority Interest": 221646000000.0,
      "Other Non Current Liabilities": 1114000000.0,
      "Preferred Securities Outside Stock Equity": 3074000000.0,
      "Tradeand Other Payables Non Current": 23491000000.0,
      "Non Current Deferred Liabilities": 23190000000.0,
      "Non Current Deferred Taxes Liabilities": 23190000000.0,
      "Long Term Debt And Capital Lease Obligation": 170777000000.0,
      "Long Term Debt": 170777000000.0,
      "Current Liabilities": 77747000000.0,
      "Other Current Liabilities": 876000000.0,
      "Current Debt And Capital Lease Obligation": 43297000000.0,
      "Current Debt": 43297000000.0,
      "Other Current Borrowings": 43297000000.0,
      "Line Of Credit": 0.0,
      "Payables And Accrued Expenses": 33574000000.0,
      "Payables": 33574000000.0,
      "Accounts Payable": 33574000000.0,
      "Total Assets": 441284000000.0,
      "Total Non Current Assets": 387896000000.0,
      "Other Non Current Assets": 3735000000.0,
      "Non Current Deferred Assets": 3403000000.0,
      "Non Current Deferred Taxes Assets": 3403000000.0,
      "Non Current Accounts Receivable": 7889000000.0,
      "Investments And Advances": 66428000000.0,
      "Investmentin Financial Assets": 19334000000.0,
      "Available For Sale Securities": 19334000000.0,
      "Long Term Equity Investment": 47094000000.0,
      "Investment Properties": 115100000000.0,
      "Goodwill And Other Intangible Assets": 67073000000.0,
      "Other Intangible Assets": 38411000000.0,
      "Goodwill": 28662000000.0,
      "Net PPE": 124268000000.0,
      "Accumulated Depreciation": -22976000000.0,
      "Gross PPE": 147244000000.0,
      "Current Assets": 53388000000.0,
      "Assets Held For Sale Current": 2830000000.0,
      "Inventory": 9108000000.0,
      "Receivables": 19489000000.0,
      "Accounts Receivable": 19489000000.0,
      "Cash Cash Equivalents And Short Term Investments": 21961000000.0,
      "Other Short Term Investments": 7565000000.0,
      "Cash And Cash Equivalents": 14396000000.0
    },
    "2021-12-31T00:00:00": {
      "Treasury Shares Number": 69663192.0,
      "Preferred Shares Number": 184236171.0,
      "Ordinary Shares Number": 1640580019.0,
      "Share Issued": 1710243211.0,
      "Net Debt": 163238000000.0,
      "Total Debt": 175932000000.0,
      "Tangible Book Value": -8626000000.0,
      "Invested Capital": 218142000000.0,
      "Working Capital": -8805000000.0,
      "Net Tangible Assets": -4481000000.0,
      "Common Stock Equity": 42210000000.0,
      "Preferred Stock Equity": 4145000000.0,
      "Total Capitalization": 189496000000.0,
      "Total Equity Gross Minority Interest": 134741000000.0,
      "Minority Interest": 88386000000.0,
      "Stockholders Equity": 46355000000.0,
      "Other Equity Interest": 6243000000.0,
      "Gains Losses Not Affecting Retained Earnings": 7404000000.0,
      "Other Equity Adjustments": 7404000000.0,
      "Fixed Assets Revaluation Reserve": 8281000000.0,
      "Foreign Currency Translation Adjustments": -2287000000.0,
      "Retained Earnings": 17705000000.0,
      "Additional Paid In Capital": 320000000.0,
      "Capital Stock": 14683000000.0,
      "Common Stock": 10538000000.0,
      "Preferred Stock": 4145000000.0,
      "Total Liabilities Net Minority Interest": 256262000000.0,
      "Total Non Current Liabilities Net Minority Interest": 191187000000.0,
      "Other Non Current Liabilities": 1538000000.0,
      "Preferred Securities Outside Stock Equity": 2770000000.0,
      "Tradeand Other Payables Non Current": 23410000000.0,
      "Non Current Deferred Liabilities": 20328000000.0,
      "Non Current Deferred Taxes Liabilities": 20328000000.0,
      "Long Term Debt And Capital Lease Obligation": 143141000000.0,
      "Long Term Debt": 143141000000.0,
      "Current Liabilities": 65075000000.0,
      "Other Current Liabilities": 3148000000.0,
      "Current Debt And Capital Lease Obligation": 32791000000.0,
      "Current Debt": 32791000000.0,
      "Other Current Borrowings": 31879000000.0,
      "Line Of Credit": 912000000.0,
      "Payables And Accrued Expenses": 29136000000.0,
      "Payables": 29136000000.0,
      "Accounts Payable": 29136000000.0,
      "Total Assets": 391003000000.0,
      "Total Non Current Assets": 334733000000.0,
      "Other Non Current Assets": 2858000000.0,
      "Non Current Deferred Assets": 3340000000.0,
      "Non Current Deferred Taxes Assets": 3340000000.0,
      "Non Current Accounts Receivable": 5662000000.0,
      "Investments And Advances": 55683000000.0,
      "Investmentin Financial Assets": 9583000000.0,
      "Available For Sale Securities": 9583000000.0,
      "Long Term Equity Investment": 46100000000.0,
      "Investment Properties": 100865000000.0,
      "Goodwill And Other Intangible Assets": 50836000000.0,
      "Other Intangible Assets": 30609000000.0,
      "Goodwill": 20227000000.0,
      "Net PPE": 115489000000.0,
      "Accumulated Depreciation": -18593000000.0,
      "Gross PPE": 134082000000.0,
      "Current Assets": 56270000000.0,
      "Assets Held For Sale Current": 11958000000.0,
      "Inventory": 8557000000.0,
      "Receivables": 16098000000.0,
      "Accounts Receivable": 16098000000.0,
      "Cash Cash Equivalents And Short Term Investments": 19657000000.0,
      "Other Short Term Investments": 6963000000.0,
      "Cash And Cash Equivalents": 12694000000.0
    }
  },
  "cashflow": {
    "2024-12-31T00:00:00": {
      "Free Cash Flow": -3603000000.0,
      "Repurchase Of Capital Stock": -1001000000.0,
      "Repayment Of Debt": -86423000000.0,
      "Issuance Of Debt": 111926000000.0,
      "Issuance Of Capital Stock": 19000000.0,
      "Capital Expenditure": -11172000000.0,
      "Interest Paid Supplemental Data": 14289000000.0,
      "Income Tax Paid Supplemental Data": 2674000000.0,
      "End Cash Position": 15051000000.0,
      "Beginning Cash Position": 11222000000.0,
      "Effect Of Exchange Rate Changes": -461000000.0,
      "Changes In Cash": 4290000000.0,
      "Cash Flow From Discontinued Operation": -215000000.0,
      "Financing Cash Flow": 26900000000.0,
      "Cash Flow From Continuing Financing Activities": 26900000000.0,
      "Net Other Financing Charges": 2330000000.0,
      "Cash Dividends Paid": -663000000.0,
      "Preferred Stock Dividend Paid": -168000000.0,
      "Common Stock Dividend Paid": -495000000.0,
      "Net Preferred Stock Issuance": 0.0,
      "Preferred Stock Payments": 0.0,
      "Net Common Stock Issuance": -982000000.0,
      "Common Stock Payments": -1001000000.0,
      "Common Stock Issuance": 19000000.0,
      "Net Issuance Payments Of Debt": 26215000000.0,
      "Net Short Term Debt Issuance": 712000000.0,
      "Net Long Term Debt Issuance": 25503000000.0,
      "Long Term Debt Payments": -86423000000.0,
      "Long Term Debt Issuance": 111926000000.0,
      "Investing Cash Flow": -29964000000.0,
      "Cash Flow From Continuing Investing Activities": -29964000000.0,
      "Net Other Investing Changes": 49000000.0,
      "Net Investment Purchase And Sale": -3189000000.0,
      "Sale Of Investment": 8216000000.0,
      "Purchase Of Investment": -11405000000.0,
      "Net Investment Properties Purchase And Sale": -7034000000.0,
      "Sale Of Investment Properties": 4107000000.0,
      "Purchase Of Investment Properties": -11141000000.0,
      "Net Business Purchase And Sale": -11391000000.0,
      "Sale Of Business": 2136000000.0,
      "Purchase Of Business": -13527000000.0,
      "Net PPE Purchase And Sale": -8399000000.0,
      "Sale Of PPE": 2773000000.0,
      "Purchase Of PPE": -11172000000.0,
      "Operating Cash Flow": 7569000000.0,
      "Cash Flow From Continuing Operating Activities": 7569000000.0,
      "Change In Working Capital": -4204000000.0,
      "Other Non Cash Items": 174000000.0,
      "Unrealized Gain Loss On Investment Securities": null,
      "Asset Impairment Charge": 2404000000.0,
      "Deferred Tax": -341000000.0,
      "Deferred Income Tax": -341000000.0,
      "Depreciation Amortization Depletion": 9737000000.0,
      "Depreciation And Amortization": 9737000000.0,
      "Operating Gains Losses": -2054000000.0,
      "Earnings Losses From Equity Investments": -641000000.0,
      "Gain Loss On Investment Securities": -1413000000.0,
      "Gain Loss On Sale Of Business": null,
      "Net Income From Continuing Operations": 1853000000.0
    },
    "2023-12-31T00:00:00": {
      "Free Cash Flow": -1602000000.0,
      "Repurchase Of Capital Stock": -646000000.0,
      "Repayment Of Debt": -72847000000.0,
      "Issuance Of Debt": 84866000000.0,
      "Issuance Of Capital Stock": 49000000.0,
      "Capital Expenditure": -8069000000.0,
      "Interest Paid Supplemental Data": 13902000000.0,
      "Income Tax Paid Supplemental Data": 1677000000.0,
      "End Cash Position": 11222000000.0,
      "Beginning Cash Position": 14396000000.0,
      "Effect Of Exchange Rate Changes": 205000000.0,
      "Changes In Cash": -3379000000.0,
      "Cash Flow From Discontinued Operation": -11000000.0,
      "Financing Cash Flow": 19927000000.0,
      "Cash Flow From Continuing Financing Activities": 19927000000.0,
      "Net Other Financing Charges": 12634000000.0,
      "Cash Dividends Paid": -602000000.0,
      "Preferred Stock Dividend Paid": -166000000.0,
      "Common Stock Dividend Paid": -436000000.0,
      "Net Preferred Stock Issuance": -22000000.0,
      "Preferred Stock Payments": -22000000.0,
      "Net Common Stock Issuance": -575000000.0,
      "Common Stock Payments": -624000000.0,
      "Common Stock Issuance": 49000000.0,
      "Net Issuance Payments Of Debt": 8492000000.0,
      "Net Short Term Debt Issuance": -3527000000.0,
      "Net Long Term Debt Issuance": 12019000000.0,
      "Long Term Debt Payments": -72847000000.0,
      "Long Term Debt Issuance": 84866000000.0,
      "Investing Cash Flow": -29762000000.0,
      "Cash Flow From Continuing Investing Activities": -29762000000.0,
      "Net Other Investing Changes": 41000000.0,
      "Net Investment Purchase And Sale": -1801000000.0,
      "Sale Of Investment": 50086000000.0,
      "Purchase Of Investment": -51887000000.0,
      "Net Investment Properties Purchase And Sale": -6640000000.0,
      "Sale Of Investment Properties": 1573000000.0,
      "Purchase Of Investment Properties": -8213000000.0,
      "Net Business Purchase And Sale": -14468000000.0,
      "Sale Of Business": 8946000000.0,
      "Purchase Of Business": -23414000000.0,
      "Net PPE Purchase And Sale": -6894000000.0,
      "Sale Of PPE": 1175000000.0,
      "Purchase Of PPE": -8069000000.0,
      "Operating Cash Flow": 6467000000.0,
      "Cash Flow From Continuing Operating Activities": 6467000000.0,
      "Change In Working Capital": -1422000000.0,
      "Other Non Cash Items": -5997000000.0,
      "Unrealized Gain Loss On Investment Securities": -256000000.0,
      "Asset Impairment Charge": 1276000000.0,
      "Deferred Tax": -897000000.0,
      "Deferred Income Tax": -897000000.0,
      "Depreciation Amortization Depletion": 9075000000.0,
      "Depreciation And Amortization": 9075000000.0,
      "Operating Gains Losses": -673000000.0,
      "Earnings Losses From Equity Investments": -441000000.0,
      "Gain Loss On Investment Securities": -232000000.0,
      "Gain Loss On Sale Of Business": null,
      "Net Income From Continuing Operations": 5105000000.0
    },
    "2022-12-31T00:00:00": {
      "Free Cash Flow": 1515000000.0,
      "Repurchase Of Capital Stock": -686000000.0,
      "Repayment Of Debt": -61840000000.0,
      "Issuance Of Debt": 91026000000.0,
      "Issuance Of Capital Stock": 14000000.0,
      "Capital Expenditure": -7236000000.0,
      "Interest Paid Supplemental Data": 9009000000.0,
      "Income Tax Paid Supplemental Data": 1079000000.0,
      "End Cash Position": 14396000000.0,
      "Beginning Cash Position": 12694000000.0,
      "Effect Of Exchange Rate Changes": -17000000.0,
      "Changes In Cash": 1719000000.0,
      "Cash Flow From Discontinued Operation": 158000000.0,
      "Financing Cash Flow": 32460000000.0,
      "Cash Flow From Continuing Financing Activities": 32460000000.0,
      "Net Other Financing Charges": -982000000.0,
      "Cash Dividends Paid": -1029000000.0,
      "Preferred Stock Dividend Paid": -150000000.0,
      "Common Stock Dividend Paid": -879000000.0,
      "Net Preferred Stock Issuance": 0.0,
      "Preferred Stock Payments": 0.0,
      "Net Common Stock Issuance": -672000000.0,
      "Common Stock Payments": -686000000.0,
      "Common Stock Issuance": 14000000.0,
      "Net Issuance Payments Of Debt": 35143000000.0,
      "Net Short Term Debt Issuance": 5957000000.0,
      "Net Long Term Debt Issuance": 29186000000.0,
      "Long Term Debt Payments": -61840000000.0,
      "Long Term Debt Issuance": 91026000000.0,
      "Investing Cash Flow": -39650000000.0,
      "Cash Flow From Continuing Investing Activities": -39650000000.0,
      "Net Other Investing Changes": 280000000.0,
      "Net Investment Purchase And Sale": -4021000000.0,
      "Sale Of Investment": 63953000000.0,
      "Purchase Of Investment": -67974000000.0,
      "Net Investment Properties Purchase And Sale": -5790000000.0,
      "Sale Of Investment Properties": 3874000000.0,
      "Purchase Of Investment Properties": -9664000000.0,
      "Net Business Purchase And Sale": -23478000000.0,
      "Sale Of Business": 7970000000.0,
      "Purchase Of Business": -31448000000.0,
      "Net PPE Purchase And Sale": -6641000000.0,
      "Sale Of PPE": 595000000.0,
      "Purchase Of PPE": -7236000000.0,
      "Operating Cash Flow": 8751000000.0,
      "Cash Flow From Continuing Operating Activities": 8751000000.0,
      "Change In Working Capital": -3227000000.0,
      "Other Non Cash Items": -563000000.0,
      "Unrealized Gain Loss On Investment Securities": 617000000.0,
      "Asset Impairment Charge": 293000000.0,
      "Deferred Tax": 191000000.0,
      "Deferred Income Tax": 191000000.0,
      "Depreciation Amortization Depletion": 7683000000.0,
      "Depreciation And Amortization": 7683000000.0,
      "Operating Gains Losses": -821000000.0,
      "Earnings Losses From Equity Investments": -355000000.0,
      "Gain Loss On Investment Securities": -466000000.0,
      "Gain Loss On Sale Of Business": 533000000.0,
      "Net Income From Continuing Operations": 5195000000.0
    },
    "2021-12-31T00:00:00": {
      "Free Cash Flow": 993000000.0,
      "Repurchase Of Capital Stock": -368000000.0,
      "Repayment Of Debt": -63860000000.0,
      "Issuance Of Debt": 81726000000.0,
      "Issuance Of Capital Stock": 23000000.0,
      "Capital Expenditure": -6881000000.0,
      "Interest Paid Supplemental Data": 7001000000.0,
      "Income Tax Paid Supplemental Data": 1116000000.0,
      "End Cash Position": 12694000000.0,
      "Beginning Cash Position": 9933000000.0,
      "Effect Of Exchange Rate Changes": -122000000.0,
      "Changes In Cash": 2883000000.0,
      "Cash Flow From Discontinued Operation": -207000000.0,
      "Financing Cash Flow": 16261000000.0,
      "Cash Flow From Continuing Financing Activities": 16261000000.0,
      "Net Other Financing Charges": -6908000000.0,
      "Cash Dividends Paid": -1486000000.0,
      "Preferred Stock Dividend Paid": -148000000.0,
      "Common Stock Dividend Paid": -1338000000.0,
      "Net Preferred Stock Issuance": null,
      "Preferred Stock Payments": null,
      "Net Common Stock Issuance": -345000000.0,
      "Common Stock Payments": -368000000.0,
      "Common Stock Issuance": 23000000.0,
      "Net Issuance Payments Of Debt": 25000000000.0,
      "Net Short Term Debt Issuance": 7134000000.0,
      "Net Long Term Debt Issuance": 17866000000.0,
      "Long Term Debt Payments": -63860000000.0,
      "Long Term Debt Issuance": 81726000000.0,
      "Investing Cash Flow": -21045000000.0,
      "Cash Flow From Continuing Investing Activities": -21045000000.0,
      "Net Other Investing Changes": 220000000.0,
      "Net Investment Purchase And Sale": 564000000.0,
      "Sale Of Investment": 35622000000.0,
      "Purchase Of Investment": -35058000000.0,
      "Net Investment Properties Purchase And Sale": -5067000000.0,
      "Sale Of Investment Properties": 6219000000.0,
      "Purchase Of Investment Properties": -11286000000.0,
      "Net Business Purchase And Sale": -10604000000.0,
      "Sale Of Business": 7663000000.0,
      "Purchase Of Business": -18267000000.0,
      "Net PPE Purchase And Sale": -6158000000.0,
      "Sale Of PPE": 723000000.0,
      "Purchase Of PPE": -6881000000.0,
      "Operating Cash Flow": 7874000000.0,
      "Cash Flow From Continuing Operating Activities": 7874000000.0,
      "Change In Working Capital": -3184000000.0,
      "Other Non Cash Items": -2881000000.0,
      "Unrealized Gain Loss On Investment Securities": null,
      "Asset Impairment Charge": 654000000.0,
      "Deferred Tax": 1210000000.0,
      "Deferred Income Tax": 1210000000.0,
      "Depreciation Amortization Depletion": 6437000000.0,
      "Depreciation And Amortization": 6437000000.0,
      "Operating Gains Losses": -6750000000.0,
      "Earnings Losses From Equity Investments": -693000000.0,
      "Gain Loss On Investment Securities": -6057000000.0,
      "Gain Loss On Sale Of Business": -714000000.0,
      "Net Income From Continuing Operations": 12388000000.0
    }
  },
  "earnings_estimate": null,
  "revenue_estimate": {
    "avg": {
      "0q": 0,
      "+1q": 0,
      "0y": 10492781910,
      "+1y": 11916814600
    },
    "low": {
      "0q": 0,
      "+1q": 0,
      "0y": 7850737820,
      "+1y": 8848787190
    },
    "high": {
      "0q": 0,
      "+1q": 0,
      "0y": 13134826000,
      "+1y": 14984842000
    },
    "numberOfAnalysts": {
      "0q": 0,
      "+1q": 0,
      "0y": 2,
      "+1y": 2
    },
    "yearAgoRevenue": {
      "0q": null,
      "+1q": null,
      "0y": 11635000000.0,
      "+1y": 10492781910.0
    },
    "growth": {
      "0q": null,
      "+1q": null,
      "0y": -0.09819999,
      "+1y": 0.1357
    }
  },
  "growth_estimates": {
    "stockTrend": {
      "0q": null,
      "+1q": null,
      "0y": null,
      "+1y": null,
      "LTG": null
    },
    "indexTrend": {
      "0q": 0.1273,
      "+1q": 0.103599995,
      "0y": 0.14310001,
      "+1y": 0.1557,
      "LTG": 0.122
    }
  },
  "revenue_forecasts": null,
  "dividend_rate": 0.38,
  "trailing_dividend_rate": 0.24
}