{
  "ticker": "BNP.PA",
  "name": "BNP Paribas",
  "country": "france",
  "currency": "EUR",
  "last_fetched": "2026-02-26T20:43:36.533518",
  "market_cap": 107546378240,
  "revenue": 47936999424,
  "net_income": 11520000000,
  "pe_ratio": 9.358601,
  "forward_pe": 7.5055537,
  "dividend_yield": 7.66,
  "profit_margin": 0.25502002,
  "roe": 0.09656,
  "debt_to_equity": null,
  "beta": 0.992,
  "ev_to_ebitda": null,
  "sector": "Financial Services",
  "industry": "Banks - Regional",
  "summary": "BNP Paribas SA provides various banking and financial products and services in Europe, the Middle East, Africa, the Americas, and the Asia Pacific. It operates through three divisions: Corporate & Institutional Banking; Commercial, Personal Banking & Services; and Investment & Protection Services. The Corporate & Institutional Banking division offers capital market, securities, investment banking, financing, risk management, cash management, and financial advisory services for corporate clients and institutional investors. Its Commercial, Personal Banking & Services division provides financing and equipment leasing services, mobility, and digital banking services, as well as current accounts, savings products, bancassurance, insurance products and services, and consumer loans. The Investment & Protection Services division provides protection, savings, investment, and real estate services to support individuals, professionals, corporate clients, and institutions. The company was formerly known as Banque Nationale de Paris and changed its name to BNP Paribas SA in May 2000. BNP Paribas SA was founded in 1822 and is headquartered in Paris, France.",
  "website": "https://group.bnpparibas",
  "employees": null,
  "target_high": 110.0,
  "target_low": 87.0,
  "target_mean": 100.66421,
  "target_median": 103.0,
  "recommendation": "buy",
  "num_analysts": 19,
  "income_stmt": {
    "2025-12-31T00:00:00": {
      "Tax Effect Of Unusual Items": 14245000.0,
      "Tax Rate For Calcs": 0.259,
      "Total Unusual Items": 55000000.0,
      "Total Unusual Items Excluding Goodwill": 55000000.0,
      "Net Income From Continuing Operation Net Minority Interest": 12225000000.0,
      "Reconciled Depreciation": 8055000000.0,
      "Net Interest Income": 21203000000.0,
      "Interest Expense": 50329000000.0,
      "Interest Income": 71532000000.0,
      "Normalized Income": 12184245000.0,
      "Net Income From Continuing And Discontinued Operation": 12225000000.0,
      "Diluted Average Shares": null,
      "Basic Average Shares": null,
      "Diluted EPS": null,
      "Basic EPS": null,
      "Diluted NI Availto Com Stockholders": 11520000000.0,
      "Net Income Common Stockholders": 11520000000.0,
      "Otherunder Preferred Stock Dividend": 705000000.0,
      "Net Income": 12225000000.0,
      "Minority Interests": -633000000.0,
      "Net Income Including Noncontrolling Interests": 12858000000.0,
      "Net Income Discontinuous Operations": null,
      "Net Income Continuous Operations": 12858000000.0,
      "Tax Provision": 4207000000.0,
      "Pretax Income": 17065000000.0,
      "Special Income Charges": -12000000.0,
      "Other Special Charges": 56000000.0,
      "Write Off": null,
      "Impairment Of Capital Assets": 4000000.0,
      "Restructuring And Mergern Acquisition": -48000000.0,
      "Gain On Sale Of Security": -1253000000.0,
      "Operating Expense": 49005000000.0,
      "Other Operating Expenses": 11086000000.0,
      "Depreciation And Amortization In Income Statement": 2367000000.0,
      "Depreciation Income Statement": 2367000000.0,
      "Selling General And Administration": null,
      "General And Administrative Expense": null,
      "Insurance And Claims": -288000000.0,
      "Rent And Landing Fees": 16703000000.0,
      "Total Revenue": 68804000000.0,
      "Operating Revenue": 68804000000.0
    },
    "2024-12-31T00:00:00": {
      "Tax Effect Of Unusual Items": 19912000.0,
      "Tax Rate For Calcs": 0.262,
      "Total Unusual Items": 76000000.0,
      "Total Unusual Items Excluding Goodwill": 76000000.0,
      "Net Income From Continuing Operation Net Minority Interest": 11688000000.0,
      "Reconciled Depreciation": 7272000000.0,
      "Net Interest Income": 19524000000.0,
      "Interest Expense": 63496000000.0,
      "Interest Income": 83020000000.0,
      "Normalized Income": 11631912000.0,
      "Net Income From Continuing And Discontinued Operation": 11688000000.0,
      "Diluted Average Shares": 1133302357.0,
      "Basic Average Shares": 1133302357.0,
      "Diluted EPS": 9.57,
      "Basic EPS": 9.57,
      "Diluted NI Availto Com Stockholders": 10843000000.0,
      "Net Income Common Stockholders": 10843000000.0,
      "Otherunder Preferred Stock Dividend": 845000000.0,
      "Net Income": 11688000000.0,
      "Minority Interests": -499000000.0,
      "Net Income Including Noncontrolling Interests": 12187000000.0,
      "Net Income Discontinuous Operations": 0.0,
      "Net Income Continuous Operations": 12187000000.0,
      "Tax Provision": 4001000000.0,
      "Pretax Income": 16188000000.0,
      "Special Income Charges": 16000000.0,
      "Other Special Charges": 191000000.0,
      "Write Off": null,
      "Impairment Of Capital Assets": 34000000.0,
      "Restructuring And Mergern Acquisition": -241000000.0,
      "Gain On Sale Of Security": 33000000.0,
      "Operating Expense": 47403000000.0,
      "Other Operating Expenses": 11428000000.0,
      "Depreciation And Amortization In Income Statement": 2356000000.0,
      "Depreciation Income Statement": 2356000000.0,
      "Selling General And Administration": null,
      "General And Administrative Expense": null,
      "Insurance And Claims": -253000000.0,
      "Rent And Landing Fees": 15729000000.0,
      "Total Revenue": 65870000000.0,
      "Operating Revenue": 65870000000.0
    },
    "2023-12-31T00:00:00": {
      "Tax Effect Of Unusual Items": -7325000.0,
      "Tax Rate For Calcs": 0.293,
      "Total Unusual Items": -25000000.0,
      "Total Unusual Items Excluding Goodwill": -25000000.0,
      "Net Income From Continuing Operation Net Minority Interest": 8028000000.0,
      "Reconciled Depreciation": 6245000000.0,
      "Net Interest Income": 19058000000.0,
      "Interest Expense": 60484000000.0,
      "Interest Income": 79542000000.0,
      "Normalized Income": 8045675000.0,
      "Net Income From Continuing And Discontinued Operation": 10975000000.0,
      "Diluted Average Shares": 1200367337.0,
      "Basic Average Shares": 1200367337.0,
      "Diluted EPS": 8.58,
      "Basic EPS": 8.58,
      "Diluted NI Availto Com Stockholders": 10298000000.0,
      "Net Income Common Stockholders": 10298000000.0,
      "Otherunder Preferred Stock Dividend": 677000000.0,
      "Net Income": 10975000000.0,
      "Minority Interests": -431000000.0,
      "Net Income Including Noncontrolling Interests": 11406000000.0,
      "Net Income Discontinuous Operations": 2947000000.0,
      "Net Income Continuous Operations": 8459000000.0,
      "Tax Provision": 3266000000.0,
      "Pretax Income": 11725000000.0,
      "Special Income Charges": -123000000.0,
      "Other Special Charges": 104000000.0,
      "Write Off": null,
      "Impairment Of Capital Assets": 19000000.0,
      "Restructuring And Mergern Acquisition": 0.0,
      "Gain On Sale Of Security": -3410000000.0,
      "Operating Expense": 44818000000.0,
      "Other Operating Expenses": 12999000000.0,
      "Depreciation And Amortization In Income Statement": 2224000000.0,
      "Depreciation Income Statement": 2224000000.0,
      "Selling General And Administration": null,
      "General And Administrative Expense": null,
      "Insurance And Claims": -283000000.0,
      "Rent And Landing Fees": 12103000000.0,
      "Total Revenue": 59735000000.0,
      "Operating Revenue": 59735000000.0
    },
    "2022-12-31T00:00:00": {
      "Tax Effect Of Unusual Items": 28512000.0,
      "Tax Rate For Calcs": 0.297,
      "Total Unusual Items": 96000000.0,
      "Total Unusual Items Excluding Goodwill": 96000000.0,
      "Net Income From Continuing Operation Net Minority Interest": 9161000000.0,
      "Reconciled Depreciation": 6465000000.0,
      "Net Interest Income": 20933000000.0,
      "Interest Expense": 20149000000.0,
      "Interest Income": 41082000000.0,
      "Normalized Income": 9121512000.0,
      "Net Income From Continuing And Discontinued Operation": 9848000000.0,
      "Diluted Average Shares": 1232991607.0,
      "Basic Average Shares": 1232991607.0,
      "Diluted EPS": 7.52,
      "Basic EPS": 7.52,
      "Diluted NI Availto Com Stockholders": 9273000000.0,
      "Net Income Common Stockholders": 9273000000.0,
      "Otherunder Preferred Stock Dividend": 575000000.0,
      "Net Income": 9848000000.0,
      "Minority Interests": -400000000.0,
      "Net Income Including Noncontrolling Interests": 10248000000.0,
      "Net Income Discontinuous Operations": 687000000.0,
      "Net Income Continuous Operations": 9561000000.0,
      "Tax Provision": 3653000000.0,
      "Pretax Income": 13214000000.0,
      "Special Income Charges": -52000000.0,
      "Other Special Charges": 253000000.0,
      "Write Off": 17000000.0,
      "Impairment Of Capital Assets": 20000000.0,
      "Restructuring And Mergern Acquisition": -249000000.0,
      "Gain On Sale Of Security": 11439000000.0,
      "Operating Expense": 41885000000.0,
      "Other Operating Expenses": 12702000000.0,
      "Depreciation And Amortization In Income Statement": 2284000000.0,
      "Depreciation Income Statement": 2284000000.0,
      "Selling General And Administration": 10447000000.0,
      "General And Administrative Expense": 10447000000.0,
      "Insurance And Claims": -343000000.0,
      "Rent And Landing Fees": 10365000000.0,
      "Total Revenue": 57477000000.0,
      "Operating Revenue": 57477000000.0
    },
    "2021-12-31T00:00:00": {
      "Tax Effect Of Unusual Items": null,
      "Tax Rate For Calcs": null,
      "Total Unusual Items": null,
      "Total Unusual Items Excluding Goodwill": null,
      "Net Income From Continuing Operation Net Minority Interest": null,
      "Reconciled Depreciation": null,
      "Net Interest Income": null,
      "Interest Expense": null,
      "Interest Income": null,
      "Normalized Income": null,
      "Net Income From Continuing And Discontinued Operation": null,
      "Diluted Average Shares": 1247014704.0,
      "Basic Average Shares": 1247014704.0,
      "Diluted EPS": 7.26,
      "Basic EPS": 7.26,
      "Diluted NI Availto Com Stockholders": null,
      "Net Income Common Stockholders": null,
      "Otherunder Preferred Stock Dividend": null,
      "Net Income": null,
      "Minority Interests": null,
      "Net Income Including Noncontrolling Interests": null,
      "Net Income Discontinuous Operations": 720000000.0,
      "Net Income Continuous Operations": null,
      "Tax Provision": null,
      "Pretax Income": null,
      "Special Income Charges": null,
      "Other Special Charges": null,
      "Write Off": -12000000.0,
      "Impairment Of Capital Assets": null,
      "Restructuring And Mergern Acquisition": null,
      "Gain On Sale Of Security": null,
      "Operating Expense": null,
      "Other Operating Expenses": null,
      "Depreciation And Amortization In Income Statement": null,
      "Depreciation Income Statement": null,
      "Selling General And Administration": 9679000000.0,
      "General And Administrative Expense": 9679000000.0,
      "Insurance And Claims": null,
      "Rent And Landing Fees": null,
      "Total Revenue": null,
      "Operating Revenue": null
    }
  },
  "quarterly_income": {
    "2025-12-31T00:00:00": {
      "Tax Effect Of Unusual Items": 98180722.891566,
      "Tax Rate For Calcs": 0.211596,
      "Total Unusual Items": 464000000.0,
      "Total Unusual Items Excluding Goodwill": 464000000.0,
      "Net Income From Continuing Operation Net Minority Interest": 2972000000.0,
      "Normalized Income": 2606180722.891566,
      "Net Income From Continuing And Discontinued Operation": 2972000000.0,
      "Diluted Average Shares": 1100099307.0,
      "Basic Average Shares": 1100099307.0,
      "Diluted EPS": 2.701574,
      "Basic EPS": 2.701574,
      "Diluted NI Availto Com Stockholders": 2267000000.0,
      "Net Income Common Stockholders": 2267000000.0,
      "Otherunder Preferred Stock Dividend": null,
      "Net Income": 2972000000.0,
      "Minority Interests": -169000000.0,
      "Net Income Including Noncontrolling Interests": 3141000000.0,
      "Net Income Discontinuous Operations": null,
      "Net Income Continuous Operations": 3141000000.0,
      "Tax Provision": 843000000.0,
      "Pretax Income": 3984000000.0,
      "Other Non Operating Income Expenses": null,
      "Special Income Charges": 397000000.0,
      "Other Special Charges": null,
      "Restructuring And Mergern Acquisition": -457000000.0,
      "Operating Expense": 26315000000.0,
      "Other Operating Expenses": -11604000000.0,
      "Total Revenue": 30694000000.0,
      "Operating Revenue": 30694000000.0
    },
    "2025-06-30T00:00:00": {
      "Tax Effect Of Unusual Items": 84481457.098969,
      "Tax Rate For Calcs": 0.249945,
      "Total Unusual Items": 338000000.0,
      "Total Unusual Items Excluding Goodwill": 338000000.0,
      "Net Income From Continuing Operation Net Minority Interest": 3258000000.0,
      "Normalized Income": 3004481457.098969,
      "Net Income From Continuing And Discontinued Operation": 3258000000.0,
      "Diluted Average Shares": null,
      "Basic Average Shares": null,
      "Diluted EPS": null,
      "Basic EPS": null,
      "Diluted NI Availto Com Stockholders": 3078000000.0,
      "Net Income Common Stockholders": 3078000000.0,
      "Otherunder Preferred Stock Dividend": 180000000.0,
      "Net Income": 3258000000.0,
      "Minority Interests": -160000000.0,
      "Net Income Including Noncontrolling Interests": 3418000000.0,
      "Net Income Discontinuous Operations": null,
      "Net Income Continuous Operations": 3418000000.0,
      "Tax Provision": 1139000000.0,
      "Pretax Income": 4557000000.0,
      "Other Non Operating Income Expenses": null,
      "Special Income Charges": 290000000.0,
      "Other Special Charges": -136000000.0,
      "Restructuring And Mergern Acquisition": -154000000.0,
      "Operating Expense": 16371000000.0,
      "Other Operating Expenses": -2356000000.0,
      "Total Revenue": 21465000000.0,
      "Operating Revenue": 21465000000.0
    },
    "2025-03-31T00:00:00": {
      "Tax Effect Of Unusual Items": -54198113.207547,
      "Tax Rate For Calcs": 0.270991,
      "Total Unusual Items": -200000000.0,
      "Total Unusual Items Excluding Goodwill": -200000000.0,
      "Net Income From Continuing Operation Net Minority Interest": 2951000000.0,
      "Normalized Income": 3096801886.792453,
      "Net Income From Continuing And Discontinued Operation": 2951000000.0,
      "Diluted Average Shares": 1129000000.0,
      "Basic Average Shares": 1129000000.0,
      "Diluted EPS": 2.44,
      "Basic EPS": 2.44,
      "Diluted NI Availto Com Stockholders": 2756000000.0,
      "Net Income Common Stockholders": 2756000000.0,
      "Otherunder Preferred Stock Dividend": 195000000.0,
      "Net Income": 2951000000.0,
      "Minority Interests": -140000000.0,
      "Net Income Including Noncontrolling Interests": 3091000000.0,
      "Net Income Discontinuous Operations": 0.0,
      "Net Income Continuous Operations": 3091000000.0,
      "Tax Provision": 1149000000.0,
      "Pretax Income": 4240000000.0,
      "Other Non Operating Income Expenses": 154000000.0,
      "Special Income Charges": -200000000.0,
      "Other Special Charges": 94000000.0,
      "Restructuring And Mergern Acquisition": 106000000.0,
      "Operating Expense": 8057000000.0,
      "Other Operating Expenses": 8057000000.0,
      "Total Revenue": 12960000000.0,
      "Operating Revenue": 12960000000.0
    },
    "2024-12-31T00:00:00": {
      "Tax Effect Of Unusual Items": 34652108.884236,
      "Tax Rate For Calcs": 0.268621,
      "Total Unusual Items": 129000000.0,
      "Total Unusual Items Excluding Goodwill": 129000000.0,
      "Net Income From Continuing Operation Net Minority Interest": 2322000000.0,
      "Normalized Income": 2227652108.884236,
      "Net Income From Continuing And Discontinued Operation": 2322000000.0,
      "Diluted Average Shares": null,
      "Basic Average Shares": null,
      "Diluted EPS": null,
      "Basic EPS": null,
      "Diluted NI Availto Com Stockholders": 1477000000.0,
      "Net Income Common Stockholders": 1477000000.0,
      "Otherunder Preferred Stock Dividend": null,
      "Net Income": 2322000000.0,
      "Minority Interests": -123000000.0,
      "Net Income Including Noncontrolling Interests": 2445000000.0,
      "Net Income Discontinuous Operations": 0.0,
      "Net Income Continuous Operations": 2445000000.0,
      "Tax Provision": 898000000.0,
      "Pretax Income": 3343000000.0,
      "Other Non Operating Income Expenses": null,
      "Special Income Charges": 69000000.0,
      "Other Special Charges": 309000000.0,
      "Restructuring And Mergern Acquisition": -412000000.0,
      "Operating Expense": 25474000000.0,
      "Other Operating Expenses": -10501000000.0,
      "Total Revenue": 29520000000.0,
      "Operating Revenue": 29520000000.0
    },
    "2024-09-30T00:00:00": {
      "Tax Effect Of Unusual Items": -37535714.285714,
      "Tax Rate For Calcs": 0.258867,
      "Total Unusual Items": -145000000.0,
      "Total Unusual Items Excluding Goodwill": -145000000.0,
      "Net Income From Continuing Operation Net Minority Interest": 2868000000.0,
      "Normalized Income": 2975464285.714286,
      "Net Income From Continuing And Discontinued Operation": 2868000000.0,
      "Diluted Average Shares": 1129896574.0,
      "Basic Average Shares": 1129896574.0,
      "Diluted EPS": 2.538285,
      "Basic EPS": 2.538285,
      "Diluted NI Availto Com Stockholders": 2868000000.0,
      "Net Income Common Stockholders": 2868000000.0,
      "Otherunder Preferred Stock Dividend": null,
      "Net Income": 2868000000.0,
      "Minority Interests": -141000000.0,
      "Net Income Including Noncontrolling Interests": 3009000000.0,
      "Net Income Discontinuous Operations": 0.0,
      "Net Income Continuous Operations": 3009000000.0,
      "Tax Provision": 1051000000.0,
      "Pretax Income": 4060000000.0,
      "Other Non Operating Income Expenses": -121000000.0,
      "Special Income Charges": -145000000.0,
      "Other Special Charges": null,
      "Restructuring And Mergern Acquisition": 145000000.0,
      "Operating Expense": 7068000000.0,
      "Other Operating Expenses": 7068000000.0,
      "Total Revenue": 11941000000.0,
      "Operating Revenue": 11941000000.0
    },
    "2024-06-30T00:00:00": {
      "Tax Effect Of Unusual Items": null,
      "Tax Rate For Calcs": null,
      "Total Unusual Items": null,
      "Total Unusual Items Excluding Goodwill": null,
      "Net Income From Continuing Operation Net Minority Interest": null,
      "Normalized Income": null,
      "Net Income From Continuing And Discontinued Operation": null,
      "Diluted Average Shares": null,
      "Basic Average Shares": null,
      "Diluted EPS": null,
      "Basic EPS": null,
      "Diluted NI Availto Com Stockholders": null,
      "Net Income Common Stockholders": null,
      "Otherunder Preferred Stock Dividend": null,
      "Net Income": null,
      "Minority Interests": null,
      "Net Income Including Noncontrolling Interests": null,
      "Net Income Discontinuous Operations": 0.0,
      "Net Income Continuous Operations": null,
      "Tax Provision": null,
      "Pretax Income": null,
      "Other Non Operating Income Expenses": null,
      "Special Income Charges": null,
      "Other Special Charges": null,
      "Restructuring And Mergern Acquisition": null,
      "Operating Expense": null,
      "Other Operating Expenses": null,
      "Total Revenue": null,
      "Operating Revenue": null
    }
  },
  "balance_sheet": {
    "2025-12-31T00:00:00": {
      "Treasury Shares Number": 16685450.0,
      "Ordinary Shares Number": 1100099307.0,
      "Share Issued": 1116784757.0,
      "Net Debt": 68658000000.0,
      "Total Debt": 398488000000.0,
      "Tangible Book Value": 113797000000.0,
      "Invested Capital": 521130000000.0,
      "Net Tangible Assets": 113797000000.0,
      "Common Stock Equity": 125513000000.0,
      "Total Capitalization": 521130000000.0,
      "Total Equity Gross Minority Interest": 132173000000.0,
      "Minority Interest": 6660000000.0,
      "Stockholders Equity": 125513000000.0,
      "Other Equity Interest": 6115000000.0,
      "Retained Earnings": 101570000000.0,
      "Capital Stock": 17828000000.0,
      "Common Stock": 17828000000.0,
      "Total Liabilities Net Minority Interest": 2660808000000.0,
      "Derivative Product Liabilities": 271408000000.0,
      "Long Term Debt And Capital Lease Obligation": 398488000000.0,
      "Payables": 38908000000.0,
      "Other Payable": 37115000000.0,
      "Total Tax Payable": 1793000000.0,
      "Total Assets": 2792981000000.0,
      "Investments And Advances": 851597000000.0,
      "Investmentin Financial Assets": 844647000000.0,
      "Available For Sale Securities": 231047000000.0,
      "Financial Assets Designatedas Fair Value Through Profitor Loss Total": 12299000000.0,
      "Trading Securities": 308994000000.0,
      "Long Term Equity Investment": 6950000000.0,
      "Investmentsin Joint Venturesat Cost": null,
      "Investmentsin Associatesat Cost": null,
      "Investment Properties": 381000000.0,
      "Goodwill And Other Intangible Assets": 11716000000.0,
      "Other Intangible Assets": 4583000000.0,
      "Goodwill": 7133000000.0,
      "Net PPE": 53220000000.0,
      "Accumulated Depreciation": -23654000000.0,
      "Gross PPE": 76874000000.0,
      "Other Properties": 58709000000.0,
      "Machinery Furniture Equipment": 6912000000.0,
      "Properties": 11253000000.0,
      "Receivables": 52159000000.0,
      "Taxes Receivable": 2496000000.0,
      "Cash And Cash Equivalents": 326959000000.0,
      "Cash Financial": 211330000000.0,
      "Cash Cash Equivalents And Federal Funds Sold": 576860000000.0
    },
    "2024-12-31T00:00:00": {
      "Treasury Shares Number": 1256198.0,
      "Ordinary Shares Number": 1129554473.0,
      "Share Issued": 1130810671.0,
      "Net Debt": 69001000000.0,
      "Total Debt": 379895000000.0,
      "Tangible Book Value": 118195000000.0,
      "Invested Capital": 505184000000.0,
      "Net Tangible Assets": 118195000000.0,
      "Common Stock Equity": 128137000000.0,
      "Total Capitalization": 505184000000.0,
      "Total Equity Gross Minority Interest": 134141000000.0,
      "Minority Interest": 6004000000.0,
      "Stockholders Equity": 128137000000.0,
      "Other Equity Interest": 9621000000.0,
      "Retained Earnings": 98383000000.0,
      "Capital Stock": 20133000000.0,
      "Common Stock": 20133000000.0,
      "Total Liabilities Net Minority Interest": 2570767000000.0,
      "Derivative Product Liabilities": 328121000000.0,
      "Long Term Debt And Capital Lease Obligation": 379895000000.0,
      "Payables": 38883000000.0,
      "Other Payable": 36537000000.0,
      "Total Tax Payable": 2346000000.0,
      "Total Assets": 2704908000000.0,
      "Investments And Advances": 837958000000.0,
      "Investmentin Financial Assets": 830096000000.0,
      "Available For Sale Securities": 220015000000.0,
      "Financial Assets Designatedas Fair Value Through Profitor Loss Total": 10578000000.0,
      "Trading Securities": 256779000000.0,
      "Long Term Equity Investment": 7862000000.0,
      "Investmentsin Joint Venturesat Cost": 1960000000.0,
      "Investmentsin Associatesat Cost": 5902000000.0,
      "Investment Properties": 524000000.0,
      "Goodwill And Other Intangible Assets": 9942000000.0,
      "Other Intangible Assets": 4392000000.0,
      "Goodwill": 5550000000.0,
      "Net PPE": 49790000000.0,
      "Accumulated Depreciation": -22583000000.0,
      "Gross PPE": 72373000000.0,
      "Other Properties": 54257000000.0,
      "Machinery Furniture Equipment": 7067000000.0,
      "Properties": 11049000000.0,
      "Receivables": 48597000000.0,
      "Taxes Receivable": 2836000000.0,
      "Cash And Cash Equivalents": 308046000000.0,
      "Cash Financial": 182496000000.0,
      "Cash Cash Equivalents And Federal Funds Sold": 529234000000.0
    },
    "2023-12-31T00:00:00": {
      "Treasury Shares Number": 0.0,
      "Ordinary Shares Number": 1147477409.0,
      "Share Issued": 1147477409.0,
      "Net Debt": null,
      "Total Debt": 346845000000.0,
      "Tangible Book Value": 114051000000.0,
      "Invested Capital": 467529000000.0,
      "Net Tangible Assets": 114051000000.0,
      "Common Stock Equity": 123742000000.0,
      "Total Capitalization": 467529000000.0,
      "Total Equity Gross Minority Interest": 128867000000.0,
      "Minority Interest": 5125000000.0,
      "Stockholders Equity": 123742000000.0,
      "Other Equity Interest": 10430000000.0,
      "Retained Earnings": 92110000000.0,
      "Capital Stock": 21202000000.0,
      "Common Stock": 21202000000.0,
      "Total Liabilities Net Minority Interest": 2462632000000.0,
      "Derivative Product Liabilities": 302728000000.0,
      "Long Term Debt And Capital Lease Obligation": 346845000000.0,
      "Payables": 44339000000.0,
      "Other Payable": 41614000000.0,
      "Total Tax Payable": 2725000000.0,
      "Total Assets": 2591499000000.0,
      "Investments And Advances": 703205000000.0,
      "Investmentin Financial Assets": 696454000000.0,
      "Available For Sale Securities": 173710000000.0,
      "Financial Assets Designatedas Fair Value Through Profitor Loss Total": 9409000000.0,
      "Trading Securities": 202225000000.0,
      "Long Term Equity Investment": 6751000000.0,
      "Investmentsin Joint Venturesat Cost": 1784000000.0,
      "Investmentsin Associatesat Cost": 4967000000.0,
      "Investment Properties": 486000000.0,
      "Goodwill And Other Intangible Assets": 9691000000.0,
      "Other Intangible Assets": 4142000000.0,
      "Goodwill": 5549000000.0,
      "Net PPE": 44736000000.0,
      "Accumulated Depreciation": -21646000000.0,
      "Gross PPE": 66382000000.0,
      "Other Properties": 48058000000.0,
      "Machinery Furniture Equipment": 7007000000.0,
      "Properties": 11317000000.0,
      "Receivables": 50798000000.0,
      "Taxes Receivable": 2942000000.0,
      "Cash And Cash Equivalents": 408219000000.0,
      "Cash Financial": 288259000000.0,
      "Cash Cash Equivalents And Federal Funds Sold": 629892000000.0
    },
    "2022-12-31T00:00:00": {
      "Treasury Shares Number": 881641.0,
      "Ordinary Shares Number": 1233450005.0,
      "Share Issued": 1234331646.0,
      "Net Debt": null,
      "Total Debt": 293984000000.0,
      "Tangible Book Value": 112153000000.0,
      "Invested Capital": 412146000000.0,
      "Net Tangible Assets": 112153000000.0,
      "Common Stock Equity": 121237000000.0,
      "Total Capitalization": 412146000000.0,
      "Total Equity Gross Minority Interest": 126010000000.0,
      "Minority Interest": 4773000000.0,
      "Stockholders Equity": 121237000000.0,
      "Other Equity Interest": 8181000000.0,
      "Retained Earnings": 86866000000.0,
      "Capital Stock": 26190000000.0,
      "Common Stock": 26190000000.0,
      "Total Liabilities Net Minority Interest": 2537738000000.0,
      "Derivative Product Liabilities": 319921000000.0,
      "Long Term Debt And Capital Lease Obligation": 293984000000.0,
      "Payables": 46166000000.0,
      "Other Payable": 44124000000.0,
      "Total Tax Payable": 2042000000.0,
      "Total Assets": 2663748000000.0,
      "Investments And Advances": 670086000000.0,
      "Investmentin Financial Assets": 664013000000.0,
      "Available For Sale Securities": 152080000000.0,
      "Financial Assets Designatedas Fair Value Through Profitor Loss Total": 8939000000.0,
      "Trading Securities": 157138000000.0,
      "Long Term Equity Investment": 6073000000.0,
      "Investmentsin Joint Venturesat Cost": 1445000000.0,
      "Investmentsin Associatesat Cost": 4628000000.0,
      "Investment Properties": 529000000.0,
      "Goodwill And Other Intangible Assets": 9084000000.0,
      "Other Intangible Assets": 3790000000.0,
      "Goodwill": 5294000000.0,
      "Net PPE": 37939000000.0,
      "Accumulated Depreciation": -21880000000.0,
      "Gross PPE": 59819000000.0,
      "Other Properties": 41135000000.0,
      "Machinery Furniture Equipment": 7177000000.0,
      "Properties": 11507000000.0,
      "Receivables": 52184000000.0,
      "Taxes Receivable": 1685000000.0,
      "Cash And Cash Equivalents": 474919000000.0,
      "Cash Financial": 318560000000.0,
      "Cash Cash Equivalents And Federal Funds Sold": 662196000000.0
    },
    "2021-12-31T00:00:00": {
      "Treasury Shares Number": null,
      "Ordinary Shares Number": null,
      "Share Issued": null,
      "Net Debt": null,
      "Total Debt": null,
      "Tangible Book Value": null,
      "Invested Capital": null,
      "Net Tangible Assets": null,
      "Common Stock Equity": null,
      "Total Capitalization": null,
      "Total Equity Gross Minority Interest": null,
      "Minority Interest": null,
      "Stockholders Equity": null,
      "Other Equity Interest": null,
      "Retained Earnings": null,
      "Capital Stock": null,
      "Common Stock": null,
      "Total Liabilities Net Minority Interest": null,
      "Derivative Product Liabilities": null,
      "Long Term Debt And Capital Lease Obligation": null,
      "Payables": null,
      "Other Payable": null,
      "Total Tax Payable": null,
      "Total Assets": null,
      "Investments And Advances": null,
      "Investmentin Financial Assets": null,
      "Available For Sale Securities": null,
      "Financial Assets Designatedas Fair Value Through Profitor Loss Total": null,
      "Trading Securities": null,
      "Long Term Equity Investment": null,
      "Investmentsin Joint Venturesat Cost": 1022000000.0,
      "Investmentsin Associatesat Cost": 5506000000.0,
      "Investment Properties": null,
      "Goodwill And Other Intangible Assets": null,
      "Other Intangible Assets": null,
      "Goodwill": null,
      "Net PPE": null,
      "Accumulated Depreciation": null,
      "Gross PPE": null,
      "Other Properties": null,
      "Machinery Furniture Equipment": null,
      "Properties": null,
      "Receivables": null,
      "Taxes Receivable": null,
      "Cash And Cash Equivalents": null,
      "Cash Financial": null,
      "Cash Cash Equivalents And Federal Funds Sold": null
    }
  },
  "cashflow": {
    "2025-12-31T00:00:00": {
      "Free Cash Flow": 43696000000.0,
      "Capital Expenditure": -2875000000.0,
      "End Cash Position": 204833000000.0,
      "Beginning Cash Position": 178212000000.0,
      "Effect Of Exchange Rate Changes": -7073000000.0,
      "Changes In Cash": 33694000000.0,
      "Financing Cash Flow": -6819000000.0,
      "Net Other Financing Charges": 6523000000.0,
      "Net Common Stock Issuance": -13342000000.0,
      "Investing Cash Flow": -6058000000.0,
      "Net Investment Purchase And Sale": null,
      "Net Business Purchase And Sale": -3183000000.0,
      "Net PPE Purchase And Sale": -2875000000.0,
      "Purchase Of PPE": -2875000000.0,
      "Operating Cash Flow": 46571000000.0,
      "Taxes Refund Paid": -3821000000.0,
      "Change In Working Capital": 22179000000.0,
      "Change In Other Current Assets": -38614000000.0,
      "Other Non Cash Items": -25000000.0,
      "Provisionand Write Offof Assets": 4215000000.0,
      "Depreciation And Amortization": 8055000000.0,
      "Depreciation": 8055000000.0,
      "Gain Loss On Investment Securities": -320000000.0,
      "Net Income From Continuing Operations": 17065000000.0
    },
    "2024-12-31T00:00:00": {
      "Free Cash Flow": -99512000000.0,
      "Capital Expenditure": -2136000000.0,
      "End Cash Position": 178212000000.0,
      "Beginning Cash Position": 282579000000.0,
      "Effect Of Exchange Rate Changes": -393000000.0,
      "Changes In Cash": -103974000000.0,
      "Financing Cash Flow": -6418000000.0,
      "Net Other Financing Charges": 2338000000.0,
      "Net Common Stock Issuance": -8756000000.0,
      "Investing Cash Flow": -180000000.0,
      "Net Investment Purchase And Sale": null,
      "Net Business Purchase And Sale": 1956000000.0,
      "Net PPE Purchase And Sale": -2136000000.0,
      "Purchase Of PPE": -2136000000.0,
      "Operating Cash Flow": -97376000000.0,
      "Taxes Refund Paid": -3133000000.0,
      "Change In Working Capital": -121525000000.0,
      "Change In Other Current Assets": -112853000000.0,
      "Other Non Cash Items": 1756000000.0,
      "Provisionand Write Offof Assets": 3044000000.0,
      "Depreciation And Amortization": 7272000000.0,
      "Depreciation": 7272000000.0,
      "Gain Loss On Investment Securities": -277000000.0,
      "Net Income From Continuing Operations": 16188000000.0
    },
    "2023-12-31T00:00:00": {
      "Free Cash Flow": -36457000000.0,
      "Capital Expenditure": -2216000000.0,
      "End Cash Position": 282579000000.0,
      "Beginning Cash Position": 317698000000.0,
      "Effect Of Exchange Rate Changes": -3506000000.0,
      "Changes In Cash": -31613000000.0,
      "Financing Cash Flow": -4676000000.0,
      "Net Other Financing Charges": 4022000000.0,
      "Net Common Stock Issuance": -8698000000.0,
      "Investing Cash Flow": 7304000000.0,
      "Net Investment Purchase And Sale": null,
      "Net Business Purchase And Sale": 9520000000.0,
      "Net PPE Purchase And Sale": -2216000000.0,
      "Purchase Of PPE": -2216000000.0,
      "Operating Cash Flow": -34241000000.0,
      "Taxes Refund Paid": -3359000000.0,
      "Change In Working Capital": -54760000000.0,
      "Change In Other Current Assets": -47009000000.0,
      "Other Non Cash Items": 2829000000.0,
      "Provisionand Write Offof Assets": 3614000000.0,
      "Depreciation And Amortization": 6245000000.0,
      "Depreciation": 6245000000.0,
      "Gain Loss On Investment Securities": -3600000000.0,
      "Net Income From Continuing Operations": 15383000000.0
    },
    "2022-12-31T00:00:00": {
      "Free Cash Flow": -55366000000.0,
      "Capital Expenditure": -2529000000.0,
      "End Cash Position": 317698000000.0,
      "Beginning Cash Position": 362418000000.0,
      "Effect Of Exchange Rate Changes": 1030000000.0,
      "Changes In Cash": -45750000000.0,
      "Financing Cash Flow": 9250000000.0,
      "Net Other Financing Charges": 11828000000.0,
      "Net Common Stock Issuance": -2578000000.0,
      "Investing Cash Flow": -2163000000.0,
      "Net Investment Purchase And Sale": 366000000.0,
      "Net Business Purchase And Sale": 366000000.0,
      "Net PPE Purchase And Sale": -2529000000.0,
      "Purchase Of PPE": -2529000000.0,
      "Operating Cash Flow": -52837000000.0,
      "Taxes Refund Paid": -1999000000.0,
      "Change In Working Capital": -86713000000.0,
      "Change In Other Current Assets": -40275000000.0,
      "Other Non Cash Items": 12479000000.0,
      "Provisionand Write Offof Assets": 3284000000.0,
      "Depreciation And Amortization": 6465000000.0,
      "Depreciation": 6465000000.0,
      "Gain Loss On Investment Securities": 265000000.0,
      "Net Income From Continuing Operations": 14037000000.0
    },
    "2021-12-31T00:00:00": {
      "Free Cash Flow": null,
      "Capital Expenditure": null,
      "End Cash Position": null,
      "Beginning Cash Position": null,
      "Effect Of Exchange Rate Changes": null,
      "Changes In Cash": null,
      "Financing Cash Flow": null,
      "Net Other Financing Charges": null,
      "Net Common Stock Issuance": null,
      "Investing Cash Flow": null,
      "Net Investment Purchase And Sale": 482000000.0,
      "Net Business Purchase And Sale": null,
      "Net PPE Purchase And Sale": null,
      "Purchase Of PPE": null,
      "Operating Cash Flow": null,
      "Taxes Refund Paid": null,
      "Change In Working Capital": null,
      "Change In Other Current Assets": null,
      "Other Non Cash Items": null,
      "Provisionand Write Offof Assets": null,
      "Depreciation And Amortization": null,
      "Depreciation": null,
      "Gain Loss On Investment Securities": null,
      "Net Income From Continuing Operations": null
    }
  },
  "earnings_estimate": {
    "avg": {
      "0q": 2.79512,
      "+1q": 3.15702,
      "0y": 11.82358,
      "+1y": 12.8305
    },
    "low": {
      "0q": 2.71025,
      "+1q": 3.04404,
      "0y": 11.44761,
      "+1y": 11.25
    },
    "high": {
      "0q": 2.88,
      "+1q": 3.27,
      "0y": 12.49268,
      "+1y": 13.34
    },
    "yearAgoEps": {
      "0q": 2.44,
      "+1q": 2.8359,
      "0y": 11.1032,
      "+1y": 11.82358
    },
    "numberOfAnalysts": {
      "0q": 2,
      "+1q": 2,
      "0y": 11,
      "+1y": 13
    },
    "growth": {
      "0q": 0.1455,
      "+1q": 0.113199994,
      "0y": 0.064899996,
      "+1y": 0.085200004
    }
  },
  "revenue_estimate": {
    "avg": {
      "0q": 13866415600,
      "+1q": 13528555370,
      "0y": 54325350620,
      "+1y": 56433164920
    },
    "low": {
      "0q": 13837247190,
      "+1q": 13402924740,
      "0y": 53491586770,
      "+1y": 52477400000
    },
    "high": {
      "0q": 13895584000,
      "+1q": 13654186000,
      "0y": 54791000000,
      "+1y": 57937000000
    },
    "numberOfAnalysts": {
      "0q": 2,
      "+1q": 2,
      "0y": 13,
      "+1y": 15
    },
    "yearAgoRevenue": {
      "0q": 12960000000,
      "+1q": 12581000000,
      "0y": 51223000000,
      "+1y": 54325350620
    },
    "growth": {
      "0q": 0.0699,
      "+1q": 0.0753,
      "0y": 0.060599998,
      "+1y": 0.0388
    }
  },
  "growth_estimates": {
    "stockTrend": {
      "0q": 0.1455,
      "+1q": 0.113199994,
      "0y": 0.064899996,
      "+1y": 0.085200004,
      "LTG": null
    },
    "indexTrend": {
      "0q": 0.1273,
      "+1q": 0.103599995,
      "0y": 0.14310001,
      "+1y": 0.1557,
      "LTG": 0.122
    }
  },
  "revenue_forecasts": null,
  "dividend_rate": 7.38,
  "trailing_dividend_rate": 5.16
}