{
  "ticker": "BNS.TO",
  "name": "Scotiabank",
  "country": "canada",
  "currency": "CAD",
  "last_fetched": "2026-02-26T20:51:33.570660",
  "market_cap": 130483175424,
  "revenue": 32839999488,
  "net_income": 8391000064,
  "pe_ratio": 18.522045,
  "forward_pe": 11.455211,
  "dividend_yield": 4.24,
  "profit_margin": 0.27188998,
  "roe": 0.10333,
  "debt_to_equity": null,
  "beta": 1.255,
  "ev_to_ebitda": null,
  "sector": "Financial Services",
  "industry": "Banks - Diversified",
  "summary": "The Bank of Nova Scotia provides various banking products and services in Canada, the United States, Mexico, Peru, Chile, Colombia, the Caribbean and Central America, and internationally. It operates through Canadian Banking, International Banking, Global Wealth Management, and Global Banking and Markets segments. The company offers financial advice and solutions, and banking products, including debit and credit cards, chequing and saving accounts, investments, mortgages, loans, and insurance to individuals; and retail automotive financing solutions. It also provides business banking solutions comprising lending, deposit, cash management, and trade finance solutions to small, medium, and large businesses. In addition, it provides wealth management advice and solutions, including online brokerage, mobile investment, full-service brokerage, trust, private banking, and private investment counsel services; and retail mutual funds, exchange traded funds, liquid alternatives, and institutional funds. The company was founded in 1832 and is headquartered in Toronto, Canada.",
  "website": "https://www.scotiabank.com",
  "employees": 79740,
  "target_high": 120.0,
  "target_low": 92.0,
  "target_mean": 107.93333,
  "target_median": 108.0,
  "recommendation": "hold",
  "num_analysts": 15,
  "income_stmt": {
    "2025-10-31T00:00:00": {
      "Tax Effect Of Unusual Items": -479834713.103055,
      "Tax Rate For Calcs": 0.261776,
      "Total Unusual Items": -1833000000.0,
      "Total Unusual Items Excluding Goodwill": -1833000000.0,
      "Net Income From Continuing Operation Net Minority Interest": 7789000000.0,
      "Reconciled Depreciation": 1604000000.0,
      "Net Interest Income": 21522000000.0,
      "Interest Expense": 36080000000.0,
      "Interest Income": 57602000000.0,
      "Normalized Income": 9142165286.896946,
      "Net Income From Continuing And Discontinued Operation": 7789000000.0,
      "Diluted Average Shares": 1248000000.0,
      "Basic Average Shares": 1244000000.0,
      "Diluted EPS": 5.67,
      "Basic EPS": 5.84,
      "Diluted NI Availto Com Stockholders": 7080000000.0,
      "Average Dilution Earnings": -181000000.0,
      "Net Income Common Stockholders": 7261000000.0,
      "Otherunder Preferred Stock Dividend": 22000000.0,
      "Preferred Stock Dividends": 506000000.0,
      "Net Income": 7789000000.0,
      "Minority Interests": 31000000.0,
      "Net Income Including Noncontrolling Interests": 7758000000.0,
      "Net Income Continuous Operations": 7758000000.0,
      "Tax Provision": 2751000000.0,
      "Pretax Income": 10509000000.0,
      "Special Income Charges": -1833000000.0,
      "Gain On Sale Of Business": -1386000000.0,
      "Other Special Charges": 74000000.0,
      "Write Off": 0.0,
      "Impairment Of Capital Assets": 0.0,
      "Restructuring And Mergern Acquisition": 373000000.0,
      "Gain On Sale Of Security": 71000000.0,
      "Depreciation Amortization Depletion Income Statement": 1604000000.0,
      "Depreciation And Amortization In Income Statement": 1604000000.0,
      "Selling General And Administration": 11496000000.0,
      "Selling And Marketing Expense": 672000000.0,
      "General And Administrative Expense": 10824000000.0,
      "Salaries And Wages": 10824000000.0,
      "Total Revenue": 37097000000.0,
      "Operating Revenue": 37097000000.0,
      "Occupancy And Equipment": 3297000000.0,
      "Professional Expense And Contract Services Expense": 880000000.0,
      "Other Non Interest Expense": 3372000000.0
    },
    "2024-10-31T00:00:00": {
      "Tax Effect Of Unusual Items": -164828698.105603,
      "Tax Rate For Calcs": 0.204756,
      "Total Unusual Items": -805000000.0,
      "Total Unusual Items Excluding Goodwill": -805000000.0,
      "Net Income From Continuing Operation Net Minority Interest": 7758000000.0,
      "Reconciled Depreciation": 1760000000.0,
      "Net Interest Income": 19252000000.0,
      "Interest Expense": 42407000000.0,
      "Interest Income": 61659000000.0,
      "Normalized Income": 8398171301.894397,
      "Net Income From Continuing And Discontinued Operation": 7758000000.0,
      "Diluted Average Shares": 1232000000.0,
      "Basic Average Shares": 1226000000.0,
      "Diluted EPS": 5.87,
      "Basic EPS": 5.94,
      "Diluted NI Availto Com Stockholders": 7237000000.0,
      "Average Dilution Earnings": -49000000.0,
      "Net Income Common Stockholders": 7286000000.0,
      "Otherunder Preferred Stock Dividend": null,
      "Preferred Stock Dividends": 472000000.0,
      "Net Income": 7758000000.0,
      "Minority Interests": -134000000.0,
      "Net Income Including Noncontrolling Interests": 7892000000.0,
      "Net Income Continuous Operations": 7892000000.0,
      "Tax Provision": 2032000000.0,
      "Pretax Income": 9924000000.0,
      "Special Income Charges": -805000000.0,
      "Gain On Sale Of Business": -136000000.0,
      "Other Special Charges": 176000000.0,
      "Write Off": 343000000.0,
      "Impairment Of Capital Assets": 97000000.0,
      "Restructuring And Mergern Acquisition": 53000000.0,
      "Gain On Sale Of Security": 48000000.0,
      "Depreciation Amortization Depletion Income Statement": 1760000000.0,
      "Depreciation And Amortization In Income Statement": 1760000000.0,
      "Selling General And Administration": 10469000000.0,
      "Selling And Marketing Expense": 614000000.0,
      "General And Administrative Expense": 9855000000.0,
      "Salaries And Wages": 9855000000.0,
      "Total Revenue": 33615000000.0,
      "Operating Revenue": 33615000000.0,
      "Occupancy And Equipment": 2896000000.0,
      "Professional Expense And Contract Services Expense": 793000000.0,
      "Other Non Interest Expense": 3115000000.0
    },
    "2023-10-31T00:00:00": {
      "Tax Effect Of Unusual Items": -96600000.0,
      "Tax Rate For Calcs": 0.23,
      "Total Unusual Items": -420000000.0,
      "Total Unusual Items Excluding Goodwill": -420000000.0,
      "Net Income From Continuing Operation Net Minority Interest": 7338000000.0,
      "Reconciled Depreciation": 1820000000.0,
      "Net Interest Income": 18262000000.0,
      "Interest Expense": 38562000000.0,
      "Interest Income": 56824000000.0,
      "Normalized Income": 7661400000.0,
      "Net Income From Continuing And Discontinued Operation": 7338000000.0,
      "Diluted Average Shares": 1204000000.0,
      "Basic Average Shares": 1197000000.0,
      "Diluted EPS": 5.72,
      "Basic EPS": 5.78,
      "Diluted NI Availto Com Stockholders": 6883000000.0,
      "Average Dilution Earnings": -36000000.0,
      "Net Income Common Stockholders": 6919000000.0,
      "Otherunder Preferred Stock Dividend": null,
      "Preferred Stock Dividends": 419000000.0,
      "Net Income": 7338000000.0,
      "Minority Interests": -112000000.0,
      "Net Income Including Noncontrolling Interests": 7450000000.0,
      "Net Income Continuous Operations": 7450000000.0,
      "Tax Provision": 2221000000.0,
      "Pretax Income": 9671000000.0,
      "Special Income Charges": -420000000.0,
      "Gain On Sale Of Business": 367000000.0,
      "Other Special Charges": null,
      "Write Off": 185000000.0,
      "Impairment Of Capital Assets": 161000000.0,
      "Restructuring And Mergern Acquisition": 441000000.0,
      "Gain On Sale Of Security": 129000000.0,
      "Depreciation Amortization Depletion Income Statement": 1820000000.0,
      "Depreciation And Amortization In Income Statement": 1820000000.0,
      "Selling General And Administration": 10166000000.0,
      "Selling And Marketing Expense": 576000000.0,
      "General And Administrative Expense": 9590000000.0,
      "Salaries And Wages": 9590000000.0,
      "Total Revenue": 31694000000.0,
      "Operating Revenue": 31694000000.0,
      "Occupancy And Equipment": 2657000000.0,
      "Professional Expense And Contract Services Expense": 779000000.0,
      "Other Non Interest Expense": 2912000000.0
    },
    "2022-10-31T00:00:00": {
      "Tax Effect Of Unusual Items": -123327000.0,
      "Tax Rate For Calcs": 0.213,
      "Total Unusual Items": -579000000.0,
      "Total Unusual Items Excluding Goodwill": -579000000.0,
      "Net Income From Continuing Operation Net Minority Interest": 9916000000.0,
      "Reconciled Depreciation": 1531000000.0,
      "Net Interest Income": 18115000000.0,
      "Interest Expense": 15443000000.0,
      "Interest Income": 33558000000.0,
      "Normalized Income": 10371673000.0,
      "Net Income From Continuing And Discontinued Operation": 9916000000.0,
      "Diluted Average Shares": 1208000000.0,
      "Basic Average Shares": 1199000000.0,
      "Diluted EPS": 8.02,
      "Basic EPS": 8.05,
      "Diluted NI Availto Com Stockholders": 9692000000.0,
      "Average Dilution Earnings": 36000000.0,
      "Net Income Common Stockholders": 9656000000.0,
      "Otherunder Preferred Stock Dividend": null,
      "Preferred Stock Dividends": 260000000.0,
      "Net Income": 9916000000.0,
      "Minority Interests": -258000000.0,
      "Net Income Including Noncontrolling Interests": 10174000000.0,
      "Net Income Continuous Operations": 10174000000.0,
      "Tax Provision": 2758000000.0,
      "Pretax Income": 12932000000.0,
      "Special Income Charges": -579000000.0,
      "Gain On Sale Of Business": -361000000.0,
      "Other Special Charges": 133000000.0,
      "Write Off": 0.0,
      "Impairment Of Capital Assets": 0.0,
      "Restructuring And Mergern Acquisition": 85000000.0,
      "Gain On Sale Of Security": 74000000.0,
      "Depreciation Amortization Depletion Income Statement": 1531000000.0,
      "Depreciation And Amortization In Income Statement": 1531000000.0,
      "Selling General And Administration": 9316000000.0,
      "Selling And Marketing Expense": 480000000.0,
      "General And Administrative Expense": 8836000000.0,
      "Salaries And Wages": 8836000000.0,
      "Total Revenue": 31509000000.0,
      "Operating Revenue": 31509000000.0,
      "Occupancy And Equipment": 2424000000.0,
      "Professional Expense And Contract Services Expense": 826000000.0,
      "Other Non Interest Expense": 2787000000.0
    }
  },
  "quarterly_income": {
    "2025-10-31T00:00:00": {
      "Tax Effect Of Unusual Items": -105207547.169811,
      "Tax Rate For Calcs": 0.22921,
      "Total Unusual Items": -459000000.0,
      "Total Unusual Items Excluding Goodwill": -459000000.0,
      "Net Income From Continuing Operation Net Minority Interest": 2219000000.0,
      "Reconciled Depreciation": 403000000.0,
      "Net Interest Income": 5586000000.0,
      "Interest Expense": 8629000000.0,
      "Interest Income": 14215000000.0,
      "Normalized Income": 2572792452.830189,
      "Net Income From Continuing And Discontinued Operation": 2219000000.0,
      "Diluted Average Shares": null,
      "Basic Average Shares": null,
      "Diluted EPS": null,
      "Basic EPS": null,
      "Diluted NI Availto Com Stockholders": 2059000000.0,
      "Average Dilution Earnings": -45000000.0,
      "Net Income Common Stockholders": 2104000000.0,
      "Otherunder Preferred Stock Dividend": 0.0,
      "Preferred Stock Dividends": 115000000.0,
      "Net Income": 2219000000.0,
      "Minority Interests": 13000000.0,
      "Net Income Including Noncontrolling Interests": 2206000000.0,
      "Net Income Continuous Operations": 2206000000.0,
      "Tax Provision": 656000000.0,
      "Pretax Income": 2862000000.0,
      "Special Income Charges": -459000000.0,
      "Gain On Sale Of Business": -12000000.0,
      "Other Special Charges": null,
      "Write Off": null,
      "Restructuring And Mergern Acquisition": null,
      "Gain On Sale Of Security": 11000000.0,
      "Depreciation Amortization Depletion Income Statement": 403000000.0,
      "Depreciation And Amortization In Income Statement": 403000000.0,
      "Selling General And Administration": 3000000000.0,
      "Selling And Marketing Expense": 188000000.0,
      "General And Administrative Expense": 2812000000.0,
      "Salaries And Wages": 2812000000.0,
      "Total Revenue": 9579000000.0,
      "Operating Revenue": 9579000000.0,
      "Occupancy And Equipment": 876000000.0,
      "Professional Expense And Contract Services Expense": 234000000.0,
      "Other Non Interest Expense": 811000000.0
    },
    "2025-07-31T00:00:00": {
      "Tax Effect Of Unusual Items": 5681000.0,
      "Tax Rate For Calcs": 0.247,
      "Total Unusual Items": 23000000.0,
      "Total Unusual Items Excluding Goodwill": 23000000.0,
      "Net Income From Continuing Operation Net Minority Interest": 2447000000.0,
      "Reconciled Depreciation": 405000000.0,
      "Net Interest Income": 5493000000.0,
      "Interest Expense": 8627000000.0,
      "Interest Income": 14120000000.0,
      "Normalized Income": 2429681000.0,
      "Net Income From Continuing And Discontinued Operation": 2447000000.0,
      "Diluted Average Shares": 1245000000.0,
      "Basic Average Shares": 1244000000.0,
      "Diluted EPS": 1.84,
      "Basic EPS": 1.84,
      "Diluted NI Availto Com Stockholders": 2291000000.0,
      "Average Dilution Earnings": 0.0,
      "Net Income Common Stockholders": 2291000000.0,
      "Otherunder Preferred Stock Dividend": 22000000.0,
      "Preferred Stock Dividends": 134000000.0,
      "Net Income": 2447000000.0,
      "Minority Interests": -80000000.0,
      "Net Income Including Noncontrolling Interests": 2527000000.0,
      "Net Income Continuous Operations": 2527000000.0,
      "Tax Provision": 829000000.0,
      "Pretax Income": 3356000000.0,
      "Special Income Charges": 23000000.0,
      "Gain On Sale Of Business": 23000000.0,
      "Other Special Charges": null,
      "Write Off": null,
      "Restructuring And Mergern Acquisition": null,
      "Gain On Sale Of Security": 22000000.0,
      "Depreciation Amortization Depletion Income Statement": 405000000.0,
      "Depreciation And Amortization In Income Statement": 405000000.0,
      "Selling General And Administration": 2831000000.0,
      "Selling And Marketing Expense": 169000000.0,
      "General And Administrative Expense": 2662000000.0,
      "Salaries And Wages": 2662000000.0,
      "Total Revenue": 9329000000.0,
      "Operating Revenue": 9329000000.0,
      "Occupancy And Equipment": 807000000.0,
      "Professional Expense And Contract Services Expense": 212000000.0,
      "Other Non Interest Expense": 857000000.0
    },
    "2025-04-30T00:00:00": {
      "Tax Effect Of Unusual Items": -7350000.0,
      "Tax Rate For Calcs": 0.21,
      "Total Unusual Items": -35000000.0,
      "Total Unusual Items Excluding Goodwill": -35000000.0,
      "Net Income From Continuing Operation Net Minority Interest": 1976000000.0,
      "Reconciled Depreciation": 393000000.0,
      "Net Interest Income": 5270000000.0,
      "Interest Expense": 9017000000.0,
      "Interest Income": 14287000000.0,
      "Normalized Income": 2003650000.0,
      "Net Income From Continuing And Discontinued Operation": 1976000000.0,
      "Diluted Average Shares": 1246000000.0,
      "Basic Average Shares": 1246000000.0,
      "Diluted EPS": 1.48,
      "Basic EPS": 1.48,
      "Diluted NI Availto Com Stockholders": 1841000000.0,
      "Average Dilution Earnings": 0.0,
      "Net Income Common Stockholders": 1841000000.0,
      "Otherunder Preferred Stock Dividend": null,
      "Preferred Stock Dividends": 135000000.0,
      "Net Income": 1976000000.0,
      "Minority Interests": -56000000.0,
      "Net Income Including Noncontrolling Interests": 2032000000.0,
      "Net Income Continuous Operations": 2032000000.0,
      "Tax Provision": 540000000.0,
      "Pretax Income": 2572000000.0,
      "Special Income Charges": -35000000.0,
      "Gain On Sale Of Business": -35000000.0,
      "Other Special Charges": null,
      "Write Off": null,
      "Restructuring And Mergern Acquisition": null,
      "Gain On Sale Of Security": 7000000.0,
      "Depreciation Amortization Depletion Income Statement": 393000000.0,
      "Depreciation And Amortization In Income Statement": 393000000.0,
      "Selling General And Administration": 2800000000.0,
      "Selling And Marketing Expense": 159000000.0,
      "General And Administrative Expense": 2641000000.0,
      "Salaries And Wages": 2641000000.0,
      "Total Revenue": 8930000000.0,
      "Operating Revenue": 8930000000.0,
      "Occupancy And Equipment": 814000000.0,
      "Professional Expense And Contract Services Expense": 229000000.0,
      "Other Non Interest Expense": 848000000.0
    },
    "2025-01-31T00:00:00": {
      "Tax Effect Of Unusual Items": -204300000.0,
      "Tax Rate For Calcs": 0.15,
      "Total Unusual Items": -1362000000.0,
      "Total Unusual Items Excluding Goodwill": -1362000000.0,
      "Net Income From Continuing Operation Net Minority Interest": 1147000000.0,
      "Reconciled Depreciation": 403000000.0,
      "Net Interest Income": 5173000000.0,
      "Interest Expense": 9807000000.0,
      "Interest Income": 14980000000.0,
      "Normalized Income": 2304700000.0,
      "Net Income From Continuing And Discontinued Operation": 1147000000.0,
      "Diluted Average Shares": 1250000000.0,
      "Basic Average Shares": 1245000000.0,
      "Diluted EPS": 0.66,
      "Basic EPS": 0.82,
      "Diluted NI Availto Com Stockholders": 829000000.0,
      "Average Dilution Earnings": -196000000.0,
      "Net Income Common Stockholders": 1025000000.0,
      "Otherunder Preferred Stock Dividend": null,
      "Preferred Stock Dividends": 122000000.0,
      "Net Income": 1147000000.0,
      "Minority Interests": 154000000.0,
      "Net Income Including Noncontrolling Interests": 993000000.0,
      "Net Income Continuous Operations": 993000000.0,
      "Tax Provision": 726000000.0,
      "Pretax Income": 1719000000.0,
      "Special Income Charges": -1362000000.0,
      "Gain On Sale Of Business": -1362000000.0,
      "Other Special Charges": null,
      "Write Off": 0.0,
      "Restructuring And Mergern Acquisition": 0.0,
      "Gain On Sale Of Security": 31000000.0,
      "Depreciation Amortization Depletion Income Statement": 403000000.0,
      "Depreciation And Amortization In Income Statement": 403000000.0,
      "Selling General And Administration": 2865000000.0,
      "Selling And Marketing Expense": 156000000.0,
      "General And Administrative Expense": 2709000000.0,
      "Salaries And Wages": 2709000000.0,
      "Total Revenue": 9259000000.0,
      "Operating Revenue": 9259000000.0,
      "Occupancy And Equipment": 800000000.0,
      "Professional Expense And Contract Services Expense": 205000000.0,
      "Other Non Interest Expense": 856000000.0
    },
    "2024-10-31T00:00:00": {
      "Tax Effect Of Unusual Items": -114510454.545455,
      "Tax Rate For Calcs": 0.232273,
      "Total Unusual Items": -493000000.0,
      "Total Unusual Items Excluding Goodwill": -493000000.0,
      "Net Income From Continuing Operation Net Minority Interest": 1642000000.0,
      "Reconciled Depreciation": 501000000.0,
      "Net Interest Income": 4923000000.0,
      "Interest Expense": 10402000000.0,
      "Interest Income": 15325000000.0,
      "Normalized Income": 2020489545.454545,
      "Net Income From Continuing And Discontinued Operation": 1642000000.0,
      "Diluted Average Shares": null,
      "Basic Average Shares": null,
      "Diluted EPS": null,
      "Basic EPS": null,
      "Diluted NI Availto Com Stockholders": 1518000000.0,
      "Average Dilution Earnings": -3000000.0,
      "Net Income Common Stockholders": 1521000000.0,
      "Otherunder Preferred Stock Dividend": null,
      "Preferred Stock Dividends": 121000000.0,
      "Net Income": 1642000000.0,
      "Minority Interests": -47000000.0,
      "Net Income Including Noncontrolling Interests": 1689000000.0,
      "Net Income Continuous Operations": 1689000000.0,
      "Tax Provision": 511000000.0,
      "Pretax Income": 2200000000.0,
      "Special Income Charges": -493000000.0,
      "Gain On Sale Of Business": 0.0,
      "Other Special Charges": 0.0,
      "Write Off": null,
      "Restructuring And Mergern Acquisition": null,
      "Gain On Sale Of Security": 24000000.0,
      "Depreciation Amortization Depletion Income Statement": 501000000.0,
      "Depreciation And Amortization In Income Statement": 501000000.0,
      "Selling General And Administration": 2667000000.0,
      "Selling And Marketing Expense": 168000000.0,
      "General And Administrative Expense": 2499000000.0,
      "Salaries And Wages": 2499000000.0,
      "Total Revenue": 8485000000.0,
      "Operating Revenue": 8485000000.0,
      "Occupancy And Equipment": 752000000.0,
      "Professional Expense And Contract Services Expense": 225000000.0,
      "Other Non Interest Expense": 658000000.0
    },
    "2024-07-31T00:00:00": {
      "Tax Effect Of Unusual Items": null,
      "Tax Rate For Calcs": null,
      "Total Unusual Items": null,
      "Total Unusual Items Excluding Goodwill": null,
      "Net Income From Continuing Operation Net Minority Interest": null,
      "Reconciled Depreciation": null,
      "Net Interest Income": null,
      "Interest Expense": null,
      "Interest Income": null,
      "Normalized Income": null,
      "Net Income From Continuing And Discontinued Operation": null,
      "Diluted Average Shares": 1235000000.0,
      "Basic Average Shares": 1230000000.0,
      "Diluted EPS": 1.41,
      "Basic EPS": 1.43,
      "Diluted NI Availto Com Stockholders": null,
      "Average Dilution Earnings": null,
      "Net Income Common Stockholders": null,
      "Otherunder Preferred Stock Dividend": null,
      "Preferred Stock Dividends": null,
      "Net Income": null,
      "Minority Interests": null,
      "Net Income Including Noncontrolling Interests": null,
      "Net Income Continuous Operations": null,
      "Tax Provision": null,
      "Pretax Income": null,
      "Special Income Charges": null,
      "Gain On Sale Of Business": null,
      "Other Special Charges": 176000000.0,
      "Write Off": null,
      "Restructuring And Mergern Acquisition": null,
      "Gain On Sale Of Security": null,
      "Depreciation Amortization Depletion Income Statement": null,
      "Depreciation And Amortization In Income Statement": null,
      "Selling General And Administration": null,
      "Selling And Marketing Expense": null,
      "General And Administrative Expense": null,
      "Salaries And Wages": null,
      "Total Revenue": null,
      "Operating Revenue": null,
      "Occupancy And Equipment": null,
      "Professional Expense And Contract Services Expense": null,
      "Other Non Interest Expense": null
    }
  },
  "balance_sheet": {
    "2025-10-31T00:00:00": {
      "Treasury Shares Number": null,
      "Preferred Shares Number": null,
      "Ordinary Shares Number": 1236305738.0,
      "Share Issued": 1236305738.0,
      "Net Debt": 245958000000.0,
      "Total Debt": 314880000000.0,
      "Tangible Book Value": 60758000000.0,
      "Invested Capital": 388852000000.0,
      "Net Tangible Assets": 70697000000.0,
      "Capital Lease Obligations": 2955000000.0,
      "Common Stock Equity": 76927000000.0,
      "Preferred Stock Equity": 9939000000.0,
      "Total Capitalization": 286441000000.0,
      "Total Equity Gross Minority Interest": 88587000000.0,
      "Minority Interest": 1721000000.0,
      "Stockholders Equity": 86866000000.0,
      "Gains Losses Not Affecting Retained Earnings": -4056000000.0,
      "Other Equity Adjustments": -4056000000.0,
      "Retained Earnings": 58916000000.0,
      "Capital Stock": 32006000000.0,
      "Common Stock": 22067000000.0,
      "Preferred Stock": 9939000000.0,
      "Total Liabilities Net Minority Interest": 1371455000000.0,
      "Derivative Product Liabilities": 56031000000.0,
      "Employee Benefits": 535000000.0,
      "Non Current Pension And Other Postretirement Benefit Plans": 535000000.0,
      "Non Current Deferred Liabilities": 1414000000.0,
      "Non Current Deferred Taxes Liabilities": 1414000000.0,
      "Long Term Debt And Capital Lease Obligation": 202530000000.0,
      "Long Term Capital Lease Obligation": 2955000000.0,
      "Long Term Debt": 199575000000.0,
      "Long Term Provisions": 668000000.0,
      "Current Debt And Capital Lease Obligation": 112350000000.0,
      "Current Debt": 112350000000.0,
      "Other Current Borrowings": 17157000000.0,
      "Commercial Paper": 13522000000.0,
      "Current Notes Payable": 81671000000.0,
      "Payables And Accrued Expenses": 18792000000.0,
      "Payables": 18792000000.0,
      "Total Tax Payable": 942000000.0,
      "Income Tax Payable": 942000000.0,
      "Accounts Payable": 17850000000.0,
      "Total Assets": 1460042000000.0,
      "Defined Pension Benefit": 1036000000.0,
      "Investments And Advances": 300001000000.0,
      "Available For Sale Securities": 121591000000.0,
      "Trading Securities": 129961000000.0,
      "Long Term Equity Investment": 6317000000.0,
      "Goodwill And Other Intangible Assets": 16169000000.0,
      "Other Intangible Assets": 7584000000.0,
      "Goodwill": 8585000000.0,
      "Net PPE": 4881000000.0,
      "Accumulated Depreciation": -5674000000.0,
      "Gross PPE": 10555000000.0,
      "Leases": 2014000000.0,
      "Other Properties": 6399000000.0,
      "Machinery Furniture Equipment": 822000000.0,
      "Land And Improvements": 1320000000.0,
      "Receivables": 14965000000.0,
      "Other Receivables": 7246000000.0,
      "Accounts Receivable": 7719000000.0,
      "Other Short Term Investments": 42132000000.0,
      "Cash And Cash Equivalents": 65967000000.0,
      "Cash Equivalents": null,
      "Cash Financial": 10256000000.0,
      "Cash Cash Equivalents And Federal Funds Sold": 268975000000.0
    },
    "2024-10-31T00:00:00": {
      "Treasury Shares Number": null,
      "Preferred Shares Number": null,
      "Ordinary Shares Number": 1244435686.0,
      "Share Issued": 1244435686.0,
      "Net Debt": 233831000000.0,
      "Total Debt": 300673000000.0,
      "Tangible Book Value": 56737000000.0,
      "Invested Capital": 371281000000.0,
      "Net Tangible Assets": 65516000000.0,
      "Capital Lease Obligations": 2982000000.0,
      "Common Stock Equity": 73590000000.0,
      "Preferred Stock Equity": 8779000000.0,
      "Total Capitalization": 276677000000.0,
      "Total Equity Gross Minority Interest": 84076000000.0,
      "Minority Interest": 1707000000.0,
      "Stockholders Equity": 82369000000.0,
      "Gains Losses Not Affecting Retained Earnings": -6215000000.0,
      "Other Equity Adjustments": -6215000000.0,
      "Retained Earnings": 57751000000.0,
      "Capital Stock": 30833000000.0,
      "Common Stock": 22054000000.0,
      "Preferred Stock": 8779000000.0,
      "Total Liabilities Net Minority Interest": 1327951000000.0,
      "Derivative Product Liabilities": 51260000000.0,
      "Employee Benefits": 523000000.0,
      "Non Current Pension And Other Postretirement Benefit Plans": 523000000.0,
      "Non Current Deferred Liabilities": 1397000000.0,
      "Non Current Deferred Taxes Liabilities": 1397000000.0,
      "Long Term Debt And Capital Lease Obligation": 197290000000.0,
      "Long Term Capital Lease Obligation": 2982000000.0,
      "Long Term Debt": 194308000000.0,
      "Long Term Provisions": 411000000.0,
      "Current Debt And Capital Lease Obligation": 103383000000.0,
      "Current Debt": 103383000000.0,
      "Other Current Borrowings": 20666000000.0,
      "Commercial Paper": 10653000000.0,
      "Current Notes Payable": 72064000000.0,
      "Payables And Accrued Expenses": 17841000000.0,
      "Payables": 17841000000.0,
      "Total Tax Payable": 1070000000.0,
      "Income Tax Payable": 1070000000.0,
      "Accounts Payable": 16771000000.0,
      "Total Assets": 1412027000000.0,
      "Defined Pension Benefit": 684000000.0,
      "Investments And Advances": 276731000000.0,
      "Available For Sale Securities": 124406000000.0,
      "Trading Securities": 106199000000.0,
      "Long Term Equity Investment": 1821000000.0,
      "Goodwill And Other Intangible Assets": 16853000000.0,
      "Other Intangible Assets": 7892000000.0,
      "Goodwill": 8961000000.0,
      "Net PPE": 5252000000.0,
      "Accumulated Depreciation": -5115000000.0,
      "Gross PPE": 10367000000.0,
      "Leases": 1877000000.0,
      "Other Properties": 6121000000.0,
      "Machinery Furniture Equipment": 633000000.0,
      "Land And Improvements": 1736000000.0,
      "Receivables": 13088000000.0,
      "Other Receivables": 5618000000.0,
      "Accounts Receivable": 7470000000.0,
      "Other Short Term Investments": 44305000000.0,
      "Cash And Cash Equivalents": 63860000000.0,
      "Cash Equivalents": null,
      "Cash Financial": 9406000000.0,
      "Cash Cash Equivalents And Federal Funds Sold": 264403000000.0
    },
    "2023-10-31T00:00:00": {
      "Treasury Shares Number": 0.0,
      "Preferred Shares Number": 12000000.0,
      "Ordinary Shares Number": 1214044420.0,
      "Share Issued": 1214044420.0,
      "Net Debt": 220299000000.0,
      "Total Debt": 313813000000.0,
      "Tangible Book Value": 51574000000.0,
      "Invested Capital": 379378000000.0,
      "Net Tangible Assets": 59649000000.0,
      "Capital Lease Obligations": 3202000000.0,
      "Common Stock Equity": 68767000000.0,
      "Preferred Stock Equity": 8075000000.0,
      "Total Capitalization": 267522000000.0,
      "Total Equity Gross Minority Interest": 78571000000.0,
      "Minority Interest": 1729000000.0,
      "Stockholders Equity": 76842000000.0,
      "Gains Losses Not Affecting Retained Earnings": -7015000000.0,
      "Other Equity Adjustments": -7015000000.0,
      "Retained Earnings": 55673000000.0,
      "Capital Stock": 28184000000.0,
      "Common Stock": 20109000000.0,
      "Preferred Stock": 8075000000.0,
      "Total Liabilities Net Minority Interest": 1332472000000.0,
      "Derivative Product Liabilities": 58660000000.0,
      "Employee Benefits": 521000000.0,
      "Non Current Pension And Other Postretirement Benefit Plans": 521000000.0,
      "Non Current Deferred Liabilities": 1446000000.0,
      "Non Current Deferred Taxes Liabilities": 1446000000.0,
      "Long Term Debt And Capital Lease Obligation": 193882000000.0,
      "Long Term Capital Lease Obligation": 3202000000.0,
      "Long Term Debt": 190680000000.0,
      "Long Term Provisions": 573000000.0,
      "Current Debt And Capital Lease Obligation": 119931000000.0,
      "Current Debt": 119931000000.0,
      "Other Current Borrowings": 14240000000.0,
      "Commercial Paper": 12582000000.0,
      "Current Notes Payable": 93109000000.0,
      "Payables And Accrued Expenses": 18322000000.0,
      "Payables": 18322000000.0,
      "Total Tax Payable": 728000000.0,
      "Income Tax Payable": 728000000.0,
      "Accounts Payable": 17594000000.0,
      "Total Assets": 1411043000000.0,
      "Defined Pension Benefit": 936000000.0,
      "Investments And Advances": 230486000000.0,
      "Available For Sale Securities": 90276000000.0,
      "Trading Securities": 87771000000.0,
      "Long Term Equity Investment": 1925000000.0,
      "Goodwill And Other Intangible Assets": 17193000000.0,
      "Other Intangible Assets": 8012000000.0,
      "Goodwill": 9181000000.0,
      "Net PPE": 5642000000.0,
      "Accumulated Depreciation": -4875000000.0,
      "Gross PPE": 10517000000.0,
      "Leases": 1854000000.0,
      "Other Properties": 6145000000.0,
      "Machinery Furniture Equipment": 705000000.0,
      "Land And Improvements": 1813000000.0,
      "Receivables": 14248000000.0,
      "Other Receivables": 6885000000.0,
      "Accounts Receivable": 7363000000.0,
      "Other Short Term Investments": 50514000000.0,
      "Cash And Cash Equivalents": 90312000000.0,
      "Cash Equivalents": null,
      "Cash Financial": 10173000000.0,
      "Cash Cash Equivalents And Federal Funds Sold": 289637000000.0
    },
    "2022-10-31T00:00:00": {
      "Treasury Shares Number": null,
      "Preferred Shares Number": 12000000.0,
      "Ordinary Shares Number": 1191375095.0,
      "Share Issued": 1191375095.0,
      "Net Debt": 241637000000.0,
      "Total Debt": 310855000000.0,
      "Tangible Book Value": 48317000000.0,
      "Invested Capital": 372682000000.0,
      "Net Tangible Assets": 56392000000.0,
      "Capital Lease Obligations": 3323000000.0,
      "Common Stock Equity": 65150000000.0,
      "Preferred Stock Equity": 8075000000.0,
      "Total Capitalization": 250651000000.0,
      "Total Equity Gross Minority Interest": 74749000000.0,
      "Minority Interest": 1524000000.0,
      "Stockholders Equity": 73225000000.0,
      "Gains Losses Not Affecting Retained Earnings": -7318000000.0,
      "Other Equity Adjustments": -7318000000.0,
      "Retained Earnings": 53761000000.0,
      "Capital Stock": 26782000000.0,
      "Common Stock": 18707000000.0,
      "Preferred Stock": 8075000000.0,
      "Total Liabilities Net Minority Interest": 1274669000000.0,
      "Derivative Product Liabilities": 65900000000.0,
      "Employee Benefits": 549000000.0,
      "Non Current Pension And Other Postretirement Benefit Plans": 549000000.0,
      "Non Current Deferred Liabilities": 1100000000.0,
      "Non Current Deferred Taxes Liabilities": 1100000000.0,
      "Long Term Debt And Capital Lease Obligation": 180749000000.0,
      "Long Term Capital Lease Obligation": 3323000000.0,
      "Long Term Debt": 177426000000.0,
      "Long Term Provisions": 287000000.0,
      "Current Debt And Capital Lease Obligation": 130106000000.0,
      "Current Debt": 130106000000.0,
      "Other Current Borrowings": 14321000000.0,
      "Commercial Paper": 9590000000.0,
      "Current Notes Payable": 106195000000.0,
      "Payables And Accrued Expenses": 13028000000.0,
      "Payables": 13028000000.0,
      "Total Tax Payable": 464000000.0,
      "Income Tax Payable": 464000000.0,
      "Accounts Payable": 12564000000.0,
      "Total Assets": 1349418000000.0,
      "Defined Pension Benefit": 1052000000.0,
      "Investments And Advances": 217984000000.0,
      "Available For Sale Securities": 76847000000.0,
      "Trading Securities": 85092000000.0,
      "Long Term Equity Investment": 2633000000.0,
      "Goodwill And Other Intangible Assets": 16833000000.0,
      "Other Intangible Assets": 7959000000.0,
      "Goodwill": 8874000000.0,
      "Net PPE": 5700000000.0,
      "Accumulated Depreciation": -6536000000.0,
      "Gross PPE": 12236000000.0,
      "Leases": 1795000000.0,
      "Other Properties": 6559000000.0,
      "Machinery Furniture Equipment": 2205000000.0,
      "Land And Improvements": 1677000000.0,
      "Receivables": 13382000000.0,
      "Other Receivables": 7957000000.0,
      "Accounts Receivable": 5425000000.0,
      "Other Short Term Investments": 53412000000.0,
      "Cash And Cash Equivalents": 65895000000.0,
      "Cash Equivalents": null,
      "Cash Financial": 11065000000.0,
      "Cash Cash Equivalents And Federal Funds Sold": 241208000000.0
    },
    "2021-10-31T00:00:00": {
      "Treasury Shares Number": null,
      "Preferred Shares Number": 32000000.0,
      "Ordinary Shares Number": null,
      "Share Issued": null,
      "Net Debt": null,
      "Total Debt": null,
      "Tangible Book Value": null,
      "Invested Capital": null,
      "Net Tangible Assets": null,
      "Capital Lease Obligations": null,
      "Common Stock Equity": null,
      "Preferred Stock Equity": null,
      "Total Capitalization": null,
      "Total Equity Gross Minority Interest": null,
      "Minority Interest": null,
      "Stockholders Equity": null,
      "Gains Losses Not Affecting Retained Earnings": null,
      "Other Equity Adjustments": null,
      "Retained Earnings": null,
      "Capital Stock": null,
      "Common Stock": null,
      "Preferred Stock": null,
      "Total Liabilities Net Minority Interest": null,
      "Derivative Product Liabilities": null,
      "Employee Benefits": null,
      "Non Current Pension And Other Postretirement Benefit Plans": null,
      "Non Current Deferred Liabilities": null,
      "Non Current Deferred Taxes Liabilities": null,
      "Long Term Debt And Capital Lease Obligation": null,
      "Long Term Capital Lease Obligation": null,
      "Long Term Debt": null,
      "Long Term Provisions": null,
      "Current Debt And Capital Lease Obligation": null,
      "Current Debt": null,
      "Other Current Borrowings": null,
      "Commercial Paper": null,
      "Current Notes Payable": null,
      "Payables And Accrued Expenses": null,
      "Payables": null,
      "Total Tax Payable": null,
      "Income Tax Payable": null,
      "Accounts Payable": null,
      "Total Assets": null,
      "Defined Pension Benefit": null,
      "Investments And Advances": null,
      "Available For Sale Securities": null,
      "Trading Securities": null,
      "Long Term Equity Investment": null,
      "Goodwill And Other Intangible Assets": null,
      "Other Intangible Assets": null,
      "Goodwill": null,
      "Net PPE": null,
      "Accumulated Depreciation": null,
      "Gross PPE": null,
      "Leases": null,
      "Other Properties": null,
      "Machinery Furniture Equipment": null,
      "Land And Improvements": null,
      "Receivables": null,
      "Other Receivables": null,
      "Accounts Receivable": null,
      "Other Short Term Investments": null,
      "Cash And Cash Equivalents": null,
      "Cash Equivalents": 755000000.0,
      "Cash Financial": null,
      "Cash Cash Equivalents And Federal Funds Sold": null
    }
  },
  "cashflow": {
    "2025-10-31T00:00:00": {
      "Free Cash Flow": 5060000000.0,
      "Repurchase Of Capital Stock": -2583000000.0,
      "Repayment Of Debt": -548000000.0,
      "Issuance Of Debt": 0.0,
      "Issuance Of Capital Stock": 3058000000.0,
      "Capital Expenditure": -347000000.0,
      "End Cash Position": 10256000000.0,
      "Beginning Cash Position": 9406000000.0,
      "Effect Of Exchange Rate Changes": 183000000.0,
      "Changes In Cash": 667000000.0,
      "Financing Cash Flow": -6308000000.0,
      "Cash Flow From Continuing Financing Activities": -6308000000.0,
      "Net Other Financing Charges": -360000000.0,
      "Cash Dividends Paid": -5875000000.0,
      "Preferred Stock Dividend Paid": -506000000.0,
      "Common Stock Dividend Paid": -5369000000.0,
      "Net Preferred Stock Issuance": 1160000000.0,
      "Preferred Stock Payments": -1688000000.0,
      "Preferred Stock Issuance": 2848000000.0,
      "Net Common Stock Issuance": -685000000.0,
      "Common Stock Payments": -895000000.0,
      "Common Stock Issuance": 210000000.0,
      "Net Issuance Payments Of Debt": -548000000.0,
      "Net Long Term Debt Issuance": -548000000.0,
      "Long Term Debt Payments": -548000000.0,
      "Long Term Debt Issuance": 0.0,
      "Investing Cash Flow": 1568000000.0,
      "Cash Flow From Continuing Investing Activities": 1568000000.0,
      "Net Other Investing Changes": -463000000.0,
      "Net Investment Purchase And Sale": 5359000000.0,
      "Sale Of Investment": 75455000000.0,
      "Purchase Of Investment": -70096000000.0,
      "Net Business Purchase And Sale": -2637000000.0,
      "Net PPE Purchase And Sale": -347000000.0,
      "Operating Cash Flow": 5407000000.0,
      "Cash Flow From Continuing Operating Activities": 5407000000.0,
      "Taxes Refund Paid": -3580000000.0,
      "Interest Received Cfo": 58086000000.0,
      "Interest Paid Cfo": -37197000000.0,
      "Dividend Received Cfo": null,
      "Change In Working Capital": -7929000000.0,
      "Change In Other Working Capital": 2714000000.0,
      "Other Non Cash Items": -21522000000.0,
      "Stock Based Compensation": 15000000.0,
      "Asset Impairment Charge": 0.0,
      "Deferred Tax": 2751000000.0,
      "Deferred Income Tax": 2751000000.0,
      "Depreciation Amortization Depletion": 1604000000.0,
      "Depreciation And Amortization": 1604000000.0,
      "Amortization Cash Flow": 921000000.0,
      "Amortization Of Intangibles": 921000000.0,
      "Depreciation": 683000000.0,
      "Operating Gains Losses": 707000000.0,
      "Earnings Losses From Equity Investments": -608000000.0,
      "Gain Loss On Investment Securities": -71000000.0,
      "Gain Loss On Sale Of Business": 1386000000.0,
      "Net Income From Continuing Operations": 7758000000.0
    },
    "2024-10-31T00:00:00": {
      "Free Cash Flow": 15163000000.0,
      "Repurchase Of Capital Stock": -300000000.0,
      "Repayment Of Debt": -3553000000.0,
      "Issuance Of Debt": 1000000000.0,
      "Issuance Of Capital Stock": 2949000000.0,
      "Capital Expenditure": -489000000.0,
      "End Cash Position": 9406000000.0,
      "Beginning Cash Position": 10173000000.0,
      "Effect Of Exchange Rate Changes": -131000000.0,
      "Changes In Cash": -636000000.0,
      "Financing Cash Flow": -8838000000.0,
      "Cash Flow From Continuing Financing Activities": -8838000000.0,
      "Net Other Financing Charges": -3264000000.0,
      "Cash Dividends Paid": -5670000000.0,
      "Preferred Stock Dividend Paid": -472000000.0,
      "Common Stock Dividend Paid": -5198000000.0,
      "Net Preferred Stock Issuance": 704000000.0,
      "Preferred Stock Payments": -300000000.0,
      "Preferred Stock Issuance": 1004000000.0,
      "Net Common Stock Issuance": 1945000000.0,
      "Common Stock Payments": 0.0,
      "Common Stock Issuance": 1945000000.0,
      "Net Issuance Payments Of Debt": -2553000000.0,
      "Net Long Term Debt Issuance": -2553000000.0,
      "Long Term Debt Payments": -3553000000.0,
      "Long Term Debt Issuance": 1000000000.0,
      "Investing Cash Flow": -7450000000.0,
      "Cash Flow From Continuing Investing Activities": -7450000000.0,
      "Net Other Investing Changes": -1031000000.0,
      "Net Investment Purchase And Sale": -31487000000.0,
      "Sale Of Investment": 76794000000.0,
      "Purchase Of Investment": -108281000000.0,
      "Net Business Purchase And Sale": 0.0,
      "Net PPE Purchase And Sale": -489000000.0,
      "Operating Cash Flow": 15652000000.0,
      "Cash Flow From Continuing Operating Activities": 15652000000.0,
      "Taxes Refund Paid": -1985000000.0,
      "Interest Received Cfo": 61292000000.0,
      "Interest Paid Cfo": -42273000000.0,
      "Dividend Received Cfo": null,
      "Change In Working Capital": 1889000000.0,
      "Change In Other Working Capital": -9260000000.0,
      "Other Non Cash Items": -19252000000.0,
      "Stock Based Compensation": 13000000.0,
      "Asset Impairment Charge": 343000000.0,
      "Deferred Tax": 2032000000.0,
      "Deferred Income Tax": 2032000000.0,
      "Depreciation Amortization Depletion": 1760000000.0,
      "Depreciation And Amortization": 1760000000.0,
      "Amortization Cash Flow": 1030000000.0,
      "Amortization Of Intangibles": 1030000000.0,
      "Depreciation": 730000000.0,
      "Operating Gains Losses": -110000000.0,
      "Earnings Losses From Equity Investments": -198000000.0,
      "Gain Loss On Investment Securities": -48000000.0,
      "Gain Loss On Sale Of Business": 136000000.0,
      "Net Income From Continuing Operations": 7892000000.0
    },
    "2023-10-31T00:00:00": {
      "Free Cash Flow": 31282000000.0,
      "Repurchase Of Capital Stock": 0.0,
      "Repayment Of Debt": -403000000.0,
      "Issuance Of Debt": 1447000000.0,
      "Issuance Of Capital Stock": 1402000000.0,
      "Capital Expenditure": -442000000.0,
      "End Cash Position": 10173000000.0,
      "Beginning Cash Position": 11065000000.0,
      "Effect Of Exchange Rate Changes": 190000000.0,
      "Changes In Cash": -1082000000.0,
      "Financing Cash Flow": -2766000000.0,
      "Cash Flow From Continuing Financing Activities": -2766000000.0,
      "Net Other Financing Charges": 210000000.0,
      "Cash Dividends Paid": -5422000000.0,
      "Preferred Stock Dividend Paid": -419000000.0,
      "Common Stock Dividend Paid": -5003000000.0,
      "Net Preferred Stock Issuance": 0.0,
      "Preferred Stock Payments": 0.0,
      "Preferred Stock Issuance": 0.0,
      "Net Common Stock Issuance": 1402000000.0,
      "Common Stock Payments": 0.0,
      "Common Stock Issuance": 1402000000.0,
      "Net Issuance Payments Of Debt": 1044000000.0,
      "Net Long Term Debt Issuance": 1044000000.0,
      "Long Term Debt Payments": -403000000.0,
      "Long Term Debt Issuance": 1447000000.0,
      "Investing Cash Flow": -30040000000.0,
      "Cash Flow From Continuing Investing Activities": -30040000000.0,
      "Net Other Investing Changes": -911000000.0,
      "Net Investment Purchase And Sale": -6044000000.0,
      "Sale Of Investment": 94875000000.0,
      "Purchase Of Investment": -100919000000.0,
      "Net Business Purchase And Sale": 895000000.0,
      "Net PPE Purchase And Sale": -442000000.0,
      "Operating Cash Flow": 31724000000.0,
      "Cash Flow From Continuing Operating Activities": 31724000000.0,
      "Taxes Refund Paid": -2139000000.0,
      "Interest Received Cfo": 56916000000.0,
      "Interest Paid Cfo": -34731000000.0,
      "Dividend Received Cfo": 1299000000.0,
      "Change In Working Capital": 15477000000.0,
      "Change In Other Working Capital": 14092000000.0,
      "Other Non Cash Items": -18262000000.0,
      "Stock Based Compensation": 14000000.0,
      "Asset Impairment Charge": 185000000.0,
      "Deferred Tax": 2221000000.0,
      "Deferred Income Tax": 2221000000.0,
      "Depreciation Amortization Depletion": 1820000000.0,
      "Depreciation And Amortization": 1820000000.0,
      "Amortization Cash Flow": 1019000000.0,
      "Amortization Of Intangibles": 1019000000.0,
      "Depreciation": 801000000.0,
      "Operating Gains Losses": -649000000.0,
      "Earnings Losses From Equity Investments": -153000000.0,
      "Gain Loss On Investment Securities": -129000000.0,
      "Gain Loss On Sale Of Business": -367000000.0,
      "Net Income From Continuing Operations": 7450000000.0
    },
    "2022-10-31T00:00:00": {
      "Free Cash Flow": 16372000000.0,
      "Repurchase Of Capital Stock": -3373000000.0,
      "Repayment Of Debt": -1598000000.0,
      "Issuance Of Debt": 3356000000.0,
      "Issuance Of Capital Stock": 2660000000.0,
      "Capital Expenditure": -571000000.0,
      "End Cash Position": 11065000000.0,
      "Beginning Cash Position": 9693000000.0,
      "Effect Of Exchange Rate Changes": 301000000.0,
      "Changes In Cash": 1071000000.0,
      "Financing Cash Flow": -4579000000.0,
      "Cash Flow From Continuing Financing Activities": -4579000000.0,
      "Net Other Financing Charges": -506000000.0,
      "Cash Dividends Paid": -5118000000.0,
      "Preferred Stock Dividend Paid": -260000000.0,
      "Common Stock Dividend Paid": -4858000000.0,
      "Net Preferred Stock Issuance": 2023000000.0,
      "Preferred Stock Payments": -500000000.0,
      "Preferred Stock Issuance": 2523000000.0,
      "Net Common Stock Issuance": -2736000000.0,
      "Common Stock Payments": -2873000000.0,
      "Common Stock Issuance": 137000000.0,
      "Net Issuance Payments Of Debt": 1758000000.0,
      "Net Long Term Debt Issuance": 1758000000.0,
      "Long Term Debt Payments": -1598000000.0,
      "Long Term Debt Issuance": 3356000000.0,
      "Investing Cash Flow": -11293000000.0,
      "Cash Flow From Continuing Investing Activities": -11293000000.0,
      "Net Other Investing Changes": -1350000000.0,
      "Net Investment Purchase And Sale": -34606000000.0,
      "Sale Of Investment": 63130000000.0,
      "Purchase Of Investment": -97736000000.0,
      "Net Business Purchase And Sale": -549000000.0,
      "Net PPE Purchase And Sale": -571000000.0,
      "Operating Cash Flow": 16943000000.0,
      "Cash Flow From Continuing Operating Activities": 16943000000.0,
      "Taxes Refund Paid": -3503000000.0,
      "Interest Received Cfo": 31931000000.0,
      "Interest Paid Cfo": -13336000000.0,
      "Dividend Received Cfo": 1156000000.0,
      "Change In Working Capital": 3064000000.0,
      "Change In Other Working Capital": 130825000000.0,
      "Other Non Cash Items": -18115000000.0,
      "Stock Based Compensation": 10000000.0,
      "Asset Impairment Charge": 0.0,
      "Deferred Tax": 2758000000.0,
      "Deferred Income Tax": 2758000000.0,
      "Depreciation Amortization Depletion": 1531000000.0,
      "Depreciation And Amortization": 1531000000.0,
      "Amortization Cash Flow": 782000000.0,
      "Amortization Of Intangibles": 782000000.0,
      "Depreciation": 749000000.0,
      "Operating Gains Losses": -109000000.0,
      "Earnings Losses From Equity Investments": -268000000.0,
      "Gain Loss On Investment Securities": -74000000.0,
      "Gain Loss On Sale Of Business": 233000000.0,
      "Net Income From Continuing Operations": 10174000000.0
    },
    "2021-10-31T00:00:00": {
      "Free Cash Flow": null,
      "Repurchase Of Capital Stock": null,
      "Repayment Of Debt": null,
      "Issuance Of Debt": null,
      "Issuance Of Capital Stock": null,
      "Capital Expenditure": null,
      "End Cash Position": null,
      "Beginning Cash Position": null,
      "Effect Of Exchange Rate Changes": null,
      "Changes In Cash": null,
      "Financing Cash Flow": null,
      "Cash Flow From Continuing Financing Activities": null,
      "Net Other Financing Charges": null,
      "Cash Dividends Paid": null,
      "Preferred Stock Dividend Paid": null,
      "Common Stock Dividend Paid": null,
      "Net Preferred Stock Issuance": null,
      "Preferred Stock Payments": null,
      "Preferred Stock Issuance": null,
      "Net Common Stock Issuance": null,
      "Common Stock Payments": null,
      "Common Stock Issuance": null,
      "Net Issuance Payments Of Debt": null,
      "Net Long Term Debt Issuance": null,
      "Long Term Debt Payments": null,
      "Long Term Debt Issuance": null,
      "Investing Cash Flow": null,
      "Cash Flow From Continuing Investing Activities": null,
      "Net Other Investing Changes": null,
      "Net Investment Purchase And Sale": null,
      "Sale Of Investment": null,
      "Purchase Of Investment": null,
      "Net Business Purchase And Sale": null,
      "Net PPE Purchase And Sale": null,
      "Operating Cash Flow": null,
      "Cash Flow From Continuing Operating Activities": null,
      "Taxes Refund Paid": null,
      "Interest Received Cfo": null,
      "Interest Paid Cfo": null,
      "Dividend Received Cfo": 969000000.0,
      "Change In Working Capital": null,
      "Change In Other Working Capital": null,
      "Other Non Cash Items": null,
      "Stock Based Compensation": null,
      "Asset Impairment Charge": null,
      "Deferred Tax": null,
      "Deferred Income Tax": null,
      "Depreciation Amortization Depletion": null,
      "Depreciation And Amortization": null,
      "Amortization Cash Flow": null,
      "Amortization Of Intangibles": null,
      "Depreciation": null,
      "Operating Gains Losses": null,
      "Earnings Losses From Equity Investments": null,
      "Gain Loss On Investment Securities": null,
      "Gain Loss On Sale Of Business": null,
      "Net Income From Continuing Operations": null
    }
  },
  "earnings_estimate": {
    "avg": {
      "0q": 1.92637,
      "+1q": 2.08335,
      "0y": 8.15701,
      "+1y": 9.15521
    },
    "low": {
      "0q": 1.83,
      "+1q": 2.034,
      "0y": 7.99,
      "+1y": 8.85
    },
    "high": {
      "0q": 1.98,
      "+1q": 2.12,
      "0y": 8.35,
      "+1y": 9.49022
    },
    "yearAgoEps": {
      "0q": 1.52,
      "+1q": 1.88,
      "0y": 7.09,
      "+1y": 8.15701
    },
    "numberOfAnalysts": {
      "0q": 12,
      "+1q": 11,
      "0y": 14,
      "+1y": 15
    },
    "growth": {
      "0q": 0.2673,
      "+1q": 0.1082,
      "0y": 0.1505,
      "+1y": 0.1224
    }
  },
  "revenue_estimate": {
    "avg": {
      "0q": 9612049570,
      "+1q": 9995908270,
      "0y": 39239528220,
      "+1y": 41045867180
    },
    "low": {
      "0q": 9472148710,
      "+1q": 9842724810,
      "0y": 38700000000,
      "+1y": 40675000000
    },
    "high": {
      "0q": 9685000000,
      "+1q": 10101000000,
      "0y": 39700000000,
      "+1y": 41300000000
    },
    "numberOfAnalysts": {
      "0q": 3,
      "+1q": 3,
      "0y": 6,
      "+1y": 6
    },
    "yearAgoRevenue": {
      "0q": 9080000000,
      "+1q": 9486000000,
      "0y": 37741000000,
      "+1y": 39239528220
    },
    "growth": {
      "0q": 0.0586,
      "+1q": 0.0538,
      "0y": 0.0397,
      "+1y": 0.046
    }
  },
  "growth_estimates": {
    "stockTrend": {
      "0q": 0.2673,
      "+1q": 0.1082,
      "0y": 0.1505,
      "+1y": 0.1224,
      "LTG": null
    },
    "indexTrend": {
      "0q": 0.1273,
      "+1q": 0.103599995,
      "0y": 0.14310001,
      "+1y": 0.1557,
      "LTG": 0.122
    }
  },
  "revenue_forecasts": null,
  "dividend_rate": 4.4,
  "trailing_dividend_rate": 4.36
}