{
  "ticker": "BP.L",
  "name": "BP",
  "country": "uk",
  "currency": "GBP",
  "last_fetched": "2026-02-26T20:46:18.972916",
  "market_cap": 72910831616,
  "revenue": 187637006336,
  "net_income": 54000000,
  "pe_ratio": "Infinity",
  "forward_pe": 12.626451,
  "dividend_yield": 5.2,
  "profit_margin": 0.00029,
  "roe": 0.017,
  "debt_to_equity": 98.012,
  "beta": 0.055,
  "ev_to_ebitda": 3.819,
  "sector": "Energy",
  "industry": "Oil & Gas Integrated",
  "summary": "BP p.l.c., an integrated energy company, engages in the oil and gas business worldwide. The company operates through Gas & Low Carbon Energy, Oil Production & Operations, and Customers & Products segments. It engages in the production of natural gas, marketing, and trading activities, as well as solar, wind, and hydrogen businesses. The company also offers aviation fuel products and services, such as jet fuel; aviation gasoline; UL91 aviation fuel; and sustainable aviation fuel. In addition, it engages in the convenience and retail fuel; EV charging; Castrol lubricants and fluids; B2B; midstream; crude oil production; refining and oil trading; and bioenergy businesses. BP p.l.c. was founded in 1908 and is headquartered in London, the United Kingdom.",
  "website": "https://www.bp.com",
  "employees": null,
  "target_high": 598.0278,
  "target_low": 375.01718,
  "target_mean": 479.88525,
  "target_median": 468.03073,
  "recommendation": "hold",
  "num_analysts": 20,
  "income_stmt": {
    "2025-12-31T00:00:00": {
      "Tax Effect Of Unusual Items": -1262500000.0,
      "Tax Rate For Calcs": 0.25,
      "Normalized EBITDA": 36119000000.0,
      "Total Unusual Items": -5050000000.0,
      "Total Unusual Items Excluding Goodwill": -5050000000.0,
      "Net Income From Continuing Operation Net Minority Interest": 55000000.0,
      "Reconciled Depreciation": 18165000000.0,
      "Reconciled Cost Of Revenue": 155806000000.0,
      "EBITDA": 31069000000.0,
      "EBIT": 12904000000.0,
      "Net Interest Income": -3287000000.0,
      "Interest Expense": 5158000000.0,
      "Interest Income": 1609000000.0,
      "Normalized Income": 3842500000.0,
      "Net Income From Continuing And Discontinued Operation": 55000000.0,
      "Total Expenses": 173870000000.0,
      "Diluted Average Shares": 15913000000.0,
      "Basic Average Shares": 15586782000.0,
      "Diluted EPS": 0.0034,
      "Basic EPS": 0.0035,
      "Diluted NI Availto Com Stockholders": 54000000.0,
      "Net Income Common Stockholders": 54000000.0,
      "Otherunder Preferred Stock Dividend": 0.0,
      "Preferred Stock Dividends": 1000000.0,
      "Net Income": 55000000.0,
      "Minority Interests": -1240000000.0,
      "Net Income Including Noncontrolling Interests": 1295000000.0,
      "Net Income Continuous Operations": 1295000000.0,
      "Tax Provision": 6451000000.0,
      "Pretax Income": 7746000000.0,
      "Special Income Charges": -5050000000.0,
      "Other Special Charges": -987000000.0,
      "Impairment Of Capital Assets": 6037000000.0,
      "Net Non Operating Interest Income Expense": -3287000000.0,
      "Total Other Finance Cost": -262000000.0,
      "Interest Expense Non Operating": 5158000000.0,
      "Interest Income Non Operating": 1609000000.0,
      "Operating Income": 15465000000.0,
      "Operating Expense": 18064000000.0,
      "Other Operating Expenses": 570000000.0,
      "Selling General And Administration": 17494000000.0,
      "Selling And Marketing Expense": null,
      "General And Administrative Expense": 17494000000.0,
      "Gross Profit": 33529000000.0,
      "Cost Of Revenue": 155806000000.0,
      "Total Revenue": 189335000000.0,
      "Operating Revenue": 189335000000.0
    },
    "2024-12-31T00:00:00": {
      "Tax Effect Of Unusual Items": -1579250000.0,
      "Tax Rate For Calcs": 0.25,
      "Normalized EBITDA": 35055000000.0,
      "Total Unusual Items": -6317000000.0,
      "Total Unusual Items Excluding Goodwill": -6317000000.0,
      "Net Income From Continuing Operation Net Minority Interest": 381000000.0,
      "Reconciled Depreciation": 17389000000.0,
      "Reconciled Cost Of Revenue": 158946000000.0,
      "EBITDA": 28738000000.0,
      "EBIT": 11349000000.0,
      "Net Interest Income": -1742000000.0,
      "Interest Expense": 4567000000.0,
      "Interest Income": 2773000000.0,
      "Normalized Income": 5118750000.0,
      "Net Income From Continuing And Discontinued Operation": 381000000.0,
      "Total Expenses": 176337000000.0,
      "Diluted Average Shares": 16816664000.0,
      "Basic Average Shares": 16385535000.0,
      "Diluted EPS": 0.0232,
      "Basic EPS": 0.0238,
      "Diluted NI Availto Com Stockholders": 390000000.0,
      "Net Income Common Stockholders": 390000000.0,
      "Otherunder Preferred Stock Dividend": -10000000.0,
      "Preferred Stock Dividends": 1000000.0,
      "Net Income": 381000000.0,
      "Minority Interests": -848000000.0,
      "Net Income Including Noncontrolling Interests": 1229000000.0,
      "Net Income Continuous Operations": 1229000000.0,
      "Tax Provision": 5553000000.0,
      "Pretax Income": 6782000000.0,
      "Special Income Charges": -6317000000.0,
      "Other Special Charges": -678000000.0,
      "Impairment Of Capital Assets": 6995000000.0,
      "Net Non Operating Interest Income Expense": -1742000000.0,
      "Total Other Finance Cost": -52000000.0,
      "Interest Expense Non Operating": 4567000000.0,
      "Interest Income Non Operating": 2773000000.0,
      "Operating Income": 12848000000.0,
      "Operating Expense": 17391000000.0,
      "Other Operating Expenses": 974000000.0,
      "Selling General And Administration": 16417000000.0,
      "Selling And Marketing Expense": null,
      "General And Administrative Expense": 16417000000.0,
      "Gross Profit": 30239000000.0,
      "Cost Of Revenue": 158946000000.0,
      "Total Revenue": 189185000000.0,
      "Operating Revenue": 189185000000.0
    },
    "2023-12-31T00:00:00": {
      "Tax Effect Of Unusual Items": -2073390000.0,
      "Tax Rate For Calcs": 0.33,
      "Normalized EBITDA": 49786000000.0,
      "Total Unusual Items": -6283000000.0,
      "Total Unusual Items Excluding Goodwill": -6283000000.0,
      "Net Income From Continuing Operation Net Minority Interest": 15239000000.0,
      "Reconciled Depreciation": 15928000000.0,
      "Reconciled Cost Of Revenue": 162058000000.0,
      "EBITDA": 43503000000.0,
      "EBIT": 27575000000.0,
      "Net Interest Income": -1915000000.0,
      "Interest Expense": 3826000000.0,
      "Interest Income": 1635000000.0,
      "Normalized Income": 19448610000.0,
      "Net Income From Continuing And Discontinued Operation": 15239000000.0,
      "Total Expenses": 179081000000.0,
      "Diluted Average Shares": 17750078000.0,
      "Basic Average Shares": 17360288000.0,
      "Diluted EPS": 0.8585,
      "Basic EPS": 0.8778,
      "Diluted NI Availto Com Stockholders": 15238000000.0,
      "Net Income Common Stockholders": 15238000000.0,
      "Otherunder Preferred Stock Dividend": 0.0,
      "Preferred Stock Dividends": 1000000.0,
      "Net Income": 15239000000.0,
      "Minority Interests": -641000000.0,
      "Net Income Including Noncontrolling Interests": 15880000000.0,
      "Net Income Continuous Operations": 15880000000.0,
      "Tax Provision": 7869000000.0,
      "Pretax Income": 23749000000.0,
      "Special Income Charges": -6283000000.0,
      "Other Special Charges": -164000000.0,
      "Impairment Of Capital Assets": 6447000000.0,
      "Net Non Operating Interest Income Expense": -1915000000.0,
      "Total Other Finance Cost": -276000000.0,
      "Interest Expense Non Operating": 3826000000.0,
      "Interest Income Non Operating": 1635000000.0,
      "Operating Income": 31049000000.0,
      "Operating Expense": 17023000000.0,
      "Other Operating Expenses": 251000000.0,
      "Selling General And Administration": 16772000000.0,
      "Selling And Marketing Expense": null,
      "General And Administrative Expense": 16772000000.0,
      "Gross Profit": 48072000000.0,
      "Cost Of Revenue": 162058000000.0,
      "Total Revenue": 210130000000.0,
      "Operating Revenue": 210130000000.0
    },
    "2022-12-31T00:00:00": {
      "Tax Effect Of Unusual Items": -5144820000.0,
      "Tax Rate For Calcs": 0.19,
      "Normalized EBITDA": 59424000000.0,
      "Total Unusual Items": -27078000000.0,
      "Total Unusual Items Excluding Goodwill": -27078000000.0,
      "Net Income From Continuing Operation Net Minority Interest": -2487000000.0,
      "Reconciled Depreciation": 14318000000.0,
      "Reconciled Cost Of Revenue": 186296000000.0,
      "EBITDA": 32346000000.0,
      "EBIT": 18028000000.0,
      "Net Interest Income": -1494000000.0,
      "Interest Expense": 2623000000.0,
      "Interest Income": 1103000000.0,
      "Normalized Income": 19446180000.0,
      "Net Income From Continuing And Discontinued Operation": -2487000000.0,
      "Total Expenses": 199945000000.0,
      "Diluted Average Shares": 18987936000.0,
      "Basic Average Shares": 18987936000.0,
      "Diluted EPS": -0.131,
      "Basic EPS": -0.131,
      "Diluted NI Availto Com Stockholders": -2488000000.0,
      "Net Income Common Stockholders": -2488000000.0,
      "Otherunder Preferred Stock Dividend": 0.0,
      "Preferred Stock Dividends": 1000000.0,
      "Net Income": -2487000000.0,
      "Minority Interests": -1130000000.0,
      "Net Income Including Noncontrolling Interests": -1357000000.0,
      "Net Income Continuous Operations": -1357000000.0,
      "Tax Provision": 16762000000.0,
      "Pretax Income": 15405000000.0,
      "Special Income Charges": -27078000000.0,
      "Other Special Charges": 8352000000.0,
      "Impairment Of Capital Assets": 18726000000.0,
      "Net Non Operating Interest Income Expense": -1494000000.0,
      "Total Other Finance Cost": -26000000.0,
      "Interest Expense Non Operating": 2623000000.0,
      "Interest Income Non Operating": 1103000000.0,
      "Operating Income": 41447000000.0,
      "Operating Expense": 13649000000.0,
      "Other Operating Expenses": 200000000.0,
      "Selling General And Administration": 13449000000.0,
      "Selling And Marketing Expense": null,
      "General And Administrative Expense": 13449000000.0,
      "Gross Profit": 55096000000.0,
      "Cost Of Revenue": 186296000000.0,
      "Total Revenue": 241392000000.0,
      "Operating Revenue": 241392000000.0
    },
    "2021-12-31T00:00:00": {
      "Tax Effect Of Unusual Items": null,
      "Tax Rate For Calcs": null,
      "Normalized EBITDA": null,
      "Total Unusual Items": null,
      "Total Unusual Items Excluding Goodwill": null,
      "Net Income From Continuing Operation Net Minority Interest": null,
      "Reconciled Depreciation": null,
      "Reconciled Cost Of Revenue": null,
      "EBITDA": null,
      "EBIT": null,
      "Net Interest Income": null,
      "Interest Expense": null,
      "Interest Income": null,
      "Normalized Income": null,
      "Net Income From Continuing And Discontinued Operation": null,
      "Total Expenses": null,
      "Diluted Average Shares": null,
      "Basic Average Shares": null,
      "Diluted EPS": null,
      "Basic EPS": null,
      "Diluted NI Availto Com Stockholders": null,
      "Net Income Common Stockholders": null,
      "Otherunder Preferred Stock Dividend": null,
      "Preferred Stock Dividends": null,
      "Net Income": null,
      "Minority Interests": null,
      "Net Income Including Noncontrolling Interests": null,
      "Net Income Continuous Operations": null,
      "Tax Provision": null,
      "Pretax Income": null,
      "Special Income Charges": null,
      "Other Special Charges": null,
      "Impairment Of Capital Assets": null,
      "Net Non Operating Interest Income Expense": null,
      "Total Other Finance Cost": null,
      "Interest Expense Non Operating": null,
      "Interest Income Non Operating": null,
      "Operating Income": null,
      "Operating Expense": null,
      "Other Operating Expenses": null,
      "Selling General And Administration": null,
      "Selling And Marketing Expense": 11931000000.0,
      "General And Administrative Expense": null,
      "Gross Profit": null,
      "Cost Of Revenue": null,
      "Total Revenue": null,
      "Operating Revenue": null
    }
  },
  "quarterly_income": {
    "2025-12-31T00:00:00": {
      "Tax Effect Of Unusual Items": -728000000.0,
      "Tax Rate For Calcs": 0.25,
      "Normalized EBITDA": 7249000000.0,
      "Total Unusual Items": -2912000000.0,
      "Total Unusual Items Excluding Goodwill": -2912000000.0,
      "Net Income From Continuing Operation Net Minority Interest": -3422000000.0,
      "Reconciled Depreciation": 4551000000.0,
      "Reconciled Cost Of Revenue": 39705000000.0,
      "EBITDA": 4337000000.0,
      "EBIT": -214000000.0,
      "Net Interest Income": -790000000.0,
      "Interest Expense": 1289000000.0,
      "Interest Income": 452000000.0,
      "Normalized Income": -1238000000.0,
      "Net Income From Continuing And Discontinued Operation": -3422000000.0,
      "Total Expenses": 44379000000.0,
      "Diluted Average Shares": 15409755000.0,
      "Basic Average Shares": 15409755000.0,
      "Diluted EPS": -0.2221,
      "Basic EPS": -0.2221,
      "Diluted NI Availto Com Stockholders": -3422000000.0,
      "Net Income Common Stockholders": -3422000000.0,
      "Otherunder Preferred Stock Dividend": 0.0,
      "Preferred Stock Dividends": 0.0,
      "Net Income": -3422000000.0,
      "Minority Interests": -297000000.0,
      "Net Income Including Noncontrolling Interests": -3125000000.0,
      "Net Income Continuous Operations": -3125000000.0,
      "Tax Provision": 1622000000.0,
      "Pretax Income": -1503000000.0,
      "Special Income Charges": -2912000000.0,
      "Other Special Charges": -712000000.0,
      "Impairment Of Capital Assets": 3624000000.0,
      "Net Non Operating Interest Income Expense": -790000000.0,
      "Total Other Finance Cost": -47000000.0,
      "Interest Expense Non Operating": 1289000000.0,
      "Interest Income Non Operating": 452000000.0,
      "Operating Income": 3004000000.0,
      "Operating Expense": 4674000000.0,
      "Other Operating Expenses": 104000000.0,
      "Selling General And Administration": 4570000000.0,
      "General And Administrative Expense": 4570000000.0,
      "Gross Profit": 7678000000.0,
      "Cost Of Revenue": 39705000000.0,
      "Total Revenue": 47383000000.0,
      "Operating Revenue": 47383000000.0
    },
    "2025-09-30T00:00:00": {
      "Tax Effect Of Unusual Items": -192750000.0,
      "Tax Rate For Calcs": 0.25,
      "Normalized EBITDA": 9746000000.0,
      "Total Unusual Items": -771000000.0,
      "Total Unusual Items Excluding Goodwill": -771000000.0,
      "Net Income From Continuing Operation Net Minority Interest": 1161000000.0,
      "Reconciled Depreciation": 4472000000.0,
      "Reconciled Cost Of Revenue": 39554000000.0,
      "EBITDA": 8975000000.0,
      "EBIT": 4503000000.0,
      "Net Interest Income": -815000000.0,
      "Interest Expense": 1267000000.0,
      "Interest Income": 397000000.0,
      "Normalized Income": 1739250000.0,
      "Net Income From Continuing And Discontinued Operation": 1161000000.0,
      "Total Expenses": 44049000000.0,
      "Diluted Average Shares": null,
      "Basic Average Shares": null,
      "Diluted EPS": null,
      "Basic EPS": null,
      "Diluted NI Availto Com Stockholders": 1161000000.0,
      "Net Income Common Stockholders": 1161000000.0,
      "Otherunder Preferred Stock Dividend": 0.0,
      "Preferred Stock Dividends": 0.0,
      "Net Income": 1161000000.0,
      "Minority Interests": -348000000.0,
      "Net Income Including Noncontrolling Interests": 1509000000.0,
      "Net Income Continuous Operations": 1509000000.0,
      "Tax Provision": 1727000000.0,
      "Pretax Income": 3236000000.0,
      "Special Income Charges": -771000000.0,
      "Other Special Charges": 18000000.0,
      "Impairment Of Capital Assets": 753000000.0,
      "Net Non Operating Interest Income Expense": -815000000.0,
      "Total Other Finance Cost": -55000000.0,
      "Interest Expense Non Operating": 1267000000.0,
      "Interest Income Non Operating": 397000000.0,
      "Operating Income": 4371000000.0,
      "Operating Expense": 4495000000.0,
      "Other Operating Expenses": 224000000.0,
      "Selling General And Administration": 4271000000.0,
      "General And Administrative Expense": 4271000000.0,
      "Gross Profit": 8866000000.0,
      "Cost Of Revenue": 39554000000.0,
      "Total Revenue": 48420000000.0,
      "Operating Revenue": 48420000000.0
    },
    "2025-06-30T00:00:00": {
      "Tax Effect Of Unusual Items": -280960000.0,
      "Tax Rate For Calcs": 0.32,
      "Normalized EBITDA": 9631000000.0,
      "Total Unusual Items": -878000000.0,
      "Total Unusual Items Excluding Goodwill": -878000000.0,
      "Net Income From Continuing Operation Net Minority Interest": 1629000000.0,
      "Reconciled Depreciation": 4641000000.0,
      "Reconciled Cost Of Revenue": 38083000000.0,
      "EBITDA": 8753000000.0,
      "EBIT": 4112000000.0,
      "Net Interest Income": -798000000.0,
      "Interest Expense": 1229000000.0,
      "Interest Income": 375000000.0,
      "Normalized Income": 2226040000.0,
      "Net Income From Continuing And Discontinued Operation": 1629000000.0,
      "Total Expenses": 42464000000.0,
      "Diluted Average Shares": 15854588000.0,
      "Basic Average Shares": 15645561000.0,
      "Diluted EPS": 0.1027,
      "Basic EPS": 0.1041,
      "Diluted NI Availto Com Stockholders": 1628000000.0,
      "Net Income Common Stockholders": 1628000000.0,
      "Otherunder Preferred Stock Dividend": 0.0,
      "Preferred Stock Dividends": 1000000.0,
      "Net Income": 1629000000.0,
      "Minority Interests": -300000000.0,
      "Net Income Including Noncontrolling Interests": 1929000000.0,
      "Net Income Continuous Operations": 1929000000.0,
      "Tax Provision": 954000000.0,
      "Pretax Income": 2883000000.0,
      "Special Income Charges": -878000000.0,
      "Other Special Charges": -279000000.0,
      "Impairment Of Capital Assets": 1157000000.0,
      "Net Non Operating Interest Income Expense": -798000000.0,
      "Total Other Finance Cost": -56000000.0,
      "Interest Expense Non Operating": 1229000000.0,
      "Interest Income Non Operating": 375000000.0,
      "Operating Income": 4163000000.0,
      "Operating Expense": 4381000000.0,
      "Other Operating Expenses": 139000000.0,
      "Selling General And Administration": 4242000000.0,
      "General And Administrative Expense": 4242000000.0,
      "Gross Profit": 8544000000.0,
      "Cost Of Revenue": 38083000000.0,
      "Total Revenue": 46627000000.0,
      "Operating Revenue": 46627000000.0
    },
    "2025-03-31T00:00:00": {
      "Tax Effect Of Unusual Items": -122250000.0,
      "Tax Rate For Calcs": 0.25,
      "Normalized EBITDA": 9123000000.0,
      "Total Unusual Items": -489000000.0,
      "Total Unusual Items Excluding Goodwill": -489000000.0,
      "Net Income From Continuing Operation Net Minority Interest": 687000000.0,
      "Reconciled Depreciation": 4183000000.0,
      "Reconciled Cost Of Revenue": 38464000000.0,
      "EBITDA": 8634000000.0,
      "EBIT": 4451000000.0,
      "Net Interest Income": -884000000.0,
      "Interest Expense": 1321000000.0,
      "Interest Income": 385000000.0,
      "Normalized Income": 1053750000.0,
      "Net Income From Continuing And Discontinued Operation": 687000000.0,
      "Total Expenses": 42978000000.0,
      "Diluted Average Shares": 16097610000.0,
      "Basic Average Shares": 15778296000.0,
      "Diluted EPS": 0.0427,
      "Basic EPS": 0.0435,
      "Diluted NI Availto Com Stockholders": 687000000.0,
      "Net Income Common Stockholders": 687000000.0,
      "Otherunder Preferred Stock Dividend": 0.0,
      "Preferred Stock Dividends": 0.0,
      "Net Income": 687000000.0,
      "Minority Interests": -295000000.0,
      "Net Income Including Noncontrolling Interests": 982000000.0,
      "Net Income Continuous Operations": 982000000.0,
      "Tax Provision": 2148000000.0,
      "Pretax Income": 3130000000.0,
      "Special Income Charges": -489000000.0,
      "Other Special Charges": -14000000.0,
      "Impairment Of Capital Assets": 503000000.0,
      "Net Non Operating Interest Income Expense": -884000000.0,
      "Total Other Finance Cost": -52000000.0,
      "Interest Expense Non Operating": 1321000000.0,
      "Interest Income Non Operating": 385000000.0,
      "Operating Income": 3927000000.0,
      "Operating Expense": 4514000000.0,
      "Other Operating Expenses": 103000000.0,
      "Selling General And Administration": 4411000000.0,
      "General And Administrative Expense": 4411000000.0,
      "Gross Profit": 8441000000.0,
      "Cost Of Revenue": 38464000000.0,
      "Total Revenue": 46905000000.0,
      "Operating Revenue": 46905000000.0
    },
    "2024-12-31T00:00:00": {
      "Tax Effect Of Unusual Items": -656500000.0,
      "Tax Rate For Calcs": 0.25,
      "Normalized EBITDA": 7795000000.0,
      "Total Unusual Items": -2626000000.0,
      "Total Unusual Items Excluding Goodwill": -2626000000.0,
      "Net Income From Continuing Operation Net Minority Interest": -1959000000.0,
      "Reconciled Depreciation": 4381000000.0,
      "Reconciled Cost Of Revenue": 39964000000.0,
      "EBITDA": 5169000000.0,
      "EBIT": 788000000.0,
      "Net Interest Income": 294000000.0,
      "Interest Expense": 1291000000.0,
      "Interest Income": 1540000000.0,
      "Normalized Income": 10500000.0,
      "Net Income From Continuing And Discontinued Operation": -1959000000.0,
      "Total Expenses": 44238000000.0,
      "Diluted Average Shares": 15885184000.0,
      "Basic Average Shares": 15885184000.0,
      "Diluted EPS": -0.1233,
      "Basic EPS": -0.1233,
      "Diluted NI Availto Com Stockholders": -1959000000.0,
      "Net Income Common Stockholders": -1959000000.0,
      "Otherunder Preferred Stock Dividend": 0.0,
      "Preferred Stock Dividends": 0.0,
      "Net Income": -1959000000.0,
      "Minority Interests": -339000000.0,
      "Net Income Including Noncontrolling Interests": -1620000000.0,
      "Net Income Continuous Operations": -1620000000.0,
      "Tax Provision": 1117000000.0,
      "Pretax Income": -503000000.0,
      "Special Income Charges": -2626000000.0,
      "Other Special Charges": -481000000.0,
      "Impairment Of Capital Assets": 3107000000.0,
      "Net Non Operating Interest Income Expense": 294000000.0,
      "Total Other Finance Cost": -45000000.0,
      "Interest Expense Non Operating": 1291000000.0,
      "Interest Income Non Operating": 1540000000.0,
      "Operating Income": 1514000000.0,
      "Operating Expense": 4274000000.0,
      "Other Operating Expenses": 176000000.0,
      "Selling General And Administration": 4098000000.0,
      "General And Administrative Expense": 4098000000.0,
      "Gross Profit": 5788000000.0,
      "Cost Of Revenue": 39964000000.0,
      "Total Revenue": 45752000000.0,
      "Operating Revenue": 45752000000.0
    },
    "2024-09-30T00:00:00": {
      "Tax Effect Of Unusual Items": null,
      "Tax Rate For Calcs": null,
      "Normalized EBITDA": null,
      "Total Unusual Items": null,
      "Total Unusual Items Excluding Goodwill": null,
      "Net Income From Continuing Operation Net Minority Interest": null,
      "Reconciled Depreciation": null,
      "Reconciled Cost Of Revenue": null,
      "EBITDA": null,
      "EBIT": null,
      "Net Interest Income": null,
      "Interest Expense": null,
      "Interest Income": null,
      "Normalized Income": null,
      "Net Income From Continuing And Discontinued Operation": null,
      "Total Expenses": null,
      "Diluted Average Shares": 16709108000.0,
      "Basic Average Shares": 16321349000.0,
      "Diluted EPS": 0.0123,
      "Basic EPS": 0.0126,
      "Diluted NI Availto Com Stockholders": null,
      "Net Income Common Stockholders": null,
      "Otherunder Preferred Stock Dividend": null,
      "Preferred Stock Dividends": null,
      "Net Income": null,
      "Minority Interests": null,
      "Net Income Including Noncontrolling Interests": null,
      "Net Income Continuous Operations": null,
      "Tax Provision": null,
      "Pretax Income": null,
      "Special Income Charges": null,
      "Other Special Charges": null,
      "Impairment Of Capital Assets": null,
      "Net Non Operating Interest Income Expense": null,
      "Total Other Finance Cost": null,
      "Interest Expense Non Operating": null,
      "Interest Income Non Operating": null,
      "Operating Income": null,
      "Operating Expense": null,
      "Other Operating Expenses": null,
      "Selling General And Administration": null,
      "General And Administrative Expense": null,
      "Gross Profit": null,
      "Cost Of Revenue": null,
      "Total Revenue": null,
      "Operating Revenue": null
    }
  },
  "balance_sheet": {
    "2025-12-31T00:00:00": {
      "Treasury Shares Number": 1187942709.0,
      "Preferred Shares Number": null,
      "Ordinary Shares Number": 15298370285.0,
      "Share Issued": 16486312994.0,
      "Net Debt": 21402000000.0,
      "Total Debt": 72529000000.0,
      "Tangible Book Value": 34555000000.0,
      "Invested Capital": 111010000000.0,
      "Working Capital": 21205000000.0,
      "Net Tangible Assets": 34555000000.0,
      "Capital Lease Obligations": 14571000000.0,
      "Common Stock Equity": 53052000000.0,
      "Preferred Stock Equity": null,
      "Total Capitalization": 107654000000.0,
      "Total Equity Gross Minority Interest": 74000000000.0,
      "Minority Interest": 20948000000.0,
      "Stockholders Equity": 53052000000.0,
      "Treasury Stock": null,
      "Retained Earnings": null,
      "Additional Paid In Capital": null,
      "Capital Stock": null,
      "Common Stock": null,
      "Preferred Stock": null,
      "Total Liabilities Net Minority Interest": 204526000000.0,
      "Total Non Current Liabilities Net Minority Interest": 123945000000.0,
      "Derivative Product Liabilities": 19667000000.0,
      "Non Current Pension And Other Postretirement Benefit Plans": 4816000000.0,
      "Non Current Accrued Expenses": 1834000000.0,
      "Tradeand Other Payables Non Current": 7975000000.0,
      "Non Current Deferred Taxes Liabilities": 7642000000.0,
      "Long Term Debt And Capital Lease Obligation": 66341000000.0,
      "Long Term Capital Lease Obligation": 11739000000.0,
      "Long Term Debt": 54602000000.0,
      "Long Term Provisions": 15670000000.0,
      "Current Liabilities": 80581000000.0,
      "Current Debt And Capital Lease Obligation": 6188000000.0,
      "Current Capital Lease Obligation": 2832000000.0,
      "Current Debt": 3356000000.0,
      "Current Provisions": 4709000000.0,
      "Payables": 58105000000.0,
      "Other Payable": null,
      "Total Tax Payable": 1262000000.0,
      "Accounts Payable": 56843000000.0,
      "Total Assets": 278526000000.0,
      "Total Non Current Assets": 176740000000.0,
      "Defined Pension Benefit": 7771000000.0,
      "Non Current Prepaid Assets": 608000000.0,
      "Non Current Deferred Taxes Assets": 4325000000.0,
      "Financial Assets": 20957000000.0,
      "Other Investments": 857000000.0,
      "Investmentin Financial Assets": null,
      "Available For Sale Securities": null,
      "Financial Assets Designatedas Fair Value Through Profitor Loss Total": null,
      "Long Term Equity Investment": 20725000000.0,
      "Investmentsin Joint Venturesat Cost": 13400000000.0,
      "Investmentsin Associatesat Cost": 7325000000.0,
      "Goodwill And Other Intangible Assets": 18497000000.0,
      "Other Intangible Assets": 8197000000.0,
      "Goodwill": 10300000000.0,
      "Net PPE": 98633000000.0,
      "Accumulated Depreciation": null,
      "Gross PPE": null,
      "Other Properties": null,
      "Machinery Furniture Equipment": null,
      "Buildings And Improvements": null,
      "Land And Improvements": null,
      "Properties": null,
      "Current Assets": 101786000000.0,
      "Hedging Assets Current": 5180000000.0,
      "Assets Held For Sale Current": 6347000000.0,
      "Restricted Cash": null,
      "Prepaid Assets": 3422000000.0,
      "Inventory": 22499000000.0,
      "Other Inventories": null,
      "Finished Goods": null,
      "Raw Materials": null,
      "Other Receivables": 457000000.0,
      "Taxes Receivable": 1153000000.0,
      "Accounts Receivable": 26014000000.0,
      "Cash Cash Equivalents And Short Term Investments": 36714000000.0,
      "Other Short Term Investments": 158000000.0,
      "Cash And Cash Equivalents": 36556000000.0
    },
    "2024-12-31T00:00:00": {
      "Treasury Shares Number": 811983840.0,
      "Preferred Shares Number": 12706000.0,
      "Ordinary Shares Number": 15850481411.0,
      "Share Issued": 16662465251.0,
      "Net Debt": 25187000000.0,
      "Total Debt": 71547000000.0,
      "Tangible Book Value": 39129000000.0,
      "Invested Capital": 118772000000.0,
      "Working Capital": 20593000000.0,
      "Net Tangible Assets": 39150000000.0,
      "Capital Lease Obligations": 12000000000.0,
      "Common Stock Equity": 59225000000.0,
      "Preferred Stock Equity": 21000000.0,
      "Total Capitalization": 114319000000.0,
      "Total Equity Gross Minority Interest": 78318000000.0,
      "Minority Interest": 19072000000.0,
      "Stockholders Equity": 59246000000.0,
      "Treasury Stock": 9030000000.0,
      "Retained Earnings": 22531000000.0,
      "Additional Paid In Capital": 16837000000.0,
      "Capital Stock": 4186000000.0,
      "Common Stock": 4165000000.0,
      "Preferred Stock": 21000000.0,
      "Total Liabilities Net Minority Interest": 203910000000.0,
      "Total Non Current Liabilities Net Minority Interest": 121669000000.0,
      "Derivative Product Liabilities": 18532000000.0,
      "Non Current Pension And Other Postretirement Benefit Plans": 4873000000.0,
      "Non Current Accrued Expenses": 1326000000.0,
      "Tradeand Other Payables Non Current": 9409000000.0,
      "Non Current Deferred Taxes Liabilities": 8428000000.0,
      "Long Term Debt And Capital Lease Obligation": 64413000000.0,
      "Long Term Capital Lease Obligation": 9340000000.0,
      "Long Term Debt": 55073000000.0,
      "Long Term Provisions": 14688000000.0,
      "Current Liabilities": 82241000000.0,
      "Current Debt And Capital Lease Obligation": 7134000000.0,
      "Current Capital Lease Obligation": 2660000000.0,
      "Current Debt": 4474000000.0,
      "Current Provisions": 3600000000.0,
      "Payables": 59984000000.0,
      "Other Payable": 17654000000.0,
      "Total Tax Payable": 3694000000.0,
      "Accounts Payable": 38636000000.0,
      "Total Assets": 282228000000.0,
      "Total Non Current Assets": 179394000000.0,
      "Defined Pension Benefit": 7457000000.0,
      "Non Current Prepaid Assets": 548000000.0,
      "Non Current Deferred Taxes Assets": 5403000000.0,
      "Financial Assets": 16114000000.0,
      "Other Investments": 61000000.0,
      "Investmentin Financial Assets": 1231000000.0,
      "Available For Sale Securities": 1095000000.0,
      "Financial Assets Designatedas Fair Value Through Profitor Loss Total": 136000000.0,
      "Long Term Equity Investment": 20032000000.0,
      "Investmentsin Joint Venturesat Cost": 12291000000.0,
      "Investmentsin Associatesat Cost": 7741000000.0,
      "Goodwill And Other Intangible Assets": 20096000000.0,
      "Other Intangible Assets": 5208000000.0,
      "Goodwill": 14888000000.0,
      "Net PPE": 104676000000.0,
      "Accumulated Depreciation": -175241000000.0,
      "Gross PPE": 279917000000.0,
      "Other Properties": 1431000000.0,
      "Machinery Furniture Equipment": 56332000000.0,
      "Buildings And Improvements": 2780000000.0,
      "Land And Improvements": 4060000000.0,
      "Properties": 215314000000.0,
      "Current Assets": 102834000000.0,
      "Hedging Assets Current": 5112000000.0,
      "Assets Held For Sale Current": 4081000000.0,
      "Restricted Cash": 4844000000.0,
      "Prepaid Assets": 2594000000.0,
      "Inventory": 23232000000.0,
      "Other Inventories": 2127000000.0,
      "Finished Goods": 19159000000.0,
      "Raw Materials": 1946000000.0,
      "Other Receivables": 4526000000.0,
      "Taxes Receivable": 2261000000.0,
      "Accounts Receivable": 21659000000.0,
      "Cash Cash Equivalents And Short Term Investments": 34525000000.0,
      "Other Short Term Investments": 165000000.0,
      "Cash And Cash Equivalents": 34360000000.0
    },
    "2023-12-31T00:00:00": {
      "Treasury Shares Number": 1077078898.0,
      "Preferred Shares Number": 12706000.0,
      "Ordinary Shares Number": 16823721587.0,
      "Share Issued": 17900800485.0,
      "Net Debt": 24206000000.0,
      "Total Debt": 63075000000.0,
      "Tangible Book Value": 52127000000.0,
      "Invested Capital": 122216000000.0,
      "Working Capital": 18068000000.0,
      "Net Tangible Assets": 52148000000.0,
      "Capital Lease Obligations": 11121000000.0,
      "Common Stock Equity": 70262000000.0,
      "Preferred Stock Equity": 21000000.0,
      "Total Capitalization": 118953000000.0,
      "Total Equity Gross Minority Interest": 85493000000.0,
      "Minority Interest": 15210000000.0,
      "Stockholders Equity": 70283000000.0,
      "Treasury Stock": 11323000000.0,
      "Retained Earnings": 35339000000.0,
      "Additional Paid In Capital": 16311000000.0,
      "Capital Stock": 4496000000.0,
      "Common Stock": 4475000000.0,
      "Preferred Stock": 21000000.0,
      "Total Liabilities Net Minority Interest": 194801000000.0,
      "Total Non Current Liabilities Net Minority Interest": 108723000000.0,
      "Derivative Product Liabilities": 10402000000.0,
      "Non Current Pension And Other Postretirement Benefit Plans": 5456000000.0,
      "Non Current Accrued Expenses": 1310000000.0,
      "Tradeand Other Payables Non Current": 10076000000.0,
      "Non Current Deferred Taxes Liabilities": 9617000000.0,
      "Long Term Debt And Capital Lease Obligation": 57141000000.0,
      "Long Term Capital Lease Obligation": 8471000000.0,
      "Long Term Debt": 48670000000.0,
      "Long Term Provisions": 14721000000.0,
      "Current Liabilities": 86078000000.0,
      "Current Debt And Capital Lease Obligation": 5934000000.0,
      "Current Capital Lease Obligation": 2650000000.0,
      "Current Debt": 3284000000.0,
      "Current Provisions": 4418000000.0,
      "Payables": 63887000000.0,
      "Other Payable": 16485000000.0,
      "Total Tax Payable": 4996000000.0,
      "Accounts Payable": 42406000000.0,
      "Total Assets": 280294000000.0,
      "Total Non Current Assets": 176148000000.0,
      "Defined Pension Benefit": 7948000000.0,
      "Non Current Prepaid Assets": 623000000.0,
      "Non Current Deferred Taxes Assets": 4268000000.0,
      "Financial Assets": 9980000000.0,
      "Other Investments": 73000000.0,
      "Investmentin Financial Assets": 2116000000.0,
      "Available For Sale Securities": 1177000000.0,
      "Financial Assets Designatedas Fair Value Through Profitor Loss Total": 939000000.0,
      "Long Term Equity Investment": 20249000000.0,
      "Investmentsin Joint Venturesat Cost": 12435000000.0,
      "Investmentsin Associatesat Cost": 7814000000.0,
      "Goodwill And Other Intangible Assets": 18135000000.0,
      "Other Intangible Assets": 5663000000.0,
      "Goodwill": 12472000000.0,
      "Net PPE": 109047000000.0,
      "Accumulated Depreciation": -169590000000.0,
      "Gross PPE": 278637000000.0,
      "Other Properties": 916000000.0,
      "Machinery Furniture Equipment": 55099000000.0,
      "Buildings And Improvements": 2235000000.0,
      "Land And Improvements": 3924000000.0,
      "Properties": 216463000000.0,
      "Current Assets": 104146000000.0,
      "Hedging Assets Current": 12583000000.0,
      "Assets Held For Sale Current": 151000000.0,
      "Restricted Cash": 5282000000.0,
      "Prepaid Assets": 2520000000.0,
      "Inventory": 22819000000.0,
      "Other Inventories": 464000000.0,
      "Finished Goods": 20900000000.0,
      "Raw Materials": 1455000000.0,
      "Other Receivables": 5160000000.0,
      "Taxes Receivable": 1865000000.0,
      "Accounts Receivable": 25175000000.0,
      "Cash Cash Equivalents And Short Term Investments": 28591000000.0,
      "Other Short Term Investments": 843000000.0,
      "Cash And Cash Equivalents": 27748000000.0
    },
    "2022-12-31T00:00:00": {
      "Treasury Shares Number": 940571000.0,
      "Preferred Shares Number": 12706000.0,
      "Ordinary Shares Number": 18157212000.0,
      "Share Issued": 19097783000.0,
      "Net Debt": 23615000000.0,
      "Total Debt": 55493000000.0,
      "Tangible Book Value": 49585000000.0,
      "Invested Capital": 114476000000.0,
      "Working Capital": 8670000000.0,
      "Net Tangible Assets": 49606000000.0,
      "Capital Lease Obligations": 8549000000.0,
      "Common Stock Equity": 67532000000.0,
      "Preferred Stock Equity": 21000000.0,
      "Total Capitalization": 111299000000.0,
      "Total Equity Gross Minority Interest": 82990000000.0,
      "Minority Interest": 15437000000.0,
      "Stockholders Equity": 67553000000.0,
      "Treasury Stock": 12153000000.0,
      "Retained Earnings": 34732000000.0,
      "Additional Paid In Capital": 15872000000.0,
      "Capital Stock": 4795000000.0,
      "Common Stock": 4774000000.0,
      "Preferred Stock": 21000000.0,
      "Total Liabilities Net Minority Interest": 205130000000.0,
      "Total Non Current Liabilities Net Minority Interest": 106112000000.0,
      "Derivative Product Liabilities": 13537000000.0,
      "Non Current Pension And Other Postretirement Benefit Plans": 5244000000.0,
      "Non Current Accrued Expenses": 1233000000.0,
      "Tradeand Other Payables Non Current": 10387000000.0,
      "Non Current Deferred Taxes Liabilities": 10526000000.0,
      "Long Term Debt And Capital Lease Obligation": 50193000000.0,
      "Long Term Capital Lease Obligation": 6447000000.0,
      "Long Term Debt": 43746000000.0,
      "Long Term Provisions": 14992000000.0,
      "Current Liabilities": 99018000000.0,
      "Current Debt And Capital Lease Obligation": 5300000000.0,
      "Current Capital Lease Obligation": 2102000000.0,
      "Current Debt": 3198000000.0,
      "Current Provisions": 6332000000.0,
      "Payables": 68049000000.0,
      "Other Payable": 14413000000.0,
      "Total Tax Payable": 6426000000.0,
      "Accounts Payable": 47210000000.0,
      "Total Assets": 288120000000.0,
      "Total Non Current Assets": 180432000000.0,
      "Defined Pension Benefit": 9269000000.0,
      "Non Current Prepaid Assets": 576000000.0,
      "Non Current Deferred Taxes Assets": 3908000000.0,
      "Financial Assets": 12841000000.0,
      "Other Investments": 108000000.0,
      "Investmentin Financial Assets": 2562000000.0,
      "Available For Sale Securities": 1040000000.0,
      "Financial Assets Designatedas Fair Value Through Profitor Loss Total": 1522000000.0,
      "Long Term Equity Investment": 20601000000.0,
      "Investmentsin Joint Venturesat Cost": 12400000000.0,
      "Investmentsin Associatesat Cost": 8201000000.0,
      "Goodwill And Other Intangible Assets": 17947000000.0,
      "Other Intangible Assets": 5987000000.0,
      "Goodwill": 11960000000.0,
      "Net PPE": 110257000000.0,
      "Accumulated Depreciation": -153817000000.0,
      "Gross PPE": 264074000000.0,
      "Other Properties": 926000000.0,
      "Machinery Furniture Equipment": 52280000000.0,
      "Buildings And Improvements": 2107000000.0,
      "Land And Improvements": 3513000000.0,
      "Properties": 205248000000.0,
      "Current Assets": 107688000000.0,
      "Hedging Assets Current": 11554000000.0,
      "Assets Held For Sale Current": 1242000000.0,
      "Restricted Cash": 5866000000.0,
      "Prepaid Assets": 2092000000.0,
      "Inventory": 28081000000.0,
      "Other Inventories": 436000000.0,
      "Finished Goods": 26357000000.0,
      "Raw Materials": 1288000000.0,
      "Other Receivables": 5059000000.0,
      "Taxes Receivable": 1658000000.0,
      "Accounts Receivable": 28229000000.0,
      "Cash Cash Equivalents And Short Term Investments": 23907000000.0,
      "Other Short Term Investments": 578000000.0,
      "Cash And Cash Equivalents": 23329000000.0
    },
    "2021-12-31T00:00:00": {
      "Treasury Shares Number": null,
      "Preferred Shares Number": 12706000.0,
      "Ordinary Shares Number": null,
      "Share Issued": null,
      "Net Debt": null,
      "Total Debt": null,
      "Tangible Book Value": null,
      "Invested Capital": null,
      "Working Capital": null,
      "Net Tangible Assets": null,
      "Capital Lease Obligations": null,
      "Common Stock Equity": null,
      "Preferred Stock Equity": 21000000.0,
      "Total Capitalization": null,
      "Total Equity Gross Minority Interest": null,
      "Minority Interest": null,
      "Stockholders Equity": null,
      "Treasury Stock": 12624000000.0,
      "Retained Earnings": 51815000000.0,
      "Additional Paid In Capital": 14450000000.0,
      "Capital Stock": 5215000000.0,
      "Common Stock": 5194000000.0,
      "Preferred Stock": 21000000.0,
      "Total Liabilities Net Minority Interest": null,
      "Total Non Current Liabilities Net Minority Interest": null,
      "Derivative Product Liabilities": null,
      "Non Current Pension And Other Postretirement Benefit Plans": null,
      "Non Current Accrued Expenses": null,
      "Tradeand Other Payables Non Current": null,
      "Non Current Deferred Taxes Liabilities": null,
      "Long Term Debt And Capital Lease Obligation": null,
      "Long Term Capital Lease Obligation": null,
      "Long Term Debt": null,
      "Long Term Provisions": null,
      "Current Liabilities": null,
      "Current Debt And Capital Lease Obligation": null,
      "Current Capital Lease Obligation": null,
      "Current Debt": null,
      "Current Provisions": null,
      "Payables": null,
      "Other Payable": 12576000000.0,
      "Total Tax Payable": null,
      "Accounts Payable": null,
      "Total Assets": null,
      "Total Non Current Assets": null,
      "Defined Pension Benefit": null,
      "Non Current Prepaid Assets": null,
      "Non Current Deferred Taxes Assets": null,
      "Financial Assets": null,
      "Other Investments": null,
      "Investmentin Financial Assets": 2397000000.0,
      "Available For Sale Securities": 717000000.0,
      "Financial Assets Designatedas Fair Value Through Profitor Loss Total": 1680000000.0,
      "Long Term Equity Investment": null,
      "Investmentsin Joint Venturesat Cost": null,
      "Investmentsin Associatesat Cost": null,
      "Goodwill And Other Intangible Assets": null,
      "Other Intangible Assets": null,
      "Goodwill": null,
      "Net PPE": null,
      "Accumulated Depreciation": -177736000000.0,
      "Gross PPE": 294927000000.0,
      "Other Properties": 617000000.0,
      "Machinery Furniture Equipment": 51829000000.0,
      "Buildings And Improvements": 2576000000.0,
      "Land And Improvements": 3713000000.0,
      "Properties": 236192000000.0,
      "Current Assets": null,
      "Hedging Assets Current": null,
      "Assets Held For Sale Current": null,
      "Restricted Cash": 4740000000.0,
      "Prepaid Assets": null,
      "Inventory": null,
      "Other Inventories": 290000000.0,
      "Finished Goods": 21896000000.0,
      "Raw Materials": 1525000000.0,
      "Other Receivables": null,
      "Taxes Receivable": null,
      "Accounts Receivable": null,
      "Cash Cash Equivalents And Short Term Investments": null,
      "Other Short Term Investments": null,
      "Cash And Cash Equivalents": null
    }
  },
  "cashflow": {
    "2025-12-31T00:00:00": {
      "Free Cash Flow": 11272000000.0,
      "Repurchase Of Capital Stock": -4486000000.0,
      "Repayment Of Debt": -5695000000.0,
      "Issuance Of Debt": 2724000000.0,
      "Capital Expenditure": -13221000000.0,
      "End Cash Position": 36624000000.0,
      "Beginning Cash Position": 39269000000.0,
      "Effect Of Exchange Rate Changes": 246000000.0,
      "Changes In Cash": -2891000000.0,
      "Financing Cash Flow": -15880000000.0,
      "Net Other Financing Charges": 576000000.0,
      "Cash Dividends Paid": -5059000000.0,
      "Preferred Stock Dividend Paid": null,
      "Common Stock Dividend Paid": null,
      "Net Common Stock Issuance": -4486000000.0,
      "Common Stock Payments": -4486000000.0,
      "Net Issuance Payments Of Debt": -3314000000.0,
      "Net Short Term Debt Issuance": -343000000.0,
      "Net Long Term Debt Issuance": -2971000000.0,
      "Long Term Debt Payments": -5695000000.0,
      "Long Term Debt Issuance": 2724000000.0,
      "Investing Cash Flow": -11504000000.0,
      "Net Business Purchase And Sale": 402000000.0,
      "Sale Of Business": 1714000000.0,
      "Purchase Of Business": -1312000000.0,
      "Net PPE Purchase And Sale": 1142000000.0,
      "Sale Of PPE": 1142000000.0,
      "Purchase Of PPE": null,
      "Capital Expenditure Reported": -13221000000.0,
      "Operating Cash Flow": 24493000000.0,
      "Taxes Refund Paid": -6589000000.0,
      "Interest Received Cfo": null,
      "Interest Paid Cfo": null,
      "Dividend Received Cfo": null,
      "Change In Working Capital": -4820000000.0,
      "Change In Other Current Liabilities": null,
      "Change In Other Current Assets": null,
      "Change In Inventory": null,
      "Other Non Cash Items": 1229000000.0,
      "Stock Based Compensation": 1077000000.0,
      "Provisionand Write Offof Assets": 1294000000.0,
      "Depreciation And Amortization": 18165000000.0,
      "Depreciation": 18165000000.0,
      "Pension And Employee Benefit Expense": -152000000.0,
      "Gain Loss On Investment Securities": null,
      "Net Income From Continuing Operations": 7746000000.0
    },
    "2024-12-31T00:00:00": {
      "Free Cash Flow": 12000000000.0,
      "Repurchase Of Capital Stock": -7127000000.0,
      "Repayment Of Debt": -2970000000.0,
      "Issuance Of Debt": 10656000000.0,
      "Capital Expenditure": -15297000000.0,
      "End Cash Position": 39269000000.0,
      "Beginning Cash Position": 33030000000.0,
      "Effect Of Exchange Rate Changes": -511000000.0,
      "Changes In Cash": 6750000000.0,
      "Financing Cash Flow": -7297000000.0,
      "Net Other Financing Charges": 3321000000.0,
      "Cash Dividends Paid": -5003000000.0,
      "Preferred Stock Dividend Paid": -1000000.0,
      "Common Stock Dividend Paid": -5002000000.0,
      "Net Common Stock Issuance": -7127000000.0,
      "Common Stock Payments": -7127000000.0,
      "Net Issuance Payments Of Debt": 4720000000.0,
      "Net Short Term Debt Issuance": -2966000000.0,
      "Net Long Term Debt Issuance": 7686000000.0,
      "Long Term Debt Payments": -2970000000.0,
      "Long Term Debt Issuance": 10656000000.0,
      "Investing Cash Flow": -13250000000.0,
      "Net Business Purchase And Sale": 1638000000.0,
      "Sale Of Business": 2631000000.0,
      "Purchase Of Business": -993000000.0,
      "Net PPE Purchase And Sale": 328000000.0,
      "Sale Of PPE": 328000000.0,
      "Purchase Of PPE": null,
      "Capital Expenditure Reported": -15297000000.0,
      "Operating Cash Flow": 27297000000.0,
      "Taxes Refund Paid": -8761000000.0,
      "Interest Received Cfo": 1450000000.0,
      "Interest Paid Cfo": -2811000000.0,
      "Dividend Received Cfo": 2023000000.0,
      "Change In Working Capital": 3975000000.0,
      "Change In Other Current Liabilities": -188000000.0,
      "Change In Other Current Assets": 3355000000.0,
      "Change In Inventory": 808000000.0,
      "Other Non Cash Items": 1642000000.0,
      "Stock Based Compensation": 1174000000.0,
      "Provisionand Write Offof Assets": -152000000.0,
      "Depreciation And Amortization": 17389000000.0,
      "Depreciation": 17389000000.0,
      "Pension And Employee Benefit Expense": -182000000.0,
      "Gain Loss On Investment Securities": null,
      "Net Income From Continuing Operations": 6782000000.0
    },
    "2023-12-31T00:00:00": {
      "Free Cash Flow": 17754000000.0,
      "Repurchase Of Capital Stock": -7918000000.0,
      "Repayment Of Debt": -3902000000.0,
      "Issuance Of Debt": 7568000000.0,
      "Capital Expenditure": -14285000000.0,
      "End Cash Position": 33030000000.0,
      "Beginning Cash Position": 29195000000.0,
      "Effect Of Exchange Rate Changes": 27000000.0,
      "Changes In Cash": 3808000000.0,
      "Financing Cash Flow": -13359000000.0,
      "Net Other Financing Charges": -474000000.0,
      "Cash Dividends Paid": -4809000000.0,
      "Preferred Stock Dividend Paid": -1000000.0,
      "Common Stock Dividend Paid": -4808000000.0,
      "Net Common Stock Issuance": -7918000000.0,
      "Common Stock Payments": -7918000000.0,
      "Net Issuance Payments Of Debt": 2805000000.0,
      "Net Short Term Debt Issuance": -861000000.0,
      "Net Long Term Debt Issuance": 3666000000.0,
      "Long Term Debt Payments": -3902000000.0,
      "Long Term Debt Issuance": 7568000000.0,
      "Investing Cash Flow": -14872000000.0,
      "Net Business Purchase And Sale": -775000000.0,
      "Sale Of Business": 1193000000.0,
      "Purchase Of Business": -1968000000.0,
      "Net PPE Purchase And Sale": 133000000.0,
      "Sale Of PPE": 133000000.0,
      "Purchase Of PPE": null,
      "Capital Expenditure Reported": -14285000000.0,
      "Operating Cash Flow": 32039000000.0,
      "Taxes Refund Paid": -10173000000.0,
      "Interest Received Cfo": 1119000000.0,
      "Interest Paid Cfo": -2950000000.0,
      "Dividend Received Cfo": 2092000000.0,
      "Change In Working Capital": -3338000000.0,
      "Change In Other Current Liabilities": -13592000000.0,
      "Change In Other Current Assets": 4620000000.0,
      "Change In Inventory": 5634000000.0,
      "Other Non Cash Items": 2334000000.0,
      "Stock Based Compensation": 616000000.0,
      "Provisionand Write Offof Assets": -2481000000.0,
      "Depreciation And Amortization": 15928000000.0,
      "Depreciation": 15928000000.0,
      "Pension And Employee Benefit Expense": -193000000.0,
      "Gain Loss On Investment Securities": -35000000.0,
      "Net Income From Continuing Operations": 23749000000.0
    },
    "2022-12-31T00:00:00": {
      "Free Cash Flow": 28863000000.0,
      "Repurchase Of Capital Stock": -9996000000.0,
      "Repayment Of Debt": -11697000000.0,
      "Issuance Of Debt": 2013000000.0,
      "Capital Expenditure": -12069000000.0,
      "End Cash Position": 29195000000.0,
      "Beginning Cash Position": 30681000000.0,
      "Effect Of Exchange Rate Changes": -684000000.0,
      "Changes In Cash": -802000000.0,
      "Financing Cash Flow": -28021000000.0,
      "Net Other Financing Charges": -336000000.0,
      "Cash Dividends Paid": -4358000000.0,
      "Preferred Stock Dividend Paid": -1000000.0,
      "Common Stock Dividend Paid": -4357000000.0,
      "Net Common Stock Issuance": -9996000000.0,
      "Common Stock Payments": -9996000000.0,
      "Net Issuance Payments Of Debt": -11076000000.0,
      "Net Short Term Debt Issuance": -1392000000.0,
      "Net Long Term Debt Issuance": -9684000000.0,
      "Long Term Debt Payments": -11697000000.0,
      "Long Term Debt Issuance": 2013000000.0,
      "Investing Cash Flow": -13713000000.0,
      "Net Business Purchase And Sale": -2420000000.0,
      "Sale Of Business": 1841000000.0,
      "Purchase Of Business": -4261000000.0,
      "Net PPE Purchase And Sale": 709000000.0,
      "Sale Of PPE": 709000000.0,
      "Purchase Of PPE": null,
      "Capital Expenditure Reported": -12069000000.0,
      "Operating Cash Flow": 40932000000.0,
      "Taxes Refund Paid": -10106000000.0,
      "Interest Received Cfo": 414000000.0,
      "Interest Paid Cfo": -2208000000.0,
      "Dividend Received Cfo": 1700000000.0,
      "Change In Working Capital": -6270000000.0,
      "Change In Other Current Liabilities": 17806000000.0,
      "Change In Other Current Assets": -18584000000.0,
      "Change In Inventory": -5492000000.0,
      "Other Non Cash Items": 2190000000.0,
      "Stock Based Compensation": 795000000.0,
      "Provisionand Write Offof Assets": 440000000.0,
      "Depreciation And Amortization": 14318000000.0,
      "Depreciation": 14318000000.0,
      "Pension And Employee Benefit Expense": -257000000.0,
      "Gain Loss On Investment Securities": 43000000.0,
      "Net Income From Continuing Operations": 15405000000.0
    },
    "2021-12-31T00:00:00": {
      "Free Cash Flow": null,
      "Repurchase Of Capital Stock": null,
      "Repayment Of Debt": null,
      "Issuance Of Debt": null,
      "Capital Expenditure": null,
      "End Cash Position": null,
      "Beginning Cash Position": null,
      "Effect Of Exchange Rate Changes": null,
      "Changes In Cash": null,
      "Financing Cash Flow": null,
      "Net Other Financing Charges": null,
      "Cash Dividends Paid": null,
      "Preferred Stock Dividend Paid": -2000000.0,
      "Common Stock Dividend Paid": -4302000000.0,
      "Net Common Stock Issuance": null,
      "Common Stock Payments": null,
      "Net Issuance Payments Of Debt": null,
      "Net Short Term Debt Issuance": null,
      "Net Long Term Debt Issuance": null,
      "Long Term Debt Payments": null,
      "Long Term Debt Issuance": null,
      "Investing Cash Flow": null,
      "Net Business Purchase And Sale": null,
      "Sale Of Business": null,
      "Purchase Of Business": null,
      "Net PPE Purchase And Sale": null,
      "Sale Of PPE": null,
      "Purchase Of PPE": -10887000000.0,
      "Capital Expenditure Reported": null,
      "Operating Cash Flow": null,
      "Taxes Refund Paid": null,
      "Interest Received Cfo": 320000000.0,
      "Interest Paid Cfo": -2474000000.0,
      "Dividend Received Cfo": 1842000000.0,
      "Change In Working Capital": null,
      "Change In Other Current Liabilities": 20095000000.0,
      "Change In Other Current Assets": -13263000000.0,
      "Change In Inventory": -7458000000.0,
      "Other Non Cash Items": null,
      "Stock Based Compensation": null,
      "Provisionand Write Offof Assets": null,
      "Depreciation And Amortization": null,
      "Depreciation": null,
      "Pension And Employee Benefit Expense": null,
      "Gain Loss On Investment Securities": 145000000.0,
      "Net Income From Continuing Operations": null
    }
  },
  "earnings_estimate": {
    "avg": {
      "0q": 0.12599,
      "+1q": 0.1306,
      "0y": 0.44173,
      "+1y": 0.50696
    },
    "low": {
      "0q": 0.09632,
      "+1q": 0.11,
      "0y": 0.32337,
      "+1y": 0.37
    },
    "high": {
      "0q": 0.14396,
      "+1q": 0.1654,
      "0y": 0.5691,
      "+1y": 0.682
    },
    "yearAgoEps": {
      "0q": 0.0875,
      "+1q": 0.1503,
      "0y": 0.4802,
      "+1y": 0.44173
    },
    "numberOfAnalysts": {
      "0q": 5,
      "+1q": 5,
      "0y": 21,
      "+1y": 20
    },
    "growth": {
      "0q": 0.4399,
      "+1q": -0.1311,
      "0y": -0.0801,
      "+1y": 0.14770001
    }
  },
  "revenue_estimate": {
    "avg": {
      "0q": 45442995820,
      "+1q": 45965459000,
      "0y": 173332894780,
      "+1y": 181057441950
    },
    "low": {
      "0q": 44513987460,
      "+1q": 44855376990,
      "0y": 141270000000,
      "+1y": 133828000000
    },
    "high": {
      "0q": 46025000000,
      "+1q": 47474000000,
      "0y": 199810000000,
      "+1y": 208683000000
    },
    "numberOfAnalysts": {
      "0q": 3,
      "+1q": 3,
      "0y": 10,
      "+1y": 10
    },
    "yearAgoRevenue": {
      "0q": 46905000000,
      "+1q": 46627000000,
      "0y": 189335000000,
      "+1y": 173332894780
    },
    "growth": {
      "0q": -0.0312,
      "+1q": -0.014199999,
      "0y": -0.0845,
      "+1y": 0.0446
    }
  },
  "growth_estimates": {
    "stockTrend": {
      "0q": 0.4399,
      "+1q": -0.1311,
      "0y": -0.0801,
      "+1y": 0.14770001,
      "LTG": null
    },
    "indexTrend": {
      "0q": 0.1273,
      "+1q": 0.103599995,
      "0y": 0.14310001,
      "+1y": 0.1557,
      "LTG": 0.122
    }
  },
  "revenue_forecasts": null,
  "dividend_rate": 0.24,
  "trailing_dividend_rate": 0.33
}