{
  "ticker": "BPE.MI",
  "name": "BPER Banca",
  "country": "italy",
  "currency": "EUR",
  "last_fetched": "2026-02-26T20:48:56.486601",
  "market_cap": 24152049664,
  "revenue": 5937082880,
  "net_income": 1818446976,
  "pe_ratio": 11.293578,
  "forward_pe": 10.026716,
  "dividend_yield": 9.02,
  "profit_margin": 0.30629,
  "roe": 0.12898,
  "debt_to_equity": null,
  "beta": 0.696,
  "ev_to_ebitda": null,
  "sector": "Financial Services",
  "industry": "Banks - Regional",
  "summary": "BPER Banca SpA provides banking products and services for individuals, and businesses and professionals in Italy and internationally. It offers current and saving accounts, loans, mortgages, insurance and social security, and digital banking and related services; cards; and investments and savings products and services. The company also provides financing and leasing, collection and payment, import and export, liquidity and investment management, digital, and other services. In addition, it offers wealth management services comprising portfolio management, consultancy, financial advice, and wealth advisory services; insurance investment products; and funds and SICAVs. The company was founded in 1867 and is headquartered in Modena, Italy.",
  "website": "https://www.bper.it",
  "employees": 22259,
  "target_high": 14.6,
  "target_low": 11.79,
  "target_mean": 13.6825,
  "target_median": 14.0,
  "recommendation": "strong_buy",
  "num_analysts": 12,
  "income_stmt": {
    "2024-12-31T00:00:00": {
      "Tax Effect Of Unusual Items": -111237585.2,
      "Tax Rate For Calcs": 0.2996,
      "Total Unusual Items": -371287000.0,
      "Total Unusual Items Excluding Goodwill": -371287000.0,
      "Net Income From Continuing Operation Net Minority Interest": 1402649000.0,
      "Reconciled Depreciation": 364645000.0,
      "Net Interest Income": 3376876000.0,
      "Interest Expense": 1636667000.0,
      "Interest Income": 5013543000.0,
      "Normalized Income": 1662698414.8,
      "Net Income From Continuing And Discontinued Operation": 1402649000.0,
      "Diluted Average Shares": 1415511825.0,
      "Basic Average Shares": 1415511825.0,
      "Diluted EPS": 0.990913,
      "Basic EPS": 0.990913,
      "Diluted NI Availto Com Stockholders": 1402649000.0,
      "Average Dilution Earnings": null,
      "Net Income Common Stockholders": 1402649000.0,
      "Net Income": 1402649000.0,
      "Minority Interests": -35861000.0,
      "Net Income Including Noncontrolling Interests": 1438510000.0,
      "Net Income Continuous Operations": 1438510000.0,
      "Tax Provision": 615470000.0,
      "Pretax Income": 2053980000.0,
      "Special Income Charges": -371879000.0,
      "Other Special Charges": 33874000.0,
      "Write Off": 6974000.0,
      "Impairment Of Capital Assets": 71913000.0,
      "Restructuring And Mergern Acquisition": 266092000.0,
      "Gain On Sale Of Security": -131027000.0,
      "Operating Expense": 3310492000.0,
      "Other Operating Expenses": 491569000.0,
      "Depreciation And Amortization In Income Statement": 292732000.0,
      "Amortization": 126992000.0,
      "Depreciation Income Statement": 165740000.0,
      "Selling General And Administration": 771947000.0,
      "Selling And Marketing Expense": 43997000.0,
      "General And Administrative Expense": 727950000.0,
      "Rent And Landing Fees": 104836000.0,
      "Total Revenue": 5988370000.0,
      "Operating Revenue": 5988370000.0
    },
    "2023-12-31T00:00:00": {
      "Tax Effect Of Unusual Items": -50789267.219941,
      "Tax Rate For Calcs": 0.100238,
      "Total Unusual Items": -506689000.0,
      "Total Unusual Items Excluding Goodwill": -506689000.0,
      "Net Income From Continuing Operation Net Minority Interest": 1519496000.0,
      "Reconciled Depreciation": 311220000.0,
      "Net Interest Income": 3251817000.0,
      "Interest Expense": 1510810000.0,
      "Interest Income": 4762627000.0,
      "Normalized Income": 2009769732.780059,
      "Net Income From Continuing And Discontinued Operation": 1519496000.0,
      "Diluted Average Shares": 1450441563.0,
      "Basic Average Shares": 1414727277.0,
      "Diluted EPS": 1.048,
      "Basic EPS": 1.074,
      "Diluted NI Availto Com Stockholders": 1519496000.0,
      "Average Dilution Earnings": 0.0,
      "Net Income Common Stockholders": 1519496000.0,
      "Net Income": 1519496000.0,
      "Minority Interests": -32273000.0,
      "Net Income Including Noncontrolling Interests": 1551769000.0,
      "Net Income Continuous Operations": 1551769000.0,
      "Tax Provision": 172874000.0,
      "Pretax Income": 1724643000.0,
      "Special Income Charges": -508025000.0,
      "Other Special Charges": 46168000.0,
      "Write Off": null,
      "Impairment Of Capital Assets": 61750000.0,
      "Restructuring And Mergern Acquisition": 365733000.0,
      "Gain On Sale Of Security": -118298000.0,
      "Operating Expense": 3296979000.0,
      "Other Operating Expenses": 512341000.0,
      "Depreciation And Amortization In Income Statement": 249470000.0,
      "Amortization": 97076000.0,
      "Depreciation Income Statement": 152394000.0,
      "Selling General And Administration": 816835000.0,
      "Selling And Marketing Expense": 41198000.0,
      "General And Administrative Expense": 775637000.0,
      "Rent And Landing Fees": 82669000.0,
      "Total Revenue": 5875090000.0,
      "Operating Revenue": 5875090000.0
    },
    "2022-12-31T00:00:00": {
      "Tax Effect Of Unusual Items": 226261680.0,
      "Tax Rate For Calcs": 0.24,
      "Total Unusual Items": 942757000.0,
      "Total Unusual Items Excluding Goodwill": 942757000.0,
      "Net Income From Continuing Operation Net Minority Interest": 1448975000.0,
      "Reconciled Depreciation": 257836000.0,
      "Net Interest Income": 1825893000.0,
      "Interest Expense": 433566000.0,
      "Interest Income": 2259459000.0,
      "Normalized Income": 732479680.0,
      "Net Income From Continuing And Discontinued Operation": 1448975000.0,
      "Diluted Average Shares": 1447626529.0,
      "Basic Average Shares": 1411912243.0,
      "Diluted EPS": 0.998,
      "Basic EPS": 1.026,
      "Diluted NI Availto Com Stockholders": 1445366000.0,
      "Average Dilution Earnings": -3609000.0,
      "Net Income Common Stockholders": 1448975000.0,
      "Net Income": 1448975000.0,
      "Minority Interests": -24905000.0,
      "Net Income Including Noncontrolling Interests": 1473880000.0,
      "Net Income Continuous Operations": 1473880000.0,
      "Tax Provision": -85785000.0,
      "Pretax Income": 1388095000.0,
      "Special Income Charges": 939158000.0,
      "Other Special Charges": -254801000.0,
      "Write Off": null,
      "Impairment Of Capital Assets": 42624000.0,
      "Restructuring And Mergern Acquisition": -726981000.0,
      "Gain On Sale Of Security": 16719000.0,
      "Operating Expense": 3239820000.0,
      "Other Operating Expenses": 551950000.0,
      "Depreciation And Amortization In Income Statement": 215212000.0,
      "Amortization": 71694000.0,
      "Depreciation Income Statement": 143518000.0,
      "Selling General And Administration": 913177000.0,
      "Selling And Marketing Expense": 27692000.0,
      "General And Administrative Expense": 885485000.0,
      "Rent And Landing Fees": 84404000.0,
      "Total Revenue": 4314167000.0,
      "Operating Revenue": 4314167000.0
    },
    "2021-12-31T00:00:00": {
      "Tax Effect Of Unusual Items": 90262600.446548,
      "Tax Rate For Calcs": 0.193719,
      "Total Unusual Items": 465947000.0,
      "Total Unusual Items Excluding Goodwill": 465947000.0,
      "Net Income From Continuing Operation Net Minority Interest": 525123000.0,
      "Reconciled Depreciation": 344572000.0,
      "Net Interest Income": 1505362000.0,
      "Interest Expense": 257384000.0,
      "Interest Income": 1762746000.0,
      "Normalized Income": 379804600.446548,
      "Net Income From Continuing And Discontinued Operation": 525123000.0,
      "Diluted Average Shares": 1448037867.0,
      "Basic Average Shares": 1412323581.0,
      "Diluted EPS": 0.363,
      "Basic EPS": 0.372,
      "Diluted NI Availto Com Stockholders": 525123000.0,
      "Average Dilution Earnings": 0.0,
      "Net Income Common Stockholders": 525123000.0,
      "Net Income": 525123000.0,
      "Minority Interests": -33526000.0,
      "Net Income Including Noncontrolling Interests": 558649000.0,
      "Net Income Continuous Operations": 558649000.0,
      "Tax Provision": 134222000.0,
      "Pretax Income": 692871000.0,
      "Special Income Charges": 465485000.0,
      "Other Special Charges": 34087000.0,
      "Write Off": null,
      "Impairment Of Capital Assets": 137811000.0,
      "Restructuring And Mergern Acquisition": -867749000.0,
      "Gain On Sale Of Security": 45148000.0,
      "Operating Expense": 2631367000.0,
      "Other Operating Expenses": 377956000.0,
      "Depreciation And Amortization In Income Statement": 206761000.0,
      "Amortization": 73734000.0,
      "Depreciation Income Statement": 133027000.0,
      "Selling General And Administration": 677019000.0,
      "Selling And Marketing Expense": 34370000.0,
      "General And Administrative Expense": 642649000.0,
      "Rent And Landing Fees": 89000000.0,
      "Total Revenue": 3703119000.0,
      "Operating Revenue": 3703119000.0
    }
  },
  "quarterly_income": {
    "2025-12-31T00:00:00": {
      "Tax Effect Of Unusual Items": null,
      "Tax Rate For Calcs": null,
      "Total Unusual Items": null,
      "Total Unusual Items Excluding Goodwill": null,
      "Net Income From Continuing Operation Net Minority Interest": null,
      "Reconciled Depreciation": null,
      "Net Interest Income": null,
      "Interest Expense": null,
      "Interest Income": null,
      "Normalized Income": null,
      "Net Income From Continuing And Discontinued Operation": null,
      "Diluted Average Shares": 1961985991.0,
      "Basic Average Shares": 1961985991.0,
      "Diluted EPS": 0.173236,
      "Basic EPS": 0.173236,
      "Diluted NI Availto Com Stockholders": null,
      "Net Income Common Stockholders": null,
      "Net Income": null,
      "Minority Interests": null,
      "Net Income Including Noncontrolling Interests": null,
      "Net Income Continuous Operations": null,
      "Tax Provision": null,
      "Pretax Income": null,
      "Special Income Charges": null,
      "Other Special Charges": null,
      "Impairment Of Capital Assets": null,
      "Restructuring And Mergern Acquisition": null,
      "Gain On Sale Of Security": null,
      "Operating Expense": null,
      "Other Operating Expenses": null,
      "Depreciation And Amortization In Income Statement": null,
      "Amortization": null,
      "Depreciation Income Statement": null,
      "Selling General And Administration": null,
      "Selling And Marketing Expense": null,
      "General And Administrative Expense": null,
      "Insurance And Claims": null,
      "Rent And Landing Fees": null,
      "Total Revenue": null,
      "Operating Revenue": null
    },
    "2025-09-30T00:00:00": {
      "Tax Effect Of Unusual Items": -2262102.60181,
      "Tax Rate For Calcs": 0.310345,
      "Total Unusual Items": -7289000.0,
      "Total Unusual Items Excluding Goodwill": -7289000.0,
      "Net Income From Continuing Operation Net Minority Interest": 575092000.0,
      "Reconciled Depreciation": 97871000.0,
      "Net Interest Income": 1099417000.0,
      "Interest Expense": 424271000.0,
      "Interest Income": 1523688000.0,
      "Normalized Income": 580118897.39819,
      "Net Income From Continuing And Discontinued Operation": 575092000.0,
      "Diluted Average Shares": 1963569416.0,
      "Basic Average Shares": 1963569416.0,
      "Diluted EPS": 0.292881,
      "Basic EPS": 0.292881,
      "Diluted NI Availto Com Stockholders": 575092000.0,
      "Net Income Common Stockholders": 575092000.0,
      "Net Income": 575092000.0,
      "Minority Interests": -39255000.0,
      "Net Income Including Noncontrolling Interests": 614347000.0,
      "Net Income Continuous Operations": 614347000.0,
      "Tax Provision": 276456000.0,
      "Pretax Income": 890803000.0,
      "Special Income Charges": -7289000.0,
      "Other Special Charges": null,
      "Impairment Of Capital Assets": -143000.0,
      "Restructuring And Mergern Acquisition": 20508000.0,
      "Gain On Sale Of Security": -22381000.0,
      "Operating Expense": 929648000.0,
      "Other Operating Expenses": 139650000.0,
      "Depreciation And Amortization In Income Statement": 97871000.0,
      "Amortization": 43982000.0,
      "Depreciation Income Statement": 53889000.0,
      "Selling General And Administration": 200252000.0,
      "Selling And Marketing Expense": 10298000.0,
      "General And Administrative Expense": 189954000.0,
      "Insurance And Claims": null,
      "Rent And Landing Fees": 25783000.0,
      "Total Revenue": 1943835018.0,
      "Operating Revenue": 1943835018.0
    },
    "2025-06-30T00:00:00": {
      "Tax Effect Of Unusual Items": -9241702.680532,
      "Tax Rate For Calcs": 0.325573,
      "Total Unusual Items": -28386000.0,
      "Total Unusual Items Excluding Goodwill": -28386000.0,
      "Net Income From Continuing Operation Net Minority Interest": 460543000.0,
      "Reconciled Depreciation": 77045000.0,
      "Net Interest Income": 814142000.0,
      "Interest Expense": 278848000.0,
      "Interest Income": 1092990000.0,
      "Normalized Income": 479687297.319468,
      "Net Income From Continuing And Discontinued Operation": 460543000.0,
      "Diluted Average Shares": 1420784975.0,
      "Basic Average Shares": 1420784975.0,
      "Diluted EPS": 0.324147,
      "Basic EPS": 0.324147,
      "Diluted NI Availto Com Stockholders": 460543000.0,
      "Net Income Common Stockholders": 460543000.0,
      "Net Income": 460543000.0,
      "Minority Interests": -8091000.0,
      "Net Income Including Noncontrolling Interests": 468634000.0,
      "Net Income Continuous Operations": 468634000.0,
      "Tax Provision": 226228000.0,
      "Pretax Income": 694862000.0,
      "Special Income Charges": -28386000.0,
      "Other Special Charges": null,
      "Impairment Of Capital Assets": -2066000.0,
      "Restructuring And Mergern Acquisition": 17376000.0,
      "Gain On Sale Of Security": -48626000.0,
      "Operating Expense": 734276000.0,
      "Other Operating Expenses": 93094000.0,
      "Depreciation And Amortization In Income Statement": 77045000.0,
      "Amortization": 35804000.0,
      "Depreciation Income Statement": 41241000.0,
      "Selling General And Administration": 148128000.0,
      "Selling And Marketing Expense": 10965000.0,
      "General And Administrative Expense": 137163000.0,
      "Insurance And Claims": null,
      "Rent And Landing Fees": 22929000.0,
      "Total Revenue": 1515481000.0,
      "Operating Revenue": 1515481000.0
    },
    "2025-03-31T00:00:00": {
      "Tax Effect Of Unusual Items": -5819247.478907,
      "Tax Rate For Calcs": 0.330002,
      "Total Unusual Items": -17634000.0,
      "Total Unusual Items Excluding Goodwill": -17634000.0,
      "Net Income From Continuing Operation Net Minority Interest": 442926000.0,
      "Reconciled Depreciation": 73731000.0,
      "Net Interest Income": 811876000.0,
      "Interest Expense": 315940000.0,
      "Interest Income": 1127816000.0,
      "Normalized Income": 454740752.521093,
      "Net Income From Continuing And Discontinued Operation": 442926000.0,
      "Diluted Average Shares": 1447470588.0,
      "Basic Average Shares": 1415099042.0,
      "Diluted EPS": 0.306,
      "Basic EPS": 0.313,
      "Diluted NI Availto Com Stockholders": 442926000.0,
      "Net Income Common Stockholders": 442926000.0,
      "Net Income": 442926000.0,
      "Minority Interests": -8529000.0,
      "Net Income Including Noncontrolling Interests": 451455000.0,
      "Net Income Continuous Operations": 451455000.0,
      "Tax Provision": 222360000.0,
      "Pretax Income": 673815000.0,
      "Special Income Charges": -17634000.0,
      "Other Special Charges": -141000.0,
      "Impairment Of Capital Assets": -141000.0,
      "Restructuring And Mergern Acquisition": 17775000.0,
      "Gain On Sale Of Security": -53034000.0,
      "Operating Expense": 765994000.0,
      "Other Operating Expenses": 120940000.0,
      "Depreciation And Amortization In Income Statement": 73731000.0,
      "Amortization": 33744000.0,
      "Depreciation Income Statement": 39987000.0,
      "Selling General And Administration": 145748000.0,
      "Selling And Marketing Expense": 6243000.0,
      "General And Administrative Expense": 139505000.0,
      "Insurance And Claims": null,
      "Rent And Landing Fees": 29298000.0,
      "Total Revenue": 1524228000.0,
      "Operating Revenue": 1524228000.0
    },
    "2024-12-31T00:00:00": {
      "Tax Effect Of Unusual Items": -5794457.708757,
      "Tax Rate For Calcs": 0.292649,
      "Total Unusual Items": -19800000.0,
      "Total Unusual Items Excluding Goodwill": -19800000.0,
      "Net Income From Continuing Operation Net Minority Interest": 265614000.0,
      "Reconciled Depreciation": 128772000.0,
      "Net Interest Income": 853651000.0,
      "Interest Expense": null,
      "Interest Income": 853651000.0,
      "Normalized Income": 279619542.291243,
      "Net Income From Continuing And Discontinued Operation": 265614000.0,
      "Diluted Average Shares": 1415511825.0,
      "Basic Average Shares": 1415511825.0,
      "Diluted EPS": 0.187645,
      "Basic EPS": 0.187645,
      "Diluted NI Availto Com Stockholders": 265614000.0,
      "Net Income Common Stockholders": 265614000.0,
      "Net Income": 265614000.0,
      "Minority Interests": -6948000.0,
      "Net Income Including Noncontrolling Interests": 272562000.0,
      "Net Income Continuous Operations": 272562000.0,
      "Tax Provision": 112766000.0,
      "Pretax Income": 385328000.0,
      "Special Income Charges": -19800000.0,
      "Other Special Charges": null,
      "Impairment Of Capital Assets": null,
      "Restructuring And Mergern Acquisition": 19800000.0,
      "Gain On Sale Of Security": -108124000.0,
      "Operating Expense": 843489000.0,
      "Other Operating Expenses": 44914000.0,
      "Depreciation And Amortization In Income Statement": 128772000.0,
      "Amortization": null,
      "Depreciation Income Statement": 128772000.0,
      "Selling General And Administration": 227824000.0,
      "Selling And Marketing Expense": null,
      "General And Administrative Expense": 227824000.0,
      "Insurance And Claims": 2110000.0,
      "Rent And Landing Fees": null,
      "Total Revenue": 1326876000.0,
      "Operating Revenue": 1326876000.0
    },
    "2024-09-30T00:00:00": {
      "Tax Effect Of Unusual Items": -3530237.174284,
      "Tax Rate For Calcs": 0.32,
      "Total Unusual Items": -11032000.0,
      "Total Unusual Items Excluding Goodwill": -11032000.0,
      "Net Income From Continuing Operation Net Minority Interest": 412863000.0,
      "Reconciled Depreciation": 73569000.0,
      "Net Interest Income": 840753000.0,
      "Interest Expense": 403648000.0,
      "Interest Income": 1244401000.0,
      "Normalized Income": 420364762.825716,
      "Net Income From Continuing And Discontinued Operation": 412863000.0,
      "Diluted Average Shares": null,
      "Basic Average Shares": null,
      "Diluted EPS": null,
      "Basic EPS": null,
      "Diluted NI Availto Com Stockholders": 412863000.0,
      "Net Income Common Stockholders": 412863000.0,
      "Net Income": 412863000.0,
      "Minority Interests": -11908000.0,
      "Net Income Including Noncontrolling Interests": 424771000.0,
      "Net Income Continuous Operations": 424771000.0,
      "Tax Provision": 199892000.0,
      "Pretax Income": 624663000.0,
      "Special Income Charges": -11032000.0,
      "Other Special Charges": -7151000.0,
      "Impairment Of Capital Assets": -391000.0,
      "Restructuring And Mergern Acquisition": 18183000.0,
      "Gain On Sale Of Security": -102239000.0,
      "Operating Expense": 754832000.0,
      "Other Operating Expenses": 130121000.0,
      "Depreciation And Amortization In Income Statement": 73569000.0,
      "Amortization": 30592000.0,
      "Depreciation Income Statement": 42977000.0,
      "Selling General And Administration": 153523000.0,
      "Selling And Marketing Expense": 7355000.0,
      "General And Administrative Expense": 146168000.0,
      "Insurance And Claims": 10000.0,
      "Rent And Landing Fees": 20118000.0,
      "Total Revenue": 1465073000.0,
      "Operating Revenue": 1465073000.0
    },
    "2024-06-30T00:00:00": {
      "Tax Effect Of Unusual Items": null,
      "Tax Rate For Calcs": null,
      "Total Unusual Items": null,
      "Total Unusual Items Excluding Goodwill": null,
      "Net Income From Continuing Operation Net Minority Interest": null,
      "Reconciled Depreciation": null,
      "Net Interest Income": null,
      "Interest Expense": 430443000.0,
      "Interest Income": null,
      "Normalized Income": null,
      "Net Income From Continuing And Discontinued Operation": null,
      "Diluted Average Shares": null,
      "Basic Average Shares": null,
      "Diluted EPS": null,
      "Basic EPS": null,
      "Diluted NI Availto Com Stockholders": null,
      "Net Income Common Stockholders": null,
      "Net Income": null,
      "Minority Interests": null,
      "Net Income Including Noncontrolling Interests": null,
      "Net Income Continuous Operations": null,
      "Tax Provision": null,
      "Pretax Income": null,
      "Special Income Charges": null,
      "Other Special Charges": 5682000.0,
      "Impairment Of Capital Assets": -1078000.0,
      "Restructuring And Mergern Acquisition": null,
      "Gain On Sale Of Security": null,
      "Operating Expense": null,
      "Other Operating Expenses": null,
      "Depreciation And Amortization In Income Statement": null,
      "Amortization": 28652000.0,
      "Depreciation Income Statement": null,
      "Selling General And Administration": null,
      "Selling And Marketing Expense": null,
      "General And Administrative Expense": null,
      "Insurance And Claims": null,
      "Rent And Landing Fees": null,
      "Total Revenue": null,
      "Operating Revenue": null
    }
  },
  "balance_sheet": {
    "2024-12-31T00:00:00": {
      "Treasury Shares Number": 6112499.0,
      "Ordinary Shares Number": 1415511825.0,
      "Share Issued": 1421624324.0,
      "Net Debt": 10463659000.0,
      "Total Debt": 19868569000.0,
      "Tangible Book Value": 10643104000.0,
      "Invested Capital": 30809363000.0,
      "Net Tangible Assets": 10643104000.0,
      "Common Stock Equity": 11353867000.0,
      "Total Capitalization": 30809363000.0,
      "Total Equity Gross Minority Interest": 11564280000.0,
      "Minority Interest": 210413000.0,
      "Stockholders Equity": 11353867000.0,
      "Other Equity Interest": 1115596000.0,
      "Treasury Stock": 32035000.0,
      "Retained Earnings": 1402649000.0,
      "Additional Paid In Capital": 1244576000.0,
      "Capital Stock": 2121637000.0,
      "Common Stock": 2121637000.0,
      "Total Liabilities Net Minority Interest": 129027152000.0,
      "Derivative Product Liabilities": 368681000.0,
      "Long Term Debt And Capital Lease Obligation": 19868569000.0,
      "Payables": 3794668000.0,
      "Other Payable": 1897984000.0,
      "Total Tax Payable": 328612000.0,
      "Accounts Payable": 1568072000.0,
      "Total Assets": 140591432000.0,
      "Investments And Advances": 30153263000.0,
      "Investmentin Financial Assets": 29850769000.0,
      "Available For Sale Securities": 27724468000.0,
      "Financial Assets Designatedas Fair Value Through Profitor Loss Total": 812239000.0,
      "Trading Securities": 88930000.0,
      "Long Term Equity Investment": 302494000.0,
      "Investment Properties": 436418000.0,
      "Goodwill And Other Intangible Assets": 710763000.0,
      "Other Intangible Assets": 540745000.0,
      "Goodwill": 170018000.0,
      "Net PPE": 2065773000.0,
      "Gross PPE": 2065773000.0,
      "Other Properties": 620916000.0,
      "Machinery Furniture Equipment": 73489000.0,
      "Buildings And Improvements": 657301000.0,
      "Land And Improvements": 714067000.0,
      "Receivables": 145444000.0,
      "Taxes Receivable": 5265770000.0,
      "Cash And Cash Equivalents": 8991837000.0,
      "Cash Financial": 824913000.0,
      "Cash Cash Equivalents And Federal Funds Sold": 9335241000.0
    },
    "2023-12-31T00:00:00": {
      "Treasury Shares Number": 678397.0,
      "Ordinary Shares Number": 1415172121.0,
      "Share Issued": 1415850518.0,
      "Net Debt": 6439664000.0,
      "Total Debt": 17964077000.0,
      "Tangible Book Value": 8717168000.0,
      "Invested Capital": 27001784000.0,
      "Net Tangible Assets": 8717168000.0,
      "Common Stock Equity": 9366149000.0,
      "Total Capitalization": 27001784000.0,
      "Total Equity Gross Minority Interest": 9565477000.0,
      "Minority Interest": 199328000.0,
      "Stockholders Equity": 9366149000.0,
      "Other Equity Interest": 150000000.0,
      "Treasury Stock": 2250000.0,
      "Retained Earnings": 1519496000.0,
      "Additional Paid In Capital": 1236525000.0,
      "Capital Stock": 2104316000.0,
      "Common Stock": 2104316000.0,
      "Total Liabilities Net Minority Interest": 132562882000.0,
      "Derivative Product Liabilities": 412328000.0,
      "Long Term Debt And Capital Lease Obligation": 17964077000.0,
      "Payables": 5450385000.0,
      "Other Payable": 3362346000.0,
      "Total Tax Payable": 279008000.0,
      "Accounts Payable": 1809031000.0,
      "Total Assets": 142128359000.0,
      "Investments And Advances": 30334466000.0,
      "Investmentin Financial Assets": 29912420000.0,
      "Available For Sale Securities": 27353206000.0,
      "Financial Assets Designatedas Fair Value Through Profitor Loss Total": 764050000.0,
      "Trading Securities": 70913000.0,
      "Long Term Equity Investment": 422046000.0,
      "Investment Properties": 494027000.0,
      "Goodwill And Other Intangible Assets": 648981000.0,
      "Other Intangible Assets": 478963000.0,
      "Goodwill": 170018000.0,
      "Net PPE": 1962823000.0,
      "Gross PPE": 1962823000.0,
      "Other Properties": 502411000.0,
      "Machinery Furniture Equipment": 73097000.0,
      "Buildings And Improvements": 685974000.0,
      "Land And Improvements": 701341000.0,
      "Receivables": 151136000.0,
      "Taxes Receivable": 5620689000.0,
      "Cash And Cash Equivalents": 11195971000.0,
      "Cash Financial": 808410000.0,
      "Cash Cash Equivalents And Federal Funds Sold": 11498682000.0
    },
    "2022-12-31T00:00:00": {
      "Treasury Shares Number": 1714504.0,
      "Ordinary Shares Number": 1414136014.0,
      "Share Issued": 1415850518.0,
      "Net Debt": null,
      "Total Debt": 10024342000.0,
      "Tangible Book Value": 7376671000.0,
      "Invested Capital": 17595391000.0,
      "Net Tangible Assets": 7376671000.0,
      "Common Stock Equity": 7940173000.0,
      "Total Capitalization": 17595391000.0,
      "Total Equity Gross Minority Interest": 8120529000.0,
      "Minority Interest": 180356000.0,
      "Stockholders Equity": 7940173000.0,
      "Other Equity Interest": 150000000.0,
      "Treasury Stock": 5678000.0,
      "Retained Earnings": 1448975000.0,
      "Additional Paid In Capital": 1237276000.0,
      "Capital Stock": 2104316000.0,
      "Common Stock": 2104316000.0,
      "Total Liabilities Net Minority Interest": 144182265000.0,
      "Derivative Product Liabilities": 703241000.0,
      "Long Term Debt And Capital Lease Obligation": 10024342000.0,
      "Payables": 6003408000.0,
      "Other Payable": 3365935000.0,
      "Total Tax Payable": 267112000.0,
      "Accounts Payable": 2370361000.0,
      "Total Assets": 152302794000.0,
      "Investments And Advances": 33061897000.0,
      "Investmentin Financial Assets": 32685739000.0,
      "Available For Sale Securities": 29425246000.0,
      "Financial Assets Designatedas Fair Value Through Profitor Loss Total": 744480000.0,
      "Trading Securities": 114175000.0,
      "Long Term Equity Investment": 376158000.0,
      "Investment Properties": 452346000.0,
      "Goodwill And Other Intangible Assets": 563502000.0,
      "Other Intangible Assets": 359110000.0,
      "Goodwill": 204392000.0,
      "Net PPE": 2093949000.0,
      "Gross PPE": 2093949000.0,
      "Other Properties": 529870000.0,
      "Machinery Furniture Equipment": 72755000.0,
      "Buildings And Improvements": 763173000.0,
      "Land And Improvements": 728151000.0,
      "Receivables": 143192000.0,
      "Taxes Receivable": 3128165000.0,
      "Cash And Cash Equivalents": 15434129000.0,
      "Cash Financial": 824620000.0,
      "Cash Cash Equivalents And Federal Funds Sold": 15797085000.0
    },
    "2021-12-31T00:00:00": {
      "Treasury Shares Number": 2176328.0,
      "Ordinary Shares Number": 1411087184.0,
      "Share Issued": 1413263512.0,
      "Net Debt": 3454123000.0,
      "Total Debt": 7330131000.0,
      "Tangible Book Value": 6237115000.0,
      "Invested Capital": 13696085000.0,
      "Net Tangible Assets": 6237115000.0,
      "Common Stock Equity": 6696312000.0,
      "Total Capitalization": 13696085000.0,
      "Total Equity Gross Minority Interest": 6858809000.0,
      "Minority Interest": 162497000.0,
      "Stockholders Equity": 6696312000.0,
      "Other Equity Interest": 150000000.0,
      "Treasury Stock": 9552000.0,
      "Retained Earnings": 525123000.0,
      "Additional Paid In Capital": 1240428000.0,
      "Capital Stock": 2100435000.0,
      "Common Stock": 2100435000.0,
      "Total Liabilities Net Minority Interest": 129489064000.0,
      "Derivative Product Liabilities": 373135000.0,
      "Long Term Debt And Capital Lease Obligation": 7330131000.0,
      "Payables": 2558806000.0,
      "Other Payable": 1201641000.0,
      "Total Tax Payable": 258865000.0,
      "Accounts Payable": 1098300000.0,
      "Total Assets": 136347873000.0,
      "Investments And Advances": 28913136000.0,
      "Investmentin Financial Assets": 28672602000.0,
      "Available For Sale Securities": 27330916000.0,
      "Financial Assets Designatedas Fair Value Through Profitor Loss Total": 839857000.0,
      "Trading Securities": 183361000.0,
      "Long Term Equity Investment": 240534000.0,
      "Investment Properties": 297508000.0,
      "Goodwill And Other Intangible Assets": 459197000.0,
      "Other Intangible Assets": 254805000.0,
      "Goodwill": 204392000.0,
      "Net PPE": 1647492000.0,
      "Gross PPE": 1647492000.0,
      "Other Properties": 504650000.0,
      "Machinery Furniture Equipment": 46349000.0,
      "Buildings And Improvements": 622385000.0,
      "Land And Improvements": 474108000.0,
      "Receivables": 106391000.0,
      "Taxes Receivable": 778086000.0,
      "Cash And Cash Equivalents": 21772398000.0,
      "Cash Financial": 706790000.0,
      "Cash Cash Equivalents And Federal Funds Sold": 22243078000.0
    }
  },
  "cashflow": {
    "2024-12-31T00:00:00": {
      "Free Cash Flow": -2853494000.0,
      "Repurchase Of Capital Stock": null,
      "Issuance Of Capital Stock": null,
      "Capital Expenditure": -358097000.0,
      "End Cash Position": 7887900000.0,
      "Beginning Cash Position": 10085595000.0,
      "Effect Of Exchange Rate Changes": -338000.0,
      "Changes In Cash": -2197357000.0,
      "Financing Cash Flow": 513328000.0,
      "Net Other Financing Charges": 989846000.0,
      "Cash Dividends Paid": -447855000.0,
      "Common Stock Dividend Paid": -447855000.0,
      "Net Common Stock Issuance": 961183000.0,
      "Common Stock Payments": null,
      "Common Stock Issuance": null,
      "Investing Cash Flow": -215288000.0,
      "Net Business Purchase And Sale": 106125000.0,
      "Sale Of Business": 106175000.0,
      "Purchase Of Business": -50000.0,
      "Net Intangibles Purchase And Sale": -222428000.0,
      "Purchase Of Intangibles": -222428000.0,
      "Net PPE Purchase And Sale": -98985000.0,
      "Sale Of PPE": 36684000.0,
      "Purchase Of PPE": -135669000.0,
      "Operating Cash Flow": -2495397000.0,
      "Change In Working Capital": -5514246000.0,
      "Other Non Cash Items": 115679000.0,
      "Provisionand Write Offof Assets": 803070000.0,
      "Deferred Tax": 425850000.0,
      "Depreciation And Amortization": 364645000.0,
      "Depreciation": 364645000.0,
      "Gain Loss On Investment Securities": -93044000.0,
      "Net Income From Continuing Operations": 1402649000.0
    },
    "2023-12-31T00:00:00": {
      "Free Cash Flow": -3801060000.0,
      "Repurchase Of Capital Stock": null,
      "Issuance Of Capital Stock": null,
      "Capital Expenditure": -381516000.0,
      "End Cash Position": 10085595000.0,
      "Beginning Cash Position": 13997441000.0,
      "Effect Of Exchange Rate Changes": 149000.0,
      "Changes In Cash": -3911995000.0,
      "Financing Cash Flow": -178373000.0,
      "Net Other Financing Charges": null,
      "Cash Dividends Paid": -181050000.0,
      "Common Stock Dividend Paid": -181050000.0,
      "Net Common Stock Issuance": 2677000.0,
      "Common Stock Payments": null,
      "Common Stock Issuance": null,
      "Investing Cash Flow": -314078000.0,
      "Net Business Purchase And Sale": -3845000.0,
      "Sale Of Business": 5000.0,
      "Purchase Of Business": -3850000.0,
      "Net Intangibles Purchase And Sale": -225718000.0,
      "Purchase Of Intangibles": -225718000.0,
      "Net PPE Purchase And Sale": -84515000.0,
      "Sale Of PPE": 71283000.0,
      "Purchase Of PPE": -155798000.0,
      "Operating Cash Flow": -3419544000.0,
      "Change In Working Capital": -6521654000.0,
      "Other Non Cash Items": -16720000.0,
      "Provisionand Write Offof Assets": 983020000.0,
      "Deferred Tax": 466577000.0,
      "Depreciation And Amortization": 311220000.0,
      "Depreciation": 311220000.0,
      "Gain Loss On Investment Securities": -161483000.0,
      "Net Income From Continuing Operations": 1519496000.0
    },
    "2022-12-31T00:00:00": {
      "Free Cash Flow": 12459409000.0,
      "Repurchase Of Capital Stock": null,
      "Issuance Of Capital Stock": 5771000.0,
      "Capital Expenditure": -334586000.0,
      "End Cash Position": 13997441000.0,
      "Beginning Cash Position": 1306282000.0,
      "Effect Of Exchange Rate Changes": -265000.0,
      "Changes In Cash": 12691424000.0,
      "Financing Cash Flow": -85502000.0,
      "Net Other Financing Charges": null,
      "Cash Dividends Paid": -91273000.0,
      "Common Stock Dividend Paid": -91273000.0,
      "Net Common Stock Issuance": 5771000.0,
      "Common Stock Payments": null,
      "Common Stock Issuance": 5771000.0,
      "Investing Cash Flow": -17069000.0,
      "Net Business Purchase And Sale": 275957000.0,
      "Sale Of Business": 279233000.0,
      "Purchase Of Business": -3276000.0,
      "Net Intangibles Purchase And Sale": -170529000.0,
      "Purchase Of Intangibles": -170529000.0,
      "Net PPE Purchase And Sale": -122497000.0,
      "Sale Of PPE": 41560000.0,
      "Purchase Of PPE": -164057000.0,
      "Operating Cash Flow": 12793995000.0,
      "Change In Working Capital": 10927603000.0,
      "Other Non Cash Items": -960809000.0,
      "Provisionand Write Offof Assets": 1067466000.0,
      "Deferred Tax": 36011000.0,
      "Depreciation And Amortization": 257836000.0,
      "Depreciation": 257836000.0,
      "Gain Loss On Investment Securities": 16913000.0,
      "Net Income From Continuing Operations": 1448975000.0
    },
    "2021-12-31T00:00:00": {
      "Free Cash Flow": 1018668000.0,
      "Repurchase Of Capital Stock": -3062000.0,
      "Issuance Of Capital Stock": null,
      "Capital Expenditure": -246234000.0,
      "End Cash Position": 1306282000.0,
      "Beginning Cash Position": 849102000.0,
      "Effect Of Exchange Rate Changes": -463000.0,
      "Changes In Cash": 457643000.0,
      "Financing Cash Flow": -64134000.0,
      "Net Other Financing Charges": null,
      "Cash Dividends Paid": -61072000.0,
      "Common Stock Dividend Paid": -61072000.0,
      "Net Common Stock Issuance": -3062000.0,
      "Common Stock Payments": -3062000.0,
      "Common Stock Issuance": null,
      "Investing Cash Flow": -743125000.0,
      "Net Business Purchase And Sale": -521941000.0,
      "Sale Of Business": 75000.0,
      "Purchase Of Business": -522016000.0,
      "Net Intangibles Purchase And Sale": -97389000.0,
      "Purchase Of Intangibles": -97389000.0,
      "Net PPE Purchase And Sale": -123795000.0,
      "Sale Of PPE": 25050000.0,
      "Purchase Of PPE": -148845000.0,
      "Operating Cash Flow": 1264902000.0,
      "Change In Working Capital": -35344000.0,
      "Other Non Cash Items": -1138672000.0,
      "Provisionand Write Offof Assets": 1458796000.0,
      "Deferred Tax": 174349000.0,
      "Depreciation And Amortization": 344572000.0,
      "Depreciation": 344572000.0,
      "Gain Loss On Investment Securities": -63922000.0,
      "Net Income From Continuing Operations": 525123000.0
    }
  },
  "earnings_estimate": {
    "avg": {
      "0q": null,
      "+1q": null,
      "0y": 1.14524,
      "+1y": 1.22772
    },
    "low": {
      "0q": null,
      "+1q": null,
      "0y": 1.07,
      "+1y": 1.02
    },
    "high": {
      "0q": null,
      "+1q": null,
      "0y": 1.26357,
      "+1y": 1.32279
    },
    "numberOfAnalysts": {
      "0q": null,
      "+1q": null,
      "0y": 10.0,
      "+1y": 11.0
    },
    "yearAgoEps": {
      "0q": null,
      "+1q": null,
      "0y": null,
      "+1y": 1.14524
    },
    "growth": {
      "0q": null,
      "+1q": null,
      "0y": null,
      "+1y": 0.072
    }
  },
  "revenue_estimate": {
    "avg": {
      "0q": 0,
      "+1q": 0,
      "0y": 7548557280,
      "+1y": 7730379060
    },
    "low": {
      "0q": 0,
      "+1q": 0,
      "0y": 7437979860,
      "+1y": 7505000000
    },
    "high": {
      "0q": 0,
      "+1q": 0,
      "0y": 7633317790,
      "+1y": 7895000000
    },
    "numberOfAnalysts": {
      "0q": 0,
      "+1q": 0,
      "0y": 8,
      "+1y": 9
    },
    "yearAgoRevenue": {
      "0q": null,
      "+1q": null,
      "0y": 6589300000.0,
      "+1y": 7548557280.0
    },
    "growth": {
      "0q": null,
      "+1q": null,
      "0y": 0.1456,
      "+1y": 0.0241
    }
  },
  "growth_estimates": {
    "stockTrend": {
      "0q": null,
      "+1q": null,
      "0y": null,
      "+1y": 0.072,
      "LTG": null
    },
    "indexTrend": {
      "0q": 0.1273,
      "+1q": 0.103599995,
      "0y": 0.14310001,
      "+1y": 0.1557,
      "LTG": 0.122
    }
  },
  "revenue_forecasts": null,
  "dividend_rate": 1.1,
  "trailing_dividend_rate": 0.65
}