{
  "ticker": "BRK-B",
  "name": "Berkshire Hathaway",
  "country": "usa",
  "currency": "USD",
  "last_fetched": "2026-02-26T20:44:57.112359",
  "market_cap": 1084384346112,
  "revenue": 372127989760,
  "net_income": 67463000064,
  "pe_ratio": 16.074512,
  "forward_pe": 20.86522,
  "dividend_yield": null,
  "profit_margin": 0.18129,
  "roe": 0.1017,
  "debt_to_equity": 18.166,
  "beta": 0.702,
  "ev_to_ebitda": -2.421,
  "sector": "Financial Services",
  "industry": "Insurance - Diversified",
  "summary": "Berkshire Hathaway Inc., through its subsidiaries, engages in the insurance, freight rail transportation, and utility businesses. The company provides property, casualty, life, accident, and health insurance and reinsurance; operates railroad systems in North America; generates, transmits, stores, and distributes electricity from natural gas, coal, wind, solar, hydroelectric, nuclear, and geothermal sources; operates natural gas distribution and storage facilities, interstate pipelines, liquefied natural gas facilities, and compressor and meter stations; and holds interest in coal mining assets. It also manufactures boxed chocolates and other confectionery products; specialty chemicals, metal cutting tools, and components for aerospace and power generation applications; prefabricated and site-built residential homes, flooring products; insulation, roofing, and engineered products; building and engineered components; paints and coatings; and bricks and masonry products, as well as offers manufactured and site-built home construction, and related lending and financial services. In addition, the company provides recreational vehicles, apparel, footwear, toys, jewelry, custom picture framing products, alkaline batteries, logistics services, and professional aviation training and shared aircraft ownership programs; castings, forgings, fasteners/fastener systems, aerostructures, and precision components; and cobalt, nickel, and titanium alloys. Further, it distributes televisions and information, and grocery and non-food consumer products; franchises and services quick service restaurants; and distributes electronic components. Additionally, it retails automobiles; furniture, bedding, and accessories; household appliances, electronics, and floor coverings; watches, crystal, china, stemware, flatware, gifts, and collectibles; sells kitchenware; and motorcycle clothing and equipment. The company was incorporated in 1998 and is headquartered in Omaha, Nebraska.",
  "website": "https://www.berkshirehathaway.com",
  "employees": 392400,
  "target_high": 587.0,
  "target_low": 481.0,
  "target_mean": 526.0,
  "target_median": 510.0,
  "recommendation": "buy",
  "num_analysts": 3,
  "income_stmt": {
    "2024-12-31T00:00:00": {
      "Tax Effect Of Unusual Items": 0.0,
      "Tax Rate For Calcs": 0.189,
      "Total Unusual Items": null,
      "Total Unusual Items Excluding Goodwill": null,
      "Net Income From Continuing Operation Net Minority Interest": 88995000000.0,
      "Reconciled Depreciation": 12855000000.0,
      "EBIT": 115576000000.0,
      "Net Interest Income": -5200000000.0,
      "Interest Expense": 5200000000.0,
      "Interest Income": 21825000000.0,
      "Normalized Income": 88995000000.0,
      "Net Income From Continuing And Discontinued Operation": 88995000000.0,
      "Total Expenses": 313856000000.0,
      "Rent Expense Supplemental": 7069000000.0,
      "Diluted Average Shares": 2156578922.0,
      "Basic Average Shares": 2156578922.0,
      "Diluted EPS": 41.266687,
      "Basic EPS": 41.266687,
      "Diluted NI Availto Com Stockholders": 88995000000.0,
      "Net Income Common Stockholders": 88995000000.0,
      "Net Income": 88995000000.0,
      "Minority Interests": -566000000.0,
      "Net Income Including Noncontrolling Interests": 89561000000.0,
      "Net Income Continuous Operations": 89561000000.0,
      "Tax Provision": 20815000000.0,
      "Pretax Income": 110376000000.0,
      "Other Income Expense": 54100000000.0,
      "Special Income Charges": null,
      "Impairment Of Capital Assets": null,
      "Net Non Operating Interest Income Expense": -5200000000.0,
      "Interest Expense Non Operating": 5200000000.0,
      "Other Operating Expenses": 37292000000.0,
      "Selling General And Administration": 32711000000.0,
      "Selling And Marketing Expense": 25642000000.0,
      "General And Administrative Expense": 32711000000.0,
      "Other Gand A": 32711000000.0,
      "Total Revenue": 424232000000.0,
      "Operating Revenue": 424232000000.0,
      "Loss Adjustment Expense": 60044000000.0,
      "Net Policyholder Benefits And Claims": 60044000000.0
    },
    "2023-12-31T00:00:00": {
      "Tax Effect Of Unusual Items": 0.0,
      "Tax Rate For Calcs": 0.192,
      "Total Unusual Items": null,
      "Total Unusual Items Excluding Goodwill": null,
      "Net Income From Continuing Operation Net Minority Interest": 96223000000.0,
      "Reconciled Depreciation": 12486000000.0,
      "EBIT": 125169000000.0,
      "Net Interest Income": -5003000000.0,
      "Interest Expense": 5003000000.0,
      "Interest Income": 15764000000.0,
      "Normalized Income": 96223000000.0,
      "Net Income From Continuing And Discontinued Operation": 96223000000.0,
      "Total Expenses": 319171000000.0,
      "Rent Expense Supplemental": 6037000000.0,
      "Diluted Average Shares": 2173318913.0,
      "Basic Average Shares": 2173318913.0,
      "Diluted EPS": 44.274689,
      "Basic EPS": 44.274689,
      "Diluted NI Availto Com Stockholders": 96223000000.0,
      "Net Income Common Stockholders": 96223000000.0,
      "Net Income": 96223000000.0,
      "Minority Interests": -924000000.0,
      "Net Income Including Noncontrolling Interests": 97147000000.0,
      "Net Income Continuous Operations": 97147000000.0,
      "Tax Provision": 23019000000.0,
      "Pretax Income": 120166000000.0,
      "Other Income Expense": 53439000000.0,
      "Special Income Charges": null,
      "Impairment Of Capital Assets": null,
      "Net Non Operating Interest Income Expense": -5003000000.0,
      "Interest Expense Non Operating": 5003000000.0,
      "Other Operating Expenses": 38879000000.0,
      "Selling General And Administration": 31495000000.0,
      "Selling And Marketing Expense": 25458000000.0,
      "General And Administrative Expense": 31495000000.0,
      "Other Gand A": 31495000000.0,
      "Total Revenue": 439337000000.0,
      "Operating Revenue": 439337000000.0,
      "Loss Adjustment Expense": 61216000000.0,
      "Net Policyholder Benefits And Claims": 61216000000.0
    },
    "2022-12-31T00:00:00": {
      "Tax Effect Of Unusual Items": 0.0,
      "Tax Rate For Calcs": 0.279,
      "Total Unusual Items": 0.0,
      "Total Unusual Items Excluding Goodwill": 0.0,
      "Net Income From Continuing Operation Net Minority Interest": -22759000000.0,
      "Reconciled Depreciation": 10899000000.0,
      "EBIT": -26148000000.0,
      "Net Interest Income": -4352000000.0,
      "Interest Expense": 4352000000.0,
      "Interest Income": 10263000000.0,
      "Normalized Income": -22759000000.0,
      "Net Income From Continuing And Discontinued Operation": -22759000000.0,
      "Total Expenses": 264621000000.0,
      "Rent Expense Supplemental": 5550000000.0,
      "Diluted Average Shares": 2203312898.0,
      "Basic Average Shares": 2203312898.0,
      "Diluted EPS": -10.329338,
      "Basic EPS": -10.329338,
      "Diluted NI Availto Com Stockholders": -22759000000.0,
      "Net Income Common Stockholders": -22759000000.0,
      "Net Income": -22759000000.0,
      "Minority Interests": -761000000.0,
      "Net Income Including Noncontrolling Interests": -21998000000.0,
      "Net Income Continuous Operations": -21998000000.0,
      "Tax Provision": -8502000000.0,
      "Pretax Income": -30500000000.0,
      "Other Income Expense": 54339000000.0,
      "Special Income Charges": 0.0,
      "Impairment Of Capital Assets": 0.0,
      "Net Non Operating Interest Income Expense": -4352000000.0,
      "Interest Expense Non Operating": 4352000000.0,
      "Other Operating Expenses": 38162000000.0,
      "Selling General And Administration": 25056000000.0,
      "Selling And Marketing Expense": 19506000000.0,
      "General And Administrative Expense": 25056000000.0,
      "Other Gand A": 25056000000.0,
      "Total Revenue": 234121000000.0,
      "Operating Revenue": 234121000000.0,
      "Loss Adjustment Expense": 62889000000.0,
      "Net Policyholder Benefits And Claims": 62889000000.0
    },
    "2021-12-31T00:00:00": {
      "Tax Effect Of Unusual Items": 0.0,
      "Tax Rate For Calcs": 0.187,
      "Total Unusual Items": 0.0,
      "Total Unusual Items Excluding Goodwill": 0.0,
      "Net Income From Continuing Operation Net Minority Interest": 89937000000.0,
      "Reconciled Depreciation": 10718000000.0,
      "EBIT": 116033000000.0,
      "Net Interest Income": -4172000000.0,
      "Interest Expense": 4172000000.0,
      "Interest Income": 7465000000.0,
      "Normalized Income": 89937000000.0,
      "Net Income From Continuing And Discontinued Operation": 89937000000.0,
      "Total Expenses": 242866000000.0,
      "Rent Expense Supplemental": 4201000000.0,
      "Diluted Average Shares": 2265268867.0,
      "Basic Average Shares": 2265268867.0,
      "Diluted EPS": 39.702687,
      "Basic EPS": 39.702687,
      "Diluted NI Availto Com Stockholders": 89937000000.0,
      "Net Income Common Stockholders": 89937000000.0,
      "Net Income": 89937000000.0,
      "Minority Interests": -1012000000.0,
      "Net Income Including Noncontrolling Interests": 90949000000.0,
      "Net Income Continuous Operations": 90949000000.0,
      "Tax Provision": 20912000000.0,
      "Pretax Income": 111861000000.0,
      "Other Income Expense": 48056000000.0,
      "Special Income Charges": 0.0,
      "Impairment Of Capital Assets": 0.0,
      "Net Non Operating Interest Income Expense": -4172000000.0,
      "Interest Expense Non Operating": 4172000000.0,
      "Other Operating Expenses": 34051000000.0,
      "Selling General And Administration": 23044000000.0,
      "Selling And Marketing Expense": 18843000000.0,
      "General And Administrative Expense": 23044000000.0,
      "Other Gand A": 23044000000.0,
      "Total Revenue": 354727000000.0,
      "Operating Revenue": 354727000000.0,
      "Loss Adjustment Expense": 55788000000.0,
      "Net Policyholder Benefits And Claims": 55788000000.0
    }
  },
  "quarterly_income": {
    "2025-09-30T00:00:00": {
      "Tax Effect Of Unusual Items": null,
      "Tax Rate For Calcs": null,
      "Net Income From Continuing Operation Net Minority Interest": null,
      "Reconciled Depreciation": null,
      "EBIT": null,
      "Net Interest Income": null,
      "Interest Expense": null,
      "Interest Income": null,
      "Normalized Income": null,
      "Net Income From Continuing And Discontinued Operation": null,
      "Total Expenses": null,
      "Rent Expense Supplemental": null,
      "Diluted Average Shares": null,
      "Basic Average Shares": null,
      "Diluted EPS": null,
      "Basic EPS": 14.27534,
      "Diluted NI Availto Com Stockholders": null,
      "Net Income Common Stockholders": null,
      "Net Income": null,
      "Minority Interests": null,
      "Net Income Including Noncontrolling Interests": null,
      "Net Income Continuous Operations": null,
      "Tax Provision": null,
      "Pretax Income": null,
      "Other Income Expense": null,
      "Net Non Operating Interest Income Expense": null,
      "Interest Expense Non Operating": null,
      "Other Operating Expenses": null,
      "Selling General And Administration": null,
      "Selling And Marketing Expense": null,
      "General And Administrative Expense": null,
      "Other Gand A": null,
      "Total Revenue": null,
      "Operating Revenue": null,
      "Loss Adjustment Expense": null,
      "Net Policyholder Benefits And Claims": null
    },
    "2025-06-30T00:00:00": {
      "Tax Effect Of Unusual Items": 0.0,
      "Tax Rate For Calcs": 0.155,
      "Net Income From Continuing Operation Net Minority Interest": 12370000000.0,
      "Reconciled Depreciation": 3329000000.0,
      "EBIT": 16003000000.0,
      "Net Interest Income": -1253000000.0,
      "Interest Expense": 1253000000.0,
      "Interest Income": 6002000000.0,
      "Normalized Income": 12370000000.0,
      "Net Income From Continuing And Discontinued Operation": 12370000000.0,
      "Total Expenses": 84129000000.0,
      "Rent Expense Supplemental": 1887000000.0,
      "Diluted Average Shares": 2157333421.0,
      "Basic Average Shares": 2157333421.0,
      "Diluted EPS": 5.734003,
      "Basic EPS": 5.734003,
      "Diluted NI Availto Com Stockholders": 12370000000.0,
      "Net Income Common Stockholders": 12370000000.0,
      "Net Income": 12370000000.0,
      "Minority Interests": -87000000.0,
      "Net Income Including Noncontrolling Interests": 12457000000.0,
      "Net Income Continuous Operations": 12457000000.0,
      "Tax Provision": 2293000000.0,
      "Pretax Income": 14750000000.0,
      "Other Income Expense": 13345000000.0,
      "Net Non Operating Interest Income Expense": -1253000000.0,
      "Interest Expense Non Operating": 1253000000.0,
      "Other Operating Expenses": 9036000000.0,
      "Selling General And Administration": 9818000000.0,
      "Selling And Marketing Expense": null,
      "General And Administrative Expense": 9818000000.0,
      "Other Gand A": 9818000000.0,
      "Total Revenue": 98879000000.0,
      "Operating Revenue": 98879000000.0,
      "Loss Adjustment Expense": 15205000000.0,
      "Net Policyholder Benefits And Claims": 15205000000.0
    },
    "2025-03-31T00:00:00": {
      "Tax Effect Of Unusual Items": 0.0,
      "Tax Rate For Calcs": 0.092,
      "Net Income From Continuing Operation Net Minority Interest": 4603000000.0,
      "Reconciled Depreciation": 3265000000.0,
      "EBIT": 6405000000.0,
      "Net Interest Income": -1257000000.0,
      "Interest Expense": 1257000000.0,
      "Interest Income": 5632000000.0,
      "Normalized Income": 4603000000.0,
      "Net Income From Continuing And Discontinued Operation": 4603000000.0,
      "Total Expenses": 78142000000.0,
      "Rent Expense Supplemental": 1887000000.0,
      "Diluted Average Shares": 2157333421.0,
      "Basic Average Shares": 2157333421.0,
      "Diluted EPS": 2.133334,
      "Basic EPS": 2.133334,
      "Diluted NI Availto Com Stockholders": 4603000000.0,
      "Net Income Common Stockholders": 4603000000.0,
      "Net Income": 4603000000.0,
      "Minority Interests": -69000000.0,
      "Net Income Including Noncontrolling Interests": 4672000000.0,
      "Net Income Continuous Operations": 4672000000.0,
      "Tax Provision": 476000000.0,
      "Pretax Income": 5148000000.0,
      "Other Income Expense": 13596000000.0,
      "Net Non Operating Interest Income Expense": -1257000000.0,
      "Interest Expense Non Operating": 1257000000.0,
      "Other Operating Expenses": 8810000000.0,
      "Selling General And Administration": 9568000000.0,
      "Selling And Marketing Expense": null,
      "General And Administrative Expense": 9568000000.0,
      "Other Gand A": 9568000000.0,
      "Total Revenue": 83290000000.0,
      "Operating Revenue": 83290000000.0,
      "Loss Adjustment Expense": 15714000000.0,
      "Net Policyholder Benefits And Claims": 15714000000.0
    },
    "2024-12-31T00:00:00": {
      "Tax Effect Of Unusual Items": 0.0,
      "Tax Rate For Calcs": 0.177898,
      "Net Income From Continuing Operation Net Minority Interest": 19694000000.0,
      "Reconciled Depreciation": 3283000000.0,
      "EBIT": 25465000000.0,
      "Net Interest Income": -1440000000.0,
      "Interest Expense": 1440000000.0,
      "Interest Income": 6375000000.0,
      "Normalized Income": 19694000000.0,
      "Net Income From Continuing And Discontinued Operation": 19694000000.0,
      "Total Expenses": 77443000000.0,
      "Rent Expense Supplemental": 1865000000.0,
      "Diluted Average Shares": null,
      "Basic Average Shares": null,
      "Diluted EPS": null,
      "Basic EPS": null,
      "Diluted NI Availto Com Stockholders": 19694000000.0,
      "Net Income Common Stockholders": 19694000000.0,
      "Net Income": 19694000000.0,
      "Minority Interests": -57000000.0,
      "Net Income Including Noncontrolling Interests": 19751000000.0,
      "Net Income Continuous Operations": 19751000000.0,
      "Tax Provision": 4274000000.0,
      "Pretax Income": 24025000000.0,
      "Other Income Expense": -22323000000.0,
      "Net Non Operating Interest Income Expense": -1440000000.0,
      "Interest Expense Non Operating": 1440000000.0,
      "Other Operating Expenses": -25448000000.0,
      "Selling General And Administration": 10215000000.0,
      "Selling And Marketing Expense": 8350000000.0,
      "General And Administrative Expense": 10215000000.0,
      "Other Gand A": 10215000000.0,
      "Total Revenue": 101468000000.0,
      "Operating Revenue": 101468000000.0,
      "Loss Adjustment Expense": 14502000000.0,
      "Net Policyholder Benefits And Claims": 14502000000.0
    },
    "2024-09-30T00:00:00": {
      "Tax Effect Of Unusual Items": 0.0,
      "Tax Rate For Calcs": 0.185,
      "Net Income From Continuing Operation Net Minority Interest": 26251000000.0,
      "Reconciled Depreciation": 3206000000.0,
      "EBIT": 33722000000.0,
      "Net Interest Income": -1214000000.0,
      "Interest Expense": 1214000000.0,
      "Interest Income": 5928000000.0,
      "Normalized Income": 26251000000.0,
      "Net Income From Continuing And Discontinued Operation": 26251000000.0,
      "Total Expenses": 81001000000.0,
      "Rent Expense Supplemental": 1774000000.0,
      "Diluted Average Shares": 2155057922.0,
      "Basic Average Shares": 2155057922.0,
      "Diluted EPS": 12.181339,
      "Basic EPS": 12.181339,
      "Diluted NI Availto Com Stockholders": 26251000000.0,
      "Net Income Common Stockholders": 26251000000.0,
      "Net Income": 26251000000.0,
      "Minority Interests": -229000000.0,
      "Net Income Including Noncontrolling Interests": 26480000000.0,
      "Net Income Continuous Operations": 26480000000.0,
      "Tax Provision": 6028000000.0,
      "Pretax Income": 32508000000.0,
      "Other Income Expense": 14214000000.0,
      "Net Non Operating Interest Income Expense": -1214000000.0,
      "Interest Expense Non Operating": 1214000000.0,
      "Other Operating Expenses": 9415000000.0,
      "Selling General And Administration": 9993000000.0,
      "Selling And Marketing Expense": 7324000000.0,
      "General And Administrative Expense": 9993000000.0,
      "Other Gand A": 9993000000.0,
      "Total Revenue": 113509000000.0,
      "Operating Revenue": 113509000000.0,
      "Loss Adjustment Expense": 16088000000.0,
      "Net Policyholder Benefits And Claims": 16088000000.0
    },
    "2024-06-30T00:00:00": {
      "Tax Effect Of Unusual Items": 0.0,
      "Tax Rate For Calcs": 0.2,
      "Net Income From Continuing Operation Net Minority Interest": 30348000000.0,
      "Reconciled Depreciation": 3198000000.0,
      "EBIT": 39367000000.0,
      "Net Interest Income": -1230000000.0,
      "Interest Expense": 1230000000.0,
      "Interest Income": 5284000000.0,
      "Normalized Income": 30348000000.0,
      "Net Income From Continuing And Discontinued Operation": 30348000000.0,
      "Total Expenses": 79373000000.0,
      "Rent Expense Supplemental": 1739000000.0,
      "Diluted Average Shares": 2155183922.0,
      "Basic Average Shares": 2155183922.0,
      "Diluted EPS": 14.08134,
      "Basic EPS": 14.08134,
      "Diluted NI Availto Com Stockholders": 30348000000.0,
      "Net Income Common Stockholders": 30348000000.0,
      "Net Income": 30348000000.0,
      "Minority Interests": -150000000.0,
      "Net Income Including Noncontrolling Interests": 30498000000.0,
      "Net Income Continuous Operations": 30498000000.0,
      "Tax Provision": 7639000000.0,
      "Pretax Income": 38137000000.0,
      "Other Income Expense": 13131000000.0,
      "Net Non Operating Interest Income Expense": -1230000000.0,
      "Interest Expense Non Operating": 1230000000.0,
      "Other Operating Expenses": 9434000000.0,
      "Selling General And Administration": 7772000000.0,
      "Selling And Marketing Expense": 5195000000.0,
      "General And Administrative Expense": 7772000000.0,
      "Other Gand A": 7772000000.0,
      "Total Revenue": 117510000000.0,
      "Operating Revenue": 117510000000.0,
      "Loss Adjustment Expense": 15061000000.0,
      "Net Policyholder Benefits And Claims": 15061000000.0
    }
  },
  "balance_sheet": {
    "2024-12-31T00:00:00": {
      "Treasury Shares Number": 219872.0,
      "Ordinary Shares Number": 1438223.0,
      "Share Issued": 1658095.0,
      "Net Debt": 77033000000.0,
      "Total Debt": 124762000000.0,
      "Tangible Book Value": 530850000000.0,
      "Invested Capital": 774130000000.0,
      "Net Tangible Assets": 530850000000.0,
      "Common Stock Equity": 649368000000.0,
      "Total Capitalization": 771692000000.0,
      "Total Equity Gross Minority Interest": 651655000000.0,
      "Minority Interest": 2287000000.0,
      "Stockholders Equity": 649368000000.0,
      "Gains Losses Not Affecting Retained Earnings": -3584000000.0,
      "Other Equity Adjustments": -3584000000.0,
      "Treasury Stock": 78939000000.0,
      "Retained Earnings": 696218000000.0,
      "Additional Paid In Capital": 35665000000.0,
      "Capital Stock": 8000000.0,
      "Common Stock": 8000000.0,
      "Total Liabilities Net Minority Interest": 502226000000.0,
      "Non Current Deferred Liabilities": 85870000000.0,
      "Non Current Deferred Taxes Liabilities": 85870000000.0,
      "Long Term Debt And Capital Lease Obligation": 122324000000.0,
      "Long Term Debt": 122324000000.0,
      "Current Debt And Capital Lease Obligation": 2438000000.0,
      "Current Debt": 2438000000.0,
      "Other Current Borrowings": 2438000000.0,
      "Payables And Accrued Expenses": 12769000000.0,
      "Payables": 12769000000.0,
      "Other Payable": 12769000000.0,
      "Total Assets": 1153881000000.0,
      "Investments And Advances": 604558000000.0,
      "Long Term Equity Investment": 31134000000.0,
      "Investments In Other Ventures Under Equity Method": 31134000000.0,
      "Goodwill And Other Intangible Assets": 118518000000.0,
      "Other Intangible Assets": 34638000000.0,
      "Goodwill": 83880000000.0,
      "Net PPE": 222929000000.0,
      "Receivables": 48390000000.0,
      "Receivables Adjustments Allowances": -798000000.0,
      "Other Receivables": 6061000000.0,
      "Accounts Receivable": 43127000000.0,
      "Cash Cash Equivalents And Short Term Investments": 334201000000.0,
      "Other Short Term Investments": 286472000000.0,
      "Cash And Cash Equivalents": 47729000000.0
    },
    "2023-12-31T00:00:00": {
      "Treasury Shares Number": 216613.0,
      "Ordinary Shares Number": 1441483.0,
      "Share Issued": 1658096.0,
      "Net Debt": 90249000000.0,
      "Total Debt": 128271000000.0,
      "Tangible Book Value": 440763000000.0,
      "Invested Capital": 689544000000.0,
      "Net Tangible Assets": 440763000000.0,
      "Common Stock Equity": 561273000000.0,
      "Total Capitalization": 684209000000.0,
      "Total Equity Gross Minority Interest": 570770000000.0,
      "Minority Interest": 9497000000.0,
      "Stockholders Equity": 561273000000.0,
      "Gains Losses Not Affecting Retained Earnings": -3763000000.0,
      "Other Equity Adjustments": -3763000000.0,
      "Treasury Stock": 76802000000.0,
      "Retained Earnings": 607350000000.0,
      "Additional Paid In Capital": 34480000000.0,
      "Capital Stock": 8000000.0,
      "Common Stock": 8000000.0,
      "Total Liabilities Net Minority Interest": 499208000000.0,
      "Non Current Deferred Liabilities": 93009000000.0,
      "Non Current Deferred Taxes Liabilities": 93009000000.0,
      "Long Term Debt And Capital Lease Obligation": 122936000000.0,
      "Long Term Debt": 122936000000.0,
      "Current Debt And Capital Lease Obligation": 5335000000.0,
      "Current Debt": 5335000000.0,
      "Other Current Borrowings": 5335000000.0,
      "Payables And Accrued Expenses": 0.0,
      "Payables": null,
      "Other Payable": null,
      "Total Assets": 1069978000000.0,
      "Investments And Advances": 536285000000.0,
      "Long Term Equity Investment": 29066000000.0,
      "Investments In Other Ventures Under Equity Method": 29066000000.0,
      "Goodwill And Other Intangible Assets": 120510000000.0,
      "Other Intangible Assets": 35884000000.0,
      "Goodwill": 84626000000.0,
      "Net PPE": 216593000000.0,
      "Receivables": 51260000000.0,
      "Receivables Adjustments Allowances": -833000000.0,
      "Other Receivables": 5497000000.0,
      "Accounts Receivable": 46596000000.0,
      "Cash Cash Equivalents And Short Term Investments": 167641000000.0,
      "Other Short Term Investments": 129619000000.0,
      "Cash And Cash Equivalents": 38022000000.0
    },
    "2022-12-31T00:00:00": {
      "Treasury Shares Number": 198362.0,
      "Ordinary Shares Number": 1459733.0,
      "Share Issued": 1658095.0,
      "Net Debt": 86933000000.0,
      "Total Debt": 122744000000.0,
      "Tangible Book Value": 366118000000.0,
      "Invested Capital": 596168000000.0,
      "Net Tangible Assets": 366118000000.0,
      "Common Stock Equity": 473424000000.0,
      "Total Capitalization": 593739000000.0,
      "Total Equity Gross Minority Interest": 481681000000.0,
      "Minority Interest": 8257000000.0,
      "Stockholders Equity": 473424000000.0,
      "Gains Losses Not Affecting Retained Earnings": -5052000000.0,
      "Other Equity Adjustments": -5052000000.0,
      "Treasury Stock": 67826000000.0,
      "Retained Earnings": 511127000000.0,
      "Additional Paid In Capital": 35167000000.0,
      "Capital Stock": 8000000.0,
      "Common Stock": 8000000.0,
      "Total Liabilities Net Minority Interest": 466784000000.0,
      "Non Current Deferred Liabilities": 77368000000.0,
      "Non Current Deferred Taxes Liabilities": 77368000000.0,
      "Long Term Debt And Capital Lease Obligation": 120315000000.0,
      "Long Term Debt": 120315000000.0,
      "Current Debt And Capital Lease Obligation": 2429000000.0,
      "Current Debt": 2429000000.0,
      "Other Current Borrowings": 2429000000.0,
      "Payables And Accrued Expenses": 49816000000.0,
      "Payables": null,
      "Other Payable": null,
      "Total Assets": 948465000000.0,
      "Investments And Advances": 454745000000.0,
      "Long Term Equity Investment": 28050000000.0,
      "Investments In Other Ventures Under Equity Method": 28050000000.0,
      "Goodwill And Other Intangible Assets": 107306000000.0,
      "Other Intangible Assets": 29187000000.0,
      "Goodwill": 78119000000.0,
      "Net PPE": 196965000000.0,
      "Receivables": 48285000000.0,
      "Receivables Adjustments Allowances": -816000000.0,
      "Other Receivables": 4908000000.0,
      "Accounts Receivable": 44193000000.0,
      "Cash Cash Equivalents And Short Term Investments": 128585000000.0,
      "Other Short Term Investments": 92774000000.0,
      "Cash And Cash Equivalents": 35811000000.0
    },
    "2021-12-31T00:00:00": {
      "Treasury Shares Number": 180666.0,
      "Ordinary Shares Number": 1477429.0,
      "Share Issued": 1658095.0,
      "Net Debt": 26078000000.0,
      "Total Debt": 114262000000.0,
      "Tangible Book Value": 403838000000.0,
      "Invested Capital": 620461000000.0,
      "Net Tangible Assets": 403838000000.0,
      "Common Stock Equity": 506199000000.0,
      "Total Capitalization": 618110000000.0,
      "Total Equity Gross Minority Interest": 514930000000.0,
      "Minority Interest": 8731000000.0,
      "Stockholders Equity": 506199000000.0,
      "Gains Losses Not Affecting Retained Earnings": -4027000000.0,
      "Other Equity Adjustments": -4027000000.0,
      "Treasury Stock": 59795000000.0,
      "Retained Earnings": 534421000000.0,
      "Additional Paid In Capital": 35592000000.0,
      "Capital Stock": 8000000.0,
      "Common Stock": 8000000.0,
      "Total Liabilities Net Minority Interest": 443854000000.0,
      "Non Current Deferred Liabilities": 90243000000.0,
      "Non Current Deferred Taxes Liabilities": 90243000000.0,
      "Long Term Debt And Capital Lease Obligation": 111911000000.0,
      "Long Term Debt": 111911000000.0,
      "Current Debt And Capital Lease Obligation": 2351000000.0,
      "Current Debt": 2351000000.0,
      "Other Current Borrowings": 2351000000.0,
      "Payables And Accrued Expenses": 46072000000.0,
      "Payables": null,
      "Other Payable": null,
      "Total Assets": 958784000000.0,
      "Investments And Advances": 441733000000.0,
      "Long Term Equity Investment": 16045000000.0,
      "Investments In Other Ventures Under Equity Method": 16045000000.0,
      "Goodwill And Other Intangible Assets": 102361000000.0,
      "Other Intangible Assets": 28486000000.0,
      "Goodwill": 73875000000.0,
      "Net PPE": 191282000000.0,
      "Receivables": 39565000000.0,
      "Receivables Adjustments Allowances": -830000000.0,
      "Other Receivables": 3796000000.0,
      "Accounts Receivable": 36599000000.0,
      "Cash Cash Equivalents And Short Term Investments": 146719000000.0,
      "Other Short Term Investments": 58535000000.0,
      "Cash And Cash Equivalents": 88184000000.0
    }
  },
  "cashflow": {
    "2024-12-31T00:00:00": {
      "Free Cash Flow": 11616000000.0,
      "Repurchase Of Capital Stock": -2918000000.0,
      "Repayment Of Debt": -11947000000.0,
      "Issuance Of Debt": 13186000000.0,
      "Capital Expenditure": -18976000000.0,
      "Interest Paid Supplemental Data": 4939000000.0,
      "Income Tax Paid Supplemental Data": 28544000000.0,
      "End Cash Position": 48376000000.0,
      "Beginning Cash Position": 38643000000.0,
      "Effect Of Exchange Rate Changes": -212000000.0,
      "Changes In Cash": 9945000000.0,
      "Financing Cash Flow": -10360000000.0,
      "Cash Flow From Continuing Financing Activities": -10360000000.0,
      "Net Other Financing Charges": -5622000000.0,
      "Net Common Stock Issuance": -2918000000.0,
      "Common Stock Payments": -2918000000.0,
      "Net Issuance Payments Of Debt": -1820000000.0,
      "Net Short Term Debt Issuance": -3059000000.0,
      "Net Long Term Debt Issuance": 1239000000.0,
      "Long Term Debt Payments": -11947000000.0,
      "Long Term Debt Issuance": 13186000000.0,
      "Investing Cash Flow": -10287000000.0,
      "Cash Flow From Continuing Investing Activities": -10287000000.0,
      "Net Other Investing Changes": -195000000.0,
      "Net Investment Purchase And Sale": 9280000000.0,
      "Sale Of Investment": 545359000000.0,
      "Purchase Of Investment": -536079000000.0,
      "Net Business Purchase And Sale": -396000000.0,
      "Purchase Of Business": -396000000.0,
      "Net PPE Purchase And Sale": -18976000000.0,
      "Purchase Of PPE": -18976000000.0,
      "Operating Cash Flow": 30592000000.0,
      "Cash Flow From Continuing Operating Activities": 30592000000.0,
      "Change In Working Capital": -6784000000.0,
      "Change In Other Working Capital": -7465000000.0,
      "Change In Other Current Liabilities": -2288000000.0,
      "Change In Other Current Assets": -206000000.0,
      "Change In Receivables": 626000000.0,
      "Changes In Account Receivables": null,
      "Other Non Cash Items": -892000000.0,
      "Unrealized Gain Loss On Investment Securities": -49297000000.0,
      "Amortization Of Securities": -11349000000.0,
      "Depreciation And Amortization": 12855000000.0,
      "Amortization Cash Flow": 1795000000.0,
      "Amortization Of Intangibles": 1795000000.0,
      "Depreciation": 11060000000.0,
      "Operating Gains Losses": -3502000000.0,
      "Gain Loss On Investment Securities": -3502000000.0,
      "Net Income From Continuing Operations": 89561000000.0
    },
    "2023-12-31T00:00:00": {
      "Free Cash Flow": 29787000000.0,
      "Repurchase Of Capital Stock": -9171000000.0,
      "Repayment Of Debt": -11311000000.0,
      "Issuance Of Debt": 7817000000.0,
      "Capital Expenditure": -19409000000.0,
      "Interest Paid Supplemental Data": 4997000000.0,
      "Income Tax Paid Supplemental Data": 7765000000.0,
      "End Cash Position": 38643000000.0,
      "Beginning Cash Position": 36399000000.0,
      "Effect Of Exchange Rate Changes": 116000000.0,
      "Changes In Cash": 2128000000.0,
      "Financing Cash Flow": -14405000000.0,
      "Cash Flow From Continuing Financing Activities": -14405000000.0,
      "Net Other Financing Charges": -4147000000.0,
      "Net Common Stock Issuance": -9171000000.0,
      "Common Stock Payments": -9171000000.0,
      "Net Issuance Payments Of Debt": -1087000000.0,
      "Net Short Term Debt Issuance": 2407000000.0,
      "Net Long Term Debt Issuance": -3494000000.0,
      "Long Term Debt Payments": -11311000000.0,
      "Long Term Debt Issuance": 7817000000.0,
      "Investing Cash Flow": -32663000000.0,
      "Cash Flow From Continuing Investing Activities": -32663000000.0,
      "Net Other Investing Changes": 685000000.0,
      "Net Investment Purchase And Sale": -5335000000.0,
      "Sale Of Investment": 246134000000.0,
      "Purchase Of Investment": -251469000000.0,
      "Net Business Purchase And Sale": -8604000000.0,
      "Purchase Of Business": -8604000000.0,
      "Net PPE Purchase And Sale": -19409000000.0,
      "Purchase Of PPE": -19409000000.0,
      "Operating Cash Flow": 49196000000.0,
      "Cash Flow From Continuing Operating Activities": 49196000000.0,
      "Change In Working Capital": 20441000000.0,
      "Change In Other Working Capital": 15240000000.0,
      "Change In Other Current Liabilities": 2570000000.0,
      "Change In Other Current Assets": 98000000.0,
      "Change In Receivables": -1949000000.0,
      "Changes In Account Receivables": null,
      "Other Non Cash Items": -513000000.0,
      "Unrealized Gain Loss On Investment Securities": -69144000000.0,
      "Amortization Of Securities": -5510000000.0,
      "Depreciation And Amortization": 12486000000.0,
      "Amortization Cash Flow": 1828000000.0,
      "Amortization Of Intangibles": 1828000000.0,
      "Depreciation": 10658000000.0,
      "Operating Gains Losses": -5711000000.0,
      "Gain Loss On Investment Securities": -5711000000.0,
      "Net Income From Continuing Operations": 97147000000.0
    },
    "2022-12-31T00:00:00": {
      "Free Cash Flow": 21886000000.0,
      "Repurchase Of Capital Stock": -7854000000.0,
      "Repayment Of Debt": -3928000000.0,
      "Issuance Of Debt": 12695000000.0,
      "Capital Expenditure": -15464000000.0,
      "Interest Paid Supplemental Data": 4345000000.0,
      "Income Tax Paid Supplemental Data": 4236000000.0,
      "End Cash Position": 36399000000.0,
      "Beginning Cash Position": 88706000000.0,
      "Effect Of Exchange Rate Changes": -394000000.0,
      "Changes In Cash": -51913000000.0,
      "Financing Cash Flow": -1662000000.0,
      "Cash Flow From Continuing Financing Activities": -1662000000.0,
      "Net Other Financing Charges": -1979000000.0,
      "Net Common Stock Issuance": -7854000000.0,
      "Common Stock Payments": -7854000000.0,
      "Net Issuance Payments Of Debt": 8171000000.0,
      "Net Short Term Debt Issuance": -596000000.0,
      "Net Long Term Debt Issuance": 8767000000.0,
      "Long Term Debt Payments": -3928000000.0,
      "Long Term Debt Issuance": 12695000000.0,
      "Investing Cash Flow": -87601000000.0,
      "Cash Flow From Continuing Investing Activities": -87601000000.0,
      "Net Other Investing Changes": 239000000.0,
      "Net Investment Purchase And Sale": -61782000000.0,
      "Sale Of Investment": 190070000000.0,
      "Purchase Of Investment": -251852000000.0,
      "Net Business Purchase And Sale": -10594000000.0,
      "Purchase Of Business": -10594000000.0,
      "Net PPE Purchase And Sale": -15464000000.0,
      "Purchase Of PPE": -15464000000.0,
      "Operating Cash Flow": 37350000000.0,
      "Cash Flow From Continuing Operating Activities": 37350000000.0,
      "Change In Working Capital": -15244000000.0,
      "Change In Other Working Capital": -12103000000.0,
      "Change In Other Current Liabilities": 1719000000.0,
      "Change In Other Current Assets": -5157000000.0,
      "Change In Receivables": -5621000000.0,
      "Changes In Account Receivables": null,
      "Other Non Cash Items": -3074000000.0,
      "Unrealized Gain Loss On Investment Securities": 63120000000.0,
      "Amortization Of Securities": -1132000000.0,
      "Depreciation And Amortization": 10899000000.0,
      "Amortization Cash Flow": 1233000000.0,
      "Amortization Of Intangibles": 1233000000.0,
      "Depreciation": 9666000000.0,
      "Operating Gains Losses": 4779000000.0,
      "Gain Loss On Investment Securities": 4779000000.0,
      "Net Income From Continuing Operations": -21998000000.0
    },
    "2021-12-31T00:00:00": {
      "Free Cash Flow": 26151000000.0,
      "Repurchase Of Capital Stock": -27061000000.0,
      "Repayment Of Debt": -7048000000.0,
      "Issuance Of Debt": 6920000000.0,
      "Capital Expenditure": -13276000000.0,
      "Interest Paid Supplemental Data": null,
      "Income Tax Paid Supplemental Data": null,
      "End Cash Position": 88706000000.0,
      "Beginning Cash Position": 48396000000.0,
      "Effect Of Exchange Rate Changes": -1000000.0,
      "Changes In Cash": 40311000000.0,
      "Financing Cash Flow": -28508000000.0,
      "Cash Flow From Continuing Financing Activities": -28508000000.0,
      "Net Other Financing Charges": -695000000.0,
      "Net Common Stock Issuance": -27061000000.0,
      "Common Stock Payments": -27061000000.0,
      "Net Issuance Payments Of Debt": -752000000.0,
      "Net Short Term Debt Issuance": -624000000.0,
      "Net Long Term Debt Issuance": -128000000.0,
      "Long Term Debt Payments": -7048000000.0,
      "Long Term Debt Issuance": 6920000000.0,
      "Investing Cash Flow": 29392000000.0,
      "Cash Flow From Continuing Investing Activities": 29392000000.0,
      "Net Other Investing Changes": 770000000.0,
      "Net Investment Purchase And Sale": 42354000000.0,
      "Sale Of Investment": 203439000000.0,
      "Purchase Of Investment": -161085000000.0,
      "Net Business Purchase And Sale": -456000000.0,
      "Purchase Of Business": -456000000.0,
      "Net PPE Purchase And Sale": -13276000000.0,
      "Purchase Of PPE": -13276000000.0,
      "Operating Cash Flow": 39427000000.0,
      "Cash Flow From Continuing Operating Activities": 39427000000.0,
      "Change In Working Capital": 18718000000.0,
      "Change In Other Working Capital": 17132000000.0,
      "Change In Other Current Liabilities": 2658000000.0,
      "Change In Other Current Assets": -1708000000.0,
      "Change In Receivables": -5864000000.0,
      "Changes In Account Receivables": -5834000000.0,
      "Other Non Cash Items": -3382000000.0,
      "Unrealized Gain Loss On Investment Securities": -76375000000.0,
      "Amortization Of Securities": null,
      "Depreciation And Amortization": 10718000000.0,
      "Amortization Cash Flow": 1252000000.0,
      "Amortization Of Intangibles": 1252000000.0,
      "Depreciation": 9466000000.0,
      "Operating Gains Losses": -1201000000.0,
      "Gain Loss On Investment Securities": -1201000000.0,
      "Net Income From Continuing Operations": 90949000000.0
    }
  },
  "earnings_estimate": {
    "avg": {
      "0q": 5.16646,
      "+1q": 5.21408,
      "0y": 21.3019,
      "+1y": 24.09033
    },
    "low": {
      "0q": 4.92,
      "+1q": 4.96,
      "0y": 20.96,
      "+1y": 19.94
    },
    "high": {
      "0q": 5.41292,
      "+1q": 5.46817,
      "0y": 21.64,
      "+1y": 31.59
    },
    "yearAgoEps": {
      "0q": 6.7347,
      "+1q": 4.4689,
      "0y": 21.9964,
      "+1y": 21.3019
    },
    "numberOfAnalysts": {
      "0q": 2,
      "+1q": 2,
      "0y": 3,
      "+1y": 4
    },
    "growth": {
      "0q": -0.23290001,
      "+1q": 0.1667,
      "0y": -0.031600002,
      "+1y": 0.1309
    }
  },
  "revenue_estimate": {
    "avg": {
      "0q": 0,
      "+1q": 95608000000,
      "0y": 371986300000,
      "+1y": 383255900000
    },
    "low": {
      "0q": 0,
      "+1q": 95608000000,
      "0y": 371986300000,
      "+1y": 380426800000
    },
    "high": {
      "0q": 0,
      "+1q": 95608000000,
      "0y": 371986300000,
      "+1y": 386085000000
    },
    "numberOfAnalysts": {
      "0q": 0,
      "+1q": 1,
      "0y": 1,
      "+1y": 2
    },
    "yearAgoRevenue": {
      "0q": null,
      "+1q": 89725000000.0,
      "0y": 371433000000.0,
      "+1y": 371986300000.0
    },
    "growth": {
      "0q": null,
      "+1q": 0.0656,
      "0y": 0.0015,
      "+1y": 0.030299999
    }
  },
  "growth_estimates": {
    "stockTrend": {
      "0q": -0.23290001,
      "+1q": 0.1667,
      "0y": -0.031600002,
      "+1y": 0.1309,
      "LTG": null
    },
    "indexTrend": {
      "0q": 0.1273,
      "+1q": 0.103599995,
      "0y": 0.14310001,
      "+1y": 0.1557,
      "LTG": 0.122
    }
  },
  "revenue_forecasts": null,
  "dividend_rate": null,
  "trailing_dividend_rate": 0.0
}