{
  "ticker": "CBK.DE",
  "name": "Commerzbank",
  "country": "germany",
  "currency": "EUR",
  "last_fetched": "2026-02-26T20:48:06.914214",
  "market_cap": 40567312384,
  "revenue": 11450000384,
  "net_income": 2624999936,
  "pe_ratio": 15.44206,
  "forward_pe": 9.866184,
  "dividend_yield": 3.06,
  "profit_margin": 0.22926001,
  "roe": 0.08044,
  "debt_to_equity": null,
  "beta": 0.622,
  "ev_to_ebitda": null,
  "sector": "Financial Services",
  "industry": "Banks - Regional",
  "summary": "Commerzbank AG provides banking and capital market products and services to private and small business customers, corporate, financial service providers, and institutional clients in Germany, rest of Europe, the Americas, Asia, and internationally. It operates through two segments, Private and Small-Business Customers, and Corporate Clients. The company offers saving, fixed deposit, checking, business, current, call money, and joint accounts; insurance products; credit and debit cards; pension; payment solutions; overdraft services; and various loans. It also offers instalment loans; real estate financing; corporate financing; financing advisory; merger and acquisition; foreign trade; trade financing; term deposits; and online banking services, as well as trades securities, such as shares, funds, ETFs, and bonds. In addition, the company provides wealth planning, asset management, estate and foundation management, asset risk analysis, and succession planning services. Commerzbank AG was founded in 1870 and is headquartered in Frankfurt am Main, Germany.",
  "website": "https://www.commerzbank.de",
  "employees": null,
  "target_high": 40.0,
  "target_low": 28.4,
  "target_mean": 36.82857,
  "target_median": 37.5,
  "recommendation": "hold",
  "num_analysts": 14,
  "income_stmt": {
    "2024-12-31T00:00:00": {
      "Tax Effect Of Unusual Items": -138546000.0,
      "Tax Rate For Calcs": 0.258,
      "Total Unusual Items": -537000000.0,
      "Total Unusual Items Excluding Goodwill": -537000000.0,
      "Net Income From Continuing Operation Net Minority Interest": 2677000000.0,
      "Reconciled Depreciation": 806000000.0,
      "Net Interest Income": 8332000000.0,
      "Interest Expense": 12884000000.0,
      "Interest Income": 21216000000.0,
      "Normalized Income": 3075454000.0,
      "Net Income From Continuing And Discontinued Operation": 2677000000.0,
      "Diluted Average Shares": 1187511643.0,
      "Basic Average Shares": 1187511643.0,
      "Diluted EPS": 2.08,
      "Basic EPS": 2.08,
      "Diluted NI Availto Com Stockholders": 2465000000.0,
      "Net Income Common Stockholders": 2465000000.0,
      "Otherunder Preferred Stock Dividend": 212000000.0,
      "Net Income": 2677000000.0,
      "Minority Interests": -168000000.0,
      "Net Income Including Noncontrolling Interests": 2845000000.0,
      "Net Income Discontinuous Operations": null,
      "Net Income Continuous Operations": 2845000000.0,
      "Tax Provision": 989000000.0,
      "Pretax Income": 3833000000.0,
      "Special Income Charges": -531000000.0,
      "Other Special Charges": 528000000.0,
      "Impairment Of Capital Assets": 0.0,
      "Restructuring And Mergern Acquisition": 3000000.0,
      "Gain On Sale Of Security": 14000000.0,
      "Operating Expense": 7264000000.0,
      "Other Operating Expenses": 863000000.0,
      "Depreciation And Amortization In Income Statement": 806000000.0,
      "Amortization": 409000000.0,
      "Depreciation Income Statement": 397000000.0,
      "Selling General And Administration": 1485000000.0,
      "Selling And Marketing Expense": 214000000.0,
      "General And Administrative Expense": 1271000000.0,
      "Insurance And Claims": 74000000.0,
      "Rent And Landing Fees": 339000000.0,
      "Total Revenue": 12362000000.0,
      "Operating Revenue": 12362000000.0
    },
    "2023-12-31T00:00:00": {
      "Tax Effect Of Unusual Items": -111331000.0,
      "Tax Rate For Calcs": 0.349,
      "Total Unusual Items": -319000000.0,
      "Total Unusual Items Excluding Goodwill": -319000000.0,
      "Net Income From Continuing Operation Net Minority Interest": 2224000000.0,
      "Reconciled Depreciation": 769000000.0,
      "Net Interest Income": 8367000000.0,
      "Interest Expense": 9895000000.0,
      "Interest Income": 18262000000.0,
      "Normalized Income": 2431669000.0,
      "Net Income From Continuing And Discontinued Operation": 2224000000.0,
      "Diluted Average Shares": 1245699309.0,
      "Basic Average Shares": 1245699309.0,
      "Diluted EPS": 1.63,
      "Basic EPS": 1.63,
      "Diluted NI Availto Com Stockholders": 2030000000.0,
      "Net Income Common Stockholders": 2030000000.0,
      "Otherunder Preferred Stock Dividend": 194000000.0,
      "Net Income": 2224000000.0,
      "Minority Interests": 10000000.0,
      "Net Income Including Noncontrolling Interests": 2214000000.0,
      "Net Income Discontinuous Operations": null,
      "Net Income Continuous Operations": 2214000000.0,
      "Tax Provision": 1188000000.0,
      "Pretax Income": 3403000000.0,
      "Special Income Charges": -298000000.0,
      "Other Special Charges": 256000000.0,
      "Impairment Of Capital Assets": 24000000.0,
      "Restructuring And Mergern Acquisition": 18000000.0,
      "Gain On Sale Of Security": -109000000.0,
      "Operating Expense": 7506000000.0,
      "Other Operating Expenses": 1367000000.0,
      "Depreciation And Amortization In Income Statement": 769000000.0,
      "Amortization": 388000000.0,
      "Depreciation Income Statement": 381000000.0,
      "Selling General And Administration": 1405000000.0,
      "Selling And Marketing Expense": 197000000.0,
      "General And Administrative Expense": 1208000000.0,
      "Insurance And Claims": 64000000.0,
      "Rent And Landing Fees": 344000000.0,
      "Total Revenue": 11812000000.0,
      "Operating Revenue": 11812000000.0
    },
    "2022-12-31T00:00:00": {
      "Tax Effect Of Unusual Items": -67405000.0,
      "Tax Rate For Calcs": 0.305,
      "Total Unusual Items": -221000000.0,
      "Total Unusual Items Excluding Goodwill": -221000000.0,
      "Net Income From Continuing Operation Net Minority Interest": 1435000000.0,
      "Reconciled Depreciation": 811000000.0,
      "Net Interest Income": 6460000000.0,
      "Interest Expense": 3872000000.0,
      "Interest Income": 10332000000.0,
      "Normalized Income": 1588595000.0,
      "Net Income From Continuing And Discontinued Operation": 1435000000.0,
      "Diluted Average Shares": 1252357634.0,
      "Basic Average Shares": 1252357634.0,
      "Diluted EPS": 0.99,
      "Basic EPS": 0.99,
      "Diluted NI Availto Com Stockholders": 1245000000.0,
      "Net Income Common Stockholders": 1245000000.0,
      "Otherunder Preferred Stock Dividend": 190000000.0,
      "Net Income": 1435000000.0,
      "Minority Interests": 42000000.0,
      "Net Income Including Noncontrolling Interests": 1393000000.0,
      "Net Income Discontinuous Operations": null,
      "Net Income Continuous Operations": 1393000000.0,
      "Tax Provision": 612000000.0,
      "Pretax Income": 2005000000.0,
      "Special Income Charges": -138000000.0,
      "Other Special Charges": 34000000.0,
      "Impairment Of Capital Assets": 10000000.0,
      "Restructuring And Mergern Acquisition": 94000000.0,
      "Gain On Sale Of Security": 71000000.0,
      "Operating Expense": 7410000000.0,
      "Other Operating Expenses": 1288000000.0,
      "Depreciation And Amortization In Income Statement": 811000000.0,
      "Amortization": 411000000.0,
      "Depreciation Income Statement": 400000000.0,
      "Selling General And Administration": 1253000000.0,
      "Selling And Marketing Expense": 167000000.0,
      "General And Administrative Expense": 1086000000.0,
      "Insurance And Claims": 178000000.0,
      "Rent And Landing Fees": 372000000.0,
      "Total Revenue": 10390000000.0,
      "Operating Revenue": 10390000000.0
    },
    "2021-12-31T00:00:00": {
      "Tax Effect Of Unusual Items": -481200000.0,
      "Tax Rate For Calcs": 0.3,
      "Total Unusual Items": -1604000000.0,
      "Total Unusual Items Excluding Goodwill": -1604000000.0,
      "Net Income From Continuing Operation Net Minority Interest": 430000000.0,
      "Reconciled Depreciation": 875000000.0,
      "Net Interest Income": 4847000000.0,
      "Interest Expense": 2420000000.0,
      "Interest Income": 7267000000.0,
      "Normalized Income": 1552800000.0,
      "Net Income From Continuing And Discontinued Operation": 430000000.0,
      "Diluted Average Shares": 1252357634.0,
      "Basic Average Shares": 1252357634.0,
      "Diluted EPS": 0.23,
      "Basic EPS": 0.23,
      "Diluted NI Availto Com Stockholders": 291000000.0,
      "Net Income Common Stockholders": 291000000.0,
      "Otherunder Preferred Stock Dividend": 139000000.0,
      "Net Income": 430000000.0,
      "Minority Interests": 77000000.0,
      "Net Income Including Noncontrolling Interests": 354000000.0,
      "Net Income Discontinuous Operations": 0.0,
      "Net Income Continuous Operations": 354000000.0,
      "Tax Provision": -248000000.0,
      "Pretax Income": 105000000.0,
      "Special Income Charges": -1607000000.0,
      "Other Special Charges": 315000000.0,
      "Impairment Of Capital Assets": 214000000.0,
      "Restructuring And Mergern Acquisition": 1078000000.0,
      "Gain On Sale Of Security": 585000000.0,
      "Operating Expense": 7380000000.0,
      "Other Operating Expenses": 1138000000.0,
      "Depreciation And Amortization In Income Statement": 875000000.0,
      "Amortization": 430000000.0,
      "Depreciation Income Statement": 445000000.0,
      "Selling General And Administration": 1344000000.0,
      "Selling And Marketing Expense": 145000000.0,
      "General And Administrative Expense": 1199000000.0,
      "Insurance And Claims": 113000000.0,
      "Rent And Landing Fees": 364000000.0,
      "Total Revenue": 9645000000.0,
      "Operating Revenue": 9645000000.0
    }
  },
  "quarterly_income": {
    "2025-12-31T00:00:00": {
      "Tax Effect Of Unusual Items": null,
      "Tax Rate For Calcs": null,
      "Total Unusual Items": null,
      "Total Unusual Items Excluding Goodwill": null,
      "Net Income From Continuing Operation Net Minority Interest": null,
      "Net Interest Income": null,
      "Interest Expense": null,
      "Interest Income": null,
      "Normalized Income": null,
      "Net Income From Continuing And Discontinued Operation": null,
      "Diluted Average Shares": null,
      "Basic Average Shares": null,
      "Diluted EPS": 0.653661,
      "Basic EPS": 0.653661,
      "Diluted NI Availto Com Stockholders": null,
      "Net Income Common Stockholders": null,
      "Otherunder Preferred Stock Dividend": null,
      "Net Income": null,
      "Minority Interests": null,
      "Net Income Including Noncontrolling Interests": null,
      "Net Income Continuous Operations": null,
      "Tax Provision": null,
      "Pretax Income": null,
      "Special Income Charges": null,
      "Other Special Charges": null,
      "Restructuring And Mergern Acquisition": null,
      "Gain On Sale Of Security": null,
      "Operating Expense": null,
      "Other Operating Expenses": null,
      "Total Revenue": null,
      "Operating Revenue": null
    },
    "2025-09-30T00:00:00": {
      "Tax Effect Of Unusual Items": -21485881.2074,
      "Tax Rate For Calcs": 0.364167,
      "Total Unusual Items": -59000000.0,
      "Total Unusual Items Excluding Goodwill": -59000000.0,
      "Net Income From Continuing Operation Net Minority Interest": 592000000.0,
      "Net Interest Income": 2047000000.0,
      "Interest Expense": 2785000000.0,
      "Interest Income": 4832000000.0,
      "Normalized Income": 629514118.7926,
      "Net Income From Continuing And Discontinued Operation": 592000000.0,
      "Diluted Average Shares": null,
      "Basic Average Shares": null,
      "Diluted EPS": null,
      "Basic EPS": null,
      "Diluted NI Availto Com Stockholders": 591000000.0,
      "Net Income Common Stockholders": 591000000.0,
      "Otherunder Preferred Stock Dividend": 1000000.0,
      "Net Income": 592000000.0,
      "Minority Interests": -61000000.0,
      "Net Income Including Noncontrolling Interests": 652000000.0,
      "Net Income Continuous Operations": 652000000.0,
      "Tax Provision": 374000000.0,
      "Pretax Income": 1027000000.0,
      "Special Income Charges": -24000000.0,
      "Other Special Charges": null,
      "Restructuring And Mergern Acquisition": 19000000.0,
      "Gain On Sale Of Security": -151000000.0,
      "Operating Expense": 1232000000.0,
      "Other Operating Expenses": 4530000000.0,
      "Total Revenue": 2496000000.0,
      "Operating Revenue": 2496000000.0
    },
    "2025-06-30T00:00:00": {
      "Tax Effect Of Unusual Items": -100888888.888889,
      "Tax Rate For Calcs": 0.222222,
      "Total Unusual Items": -454000000.0,
      "Total Unusual Items Excluding Goodwill": -454000000.0,
      "Net Income From Continuing Operation Net Minority Interest": 462000000.0,
      "Net Interest Income": 2059000000.0,
      "Interest Expense": 2810000000.0,
      "Interest Income": 4869000000.0,
      "Normalized Income": 815111111.111111,
      "Net Income From Continuing And Discontinued Operation": 462000000.0,
      "Diluted Average Shares": null,
      "Basic Average Shares": null,
      "Diluted EPS": null,
      "Basic EPS": null,
      "Diluted NI Availto Com Stockholders": 209000000.0,
      "Net Income Common Stockholders": 209000000.0,
      "Otherunder Preferred Stock Dividend": null,
      "Net Income": 462000000.0,
      "Minority Interests": -64000000.0,
      "Net Income Including Noncontrolling Interests": 525000000.0,
      "Net Income Continuous Operations": 525000000.0,
      "Tax Provision": 150000000.0,
      "Pretax Income": 675000000.0,
      "Special Income Charges": -489000000.0,
      "Other Special Charges": null,
      "Restructuring And Mergern Acquisition": 494000000.0,
      "Gain On Sale Of Security": 164000000.0,
      "Operating Expense": 2119000000.0,
      "Other Operating Expenses": -1179000000.0,
      "Total Revenue": 3459000000.0,
      "Operating Revenue": 3459000000.0
    },
    "2025-03-31T00:00:00": {
      "Tax Effect Of Unusual Items": -10311710.193766,
      "Tax Rate For Calcs": 0.257793,
      "Total Unusual Items": -40000000.0,
      "Total Unusual Items Excluding Goodwill": -40000000.0,
      "Net Income From Continuing Operation Net Minority Interest": 834000000.0,
      "Net Interest Income": 2071000000.0,
      "Interest Expense": 2809000000.0,
      "Interest Income": 4880000000.0,
      "Normalized Income": 863688289.806234,
      "Net Income From Continuing And Discontinued Operation": 834000000.0,
      "Diluted Average Shares": 1142465753.0,
      "Basic Average Shares": 1142465753.0,
      "Diluted EPS": 0.73,
      "Basic EPS": 0.73,
      "Diluted NI Availto Com Stockholders": 834000000.0,
      "Net Income Common Stockholders": 834000000.0,
      "Otherunder Preferred Stock Dividend": null,
      "Net Income": 834000000.0,
      "Minority Interests": -46000000.0,
      "Net Income Including Noncontrolling Interests": 881000000.0,
      "Net Income Continuous Operations": 881000000.0,
      "Tax Provision": 306000000.0,
      "Pretax Income": 1187000000.0,
      "Special Income Charges": -40000000.0,
      "Other Special Charges": null,
      "Restructuring And Mergern Acquisition": 40000000.0,
      "Gain On Sale Of Security": 38000000.0,
      "Operating Expense": 1722000000.0,
      "Other Operating Expenses": 1722000000.0,
      "Total Revenue": 3062000000.0,
      "Operating Revenue": 3062000000.0
    },
    "2024-12-31T00:00:00": {
      "Tax Effect Of Unusual Items": -79853413.654618,
      "Tax Rate For Calcs": 0.182731,
      "Total Unusual Items": -437000000.0,
      "Total Unusual Items Excluding Goodwill": -437000000.0,
      "Net Income From Continuing Operation Net Minority Interest": 751000000.0,
      "Net Interest Income": 2081000000.0,
      "Interest Expense": 3033000000.0,
      "Interest Income": 5114000000.0,
      "Normalized Income": 1108146586.345382,
      "Net Income From Continuing And Discontinued Operation": 751000000.0,
      "Diluted Average Shares": null,
      "Basic Average Shares": null,
      "Diluted EPS": null,
      "Basic EPS": null,
      "Diluted NI Availto Com Stockholders": 733000000.0,
      "Net Income Common Stockholders": 733000000.0,
      "Otherunder Preferred Stock Dividend": 18000000.0,
      "Net Income": 751000000.0,
      "Minority Interests": -65000000.0,
      "Net Income Including Noncontrolling Interests": 815000000.0,
      "Net Income Continuous Operations": 815000000.0,
      "Tax Provision": 182000000.0,
      "Pretax Income": 996000000.0,
      "Special Income Charges": -431000000.0,
      "Other Special Charges": 432000000.0,
      "Restructuring And Mergern Acquisition": -1000000.0,
      "Gain On Sale Of Security": 50000000.0,
      "Operating Expense": 2484000000.0,
      "Other Operating Expenses": -3917000000.0,
      "Total Revenue": 4117000000.0,
      "Operating Revenue": 4117000000.0
    },
    "2024-09-30T00:00:00": {
      "Tax Effect Of Unusual Items": -25054298.642534,
      "Tax Rate For Calcs": 0.221719,
      "Total Unusual Items": -113000000.0,
      "Total Unusual Items Excluding Goodwill": -113000000.0,
      "Net Income From Continuing Operation Net Minority Interest": 641000000.0,
      "Net Interest Income": 2048000000.0,
      "Interest Expense": 3280000000.0,
      "Interest Income": 5328000000.0,
      "Normalized Income": 728945701.357466,
      "Net Income From Continuing And Discontinued Operation": 641000000.0,
      "Diluted Average Shares": null,
      "Basic Average Shares": null,
      "Diluted EPS": null,
      "Basic EPS": null,
      "Diluted NI Availto Com Stockholders": 642000000.0,
      "Net Income Common Stockholders": 642000000.0,
      "Otherunder Preferred Stock Dividend": -1000000.0,
      "Net Income": 641000000.0,
      "Minority Interests": -46000000.0,
      "Net Income Including Noncontrolling Interests": 688000000.0,
      "Net Income Continuous Operations": 688000000.0,
      "Tax Provision": 196000000.0,
      "Pretax Income": 884000000.0,
      "Special Income Charges": -113000000.0,
      "Other Special Charges": 111000000.0,
      "Restructuring And Mergern Acquisition": 2000000.0,
      "Gain On Sale Of Security": -157000000.0,
      "Operating Expense": 871000000.0,
      "Other Operating Expenses": 3980000000.0,
      "Total Revenue": 2131000000.0,
      "Operating Revenue": 2131000000.0
    }
  },
  "balance_sheet": {
    "2024-12-31T00:00:00": {
      "Treasury Shares Number": 31078067.0,
      "Ordinary Shares Number": 1153590942.0,
      "Share Issued": 1184669009.0,
      "Total Debt": 54886000000.0,
      "Tangible Book Value": 32683000000.0,
      "Invested Capital": 87794000000.0,
      "Net Tangible Assets": 32683000000.0,
      "Common Stock Equity": 34468000000.0,
      "Total Capitalization": 87794000000.0,
      "Total Equity Gross Minority Interest": 35717000000.0,
      "Minority Interest": 1249000000.0,
      "Stockholders Equity": 34468000000.0,
      "Other Equity Interest": 4425000000.0,
      "Retained Earnings": 19000000000.0,
      "Additional Paid In Capital": 10143000000.0,
      "Capital Stock": 1154000000.0,
      "Common Stock": 1154000000.0,
      "Total Liabilities Net Minority Interest": 518929000000.0,
      "Derivative Product Liabilities": 21747000000.0,
      "Long Term Debt And Capital Lease Obligation": 54886000000.0,
      "Payables": 596000000.0,
      "Other Payable": 129000000.0,
      "Total Tax Payable": 467000000.0,
      "Total Assets": 554646000000.0,
      "Defined Pension Benefit": 788000000.0,
      "Investments And Advances": 128184000000.0,
      "Investmentin Financial Assets": 128018000000.0,
      "Available For Sale Securities": 88469000000.0,
      "Financial Assets Designatedas Fair Value Through Profitor Loss Total": 4773000000.0,
      "Trading Securities": 10593000000.0,
      "Long Term Equity Investment": 166000000.0,
      "Investment Properties": 322000000.0,
      "Goodwill And Other Intangible Assets": 1785000000.0,
      "Other Intangible Assets": 1673000000.0,
      "Goodwill": 112000000.0,
      "Net PPE": 2243000000.0,
      "Accumulated Depreciation": -3844000000.0,
      "Gross PPE": 6087000000.0,
      "Other Properties": 3942000000.0,
      "Machinery Furniture Equipment": 1667000000.0,
      "Properties": 478000000.0,
      "Receivables": 212000000.0,
      "Taxes Receivable": 216000000.0,
      "Cash And Cash Equivalents": 79122000000.0,
      "Cash Equivalents": 0.0,
      "Cash Financial": 1078000000.0,
      "Cash Cash Equivalents And Federal Funds Sold": 79122000000.0
    },
    "2023-12-31T00:00:00": {
      "Treasury Shares Number": 0.0,
      "Ordinary Shares Number": 1240223329.0,
      "Share Issued": 1240223329.0,
      "Total Debt": 48254000000.0,
      "Tangible Book Value": 30598000000.0,
      "Invested Capital": 78572000000.0,
      "Net Tangible Assets": 30598000000.0,
      "Common Stock Equity": 31992000000.0,
      "Total Capitalization": 78572000000.0,
      "Total Equity Gross Minority Interest": 33008000000.0,
      "Minority Interest": 1016000000.0,
      "Stockholders Equity": 31992000000.0,
      "Other Equity Interest": 3114000000.0,
      "Retained Earnings": 18026000000.0,
      "Additional Paid In Capital": 10087000000.0,
      "Capital Stock": 1240000000.0,
      "Common Stock": 1240000000.0,
      "Total Liabilities Net Minority Interest": 484158000000.0,
      "Derivative Product Liabilities": 16679000000.0,
      "Long Term Debt And Capital Lease Obligation": 48254000000.0,
      "Payables": 590000000.0,
      "Other Payable": 55000000.0,
      "Total Tax Payable": 535000000.0,
      "Total Assets": 517166000000.0,
      "Defined Pension Benefit": 655000000.0,
      "Investments And Advances": 100700000000.0,
      "Investmentin Financial Assets": 100558000000.0,
      "Available For Sale Securities": 69665000000.0,
      "Financial Assets Designatedas Fair Value Through Profitor Loss Total": 4369000000.0,
      "Trading Securities": 6753000000.0,
      "Long Term Equity Investment": 142000000.0,
      "Investment Properties": 53000000.0,
      "Goodwill And Other Intangible Assets": 1394000000.0,
      "Other Intangible Assets": 1394000000.0,
      "Goodwill": 0.0,
      "Net PPE": 2352000000.0,
      "Accumulated Depreciation": -3500000000.0,
      "Gross PPE": 5852000000.0,
      "Other Properties": 3731000000.0,
      "Machinery Furniture Equipment": 1641000000.0,
      "Properties": 480000000.0,
      "Receivables": 241000000.0,
      "Taxes Receivable": 138000000.0,
      "Cash And Cash Equivalents": 102692000000.0,
      "Cash Equivalents": 0.0,
      "Cash Financial": 1108000000.0,
      "Cash Cash Equivalents And Federal Funds Sold": 102692000000.0
    },
    "2022-12-31T00:00:00": {
      "Treasury Shares Number": null,
      "Ordinary Shares Number": 1252357634.0,
      "Share Issued": 1252357634.0,
      "Total Debt": 43765000000.0,
      "Tangible Book Value": 28756000000.0,
      "Invested Capital": 72102000000.0,
      "Net Tangible Assets": 28756000000.0,
      "Common Stock Equity": 30045000000.0,
      "Total Capitalization": 72102000000.0,
      "Total Equity Gross Minority Interest": 30933000000.0,
      "Minority Interest": 888000000.0,
      "Stockholders Equity": 30045000000.0,
      "Other Equity Interest": 3114000000.0,
      "Retained Earnings": 16495000000.0,
      "Additional Paid In Capital": 10075000000.0,
      "Capital Stock": 1252000000.0,
      "Common Stock": 1252000000.0,
      "Total Liabilities Net Minority Interest": 446495000000.0,
      "Derivative Product Liabilities": 21589000000.0,
      "Long Term Debt And Capital Lease Obligation": 43765000000.0,
      "Payables": 907000000.0,
      "Other Payable": 81000000.0,
      "Total Tax Payable": 826000000.0,
      "Total Assets": 477428000000.0,
      "Defined Pension Benefit": 625000000.0,
      "Investments And Advances": 96911000000.0,
      "Investmentin Financial Assets": 96729000000.0,
      "Available For Sale Securities": 63374000000.0,
      "Financial Assets Designatedas Fair Value Through Profitor Loss Total": 3342000000.0,
      "Trading Securities": 5899000000.0,
      "Long Term Equity Investment": 182000000.0,
      "Investment Properties": 57000000.0,
      "Goodwill And Other Intangible Assets": 1289000000.0,
      "Other Intangible Assets": 1289000000.0,
      "Goodwill": null,
      "Net PPE": 2427000000.0,
      "Accumulated Depreciation": -3530000000.0,
      "Gross PPE": 5957000000.0,
      "Other Properties": 3721000000.0,
      "Machinery Furniture Equipment": 1730000000.0,
      "Properties": 506000000.0,
      "Receivables": 256000000.0,
      "Taxes Receivable": 178000000.0,
      "Cash And Cash Equivalents": 86647000000.0,
      "Cash Equivalents": 0.0,
      "Cash Financial": 1082000000.0,
      "Cash Cash Equivalents And Federal Funds Sold": 86647000000.0
    },
    "2021-12-31T00:00:00": {
      "Treasury Shares Number": null,
      "Ordinary Shares Number": 1252357634.0,
      "Share Issued": 1252357634.0,
      "Total Debt": 43845000000.0,
      "Tangible Book Value": 27608000000.0,
      "Invested Capital": 70763000000.0,
      "Net Tangible Assets": 27608000000.0,
      "Common Stock Equity": 28851000000.0,
      "Total Capitalization": 70763000000.0,
      "Total Equity Gross Minority Interest": 29826000000.0,
      "Minority Interest": 975000000.0,
      "Stockholders Equity": 28851000000.0,
      "Other Equity Interest": 3114000000.0,
      "Retained Earnings": 14979000000.0,
      "Additional Paid In Capital": 10075000000.0,
      "Capital Stock": 1252000000.0,
      "Common Stock": 1252000000.0,
      "Total Liabilities Net Minority Interest": 437583000000.0,
      "Derivative Product Liabilities": 32966000000.0,
      "Long Term Debt And Capital Lease Obligation": 43845000000.0,
      "Payables": 608000000.0,
      "Other Payable": 59000000.0,
      "Total Tax Payable": 549000000.0,
      "Total Assets": 467409000000.0,
      "Defined Pension Benefit": 514000000.0,
      "Investments And Advances": 116466000000.0,
      "Investmentin Financial Assets": 116291000000.0,
      "Available For Sale Securities": 73898000000.0,
      "Financial Assets Designatedas Fair Value Through Profitor Loss Total": 4620000000.0,
      "Trading Securities": 7293000000.0,
      "Long Term Equity Investment": 175000000.0,
      "Investment Properties": 41000000.0,
      "Goodwill And Other Intangible Assets": 1243000000.0,
      "Other Intangible Assets": 1243000000.0,
      "Goodwill": 0.0,
      "Net PPE": 2880000000.0,
      "Accumulated Depreciation": -3395000000.0,
      "Gross PPE": 6275000000.0,
      "Other Properties": 3961000000.0,
      "Machinery Furniture Equipment": 1788000000.0,
      "Properties": 526000000.0,
      "Receivables": 269000000.0,
      "Taxes Receivable": 222000000.0,
      "Cash And Cash Equivalents": 60207000000.0,
      "Cash Equivalents": 0.0,
      "Cash Financial": 9188000000.0,
      "Cash Cash Equivalents And Federal Funds Sold": 60207000000.0
    }
  },
  "cashflow": {
    "2024-12-31T00:00:00": {
      "Free Cash Flow": -21461000000.0,
      "Repurchase Of Capital Stock": -1072000000.0,
      "Issuance Of Capital Stock": null,
      "Capital Expenditure": -1146000000.0,
      "End Cash Position": 73001000000.0,
      "Other Cash Adjustment Outside Changein Cash": -1000000.0,
      "Beginning Cash Position": 93126000000.0,
      "Effect Of Exchange Rate Changes": 939000000.0,
      "Changes In Cash": -21063000000.0,
      "Financing Cash Flow": 565000000.0,
      "Net Other Financing Charges": 1099000000.0,
      "Cash Dividends Paid": -415000000.0,
      "Common Stock Dividend Paid": -415000000.0,
      "Net Common Stock Issuance": -1072000000.0,
      "Common Stock Payments": -1072000000.0,
      "Common Stock Issuance": null,
      "Net Issuance Payments Of Debt": 1245000000.0,
      "Net Long Term Debt Issuance": 1245000000.0,
      "Investing Cash Flow": -1313000000.0,
      "Net Other Investing Changes": 1000000.0,
      "Net Business Purchase And Sale": -203000000.0,
      "Sale Of Business": 59000000.0,
      "Purchase Of Business": -262000000.0,
      "Net PPE Purchase And Sale": -1111000000.0,
      "Sale Of PPE": 35000000.0,
      "Purchase Of PPE": -1146000000.0,
      "Capital Expenditure Reported": null,
      "Operating Cash Flow": -20315000000.0,
      "Taxes Refund Paid": -544000000.0,
      "Interest Received Cfo": 20864000000.0,
      "Interest Paid Cfo": -12832000000.0,
      "Dividend Received Cfo": 44000000.0,
      "Change In Working Capital": -27125000000.0,
      "Change In Other Current Liabilities": -1989000000.0,
      "Change In Other Current Assets": -560000000.0,
      "Other Non Cash Items": -5776000000.0,
      "Provisionand Write Offof Assets": 2197000000.0,
      "Gain Loss On Sale Of PPE": 12000000.0,
      "Net Income From Continuing Operations": 2845000000.0
    },
    "2023-12-31T00:00:00": {
      "Free Cash Flow": 19284000000.0,
      "Repurchase Of Capital Stock": -122000000.0,
      "Issuance Of Capital Stock": null,
      "Capital Expenditure": -998000000.0,
      "End Cash Position": 93126000000.0,
      "Other Cash Adjustment Outside Changein Cash": null,
      "Beginning Cash Position": 75233000000.0,
      "Effect Of Exchange Rate Changes": -180000000.0,
      "Changes In Cash": 18073000000.0,
      "Financing Cash Flow": -1289000000.0,
      "Net Other Financing Charges": -195000000.0,
      "Cash Dividends Paid": -250000000.0,
      "Common Stock Dividend Paid": -250000000.0,
      "Net Common Stock Issuance": -122000000.0,
      "Common Stock Payments": -122000000.0,
      "Common Stock Issuance": null,
      "Net Issuance Payments Of Debt": -439000000.0,
      "Net Long Term Debt Issuance": -439000000.0,
      "Investing Cash Flow": -920000000.0,
      "Net Other Investing Changes": 1000000.0,
      "Net Business Purchase And Sale": 20000000.0,
      "Sale Of Business": 23000000.0,
      "Purchase Of Business": -3000000.0,
      "Net PPE Purchase And Sale": -941000000.0,
      "Sale Of PPE": 57000000.0,
      "Purchase Of PPE": -998000000.0,
      "Capital Expenditure Reported": null,
      "Operating Cash Flow": 20282000000.0,
      "Taxes Refund Paid": -673000000.0,
      "Interest Received Cfo": 17665000000.0,
      "Interest Paid Cfo": -8802000000.0,
      "Dividend Received Cfo": 26000000.0,
      "Change In Working Capital": 15137000000.0,
      "Change In Other Current Liabilities": -672000000.0,
      "Change In Other Current Assets": 15000000.0,
      "Other Non Cash Items": -6111000000.0,
      "Provisionand Write Offof Assets": 814000000.0,
      "Gain Loss On Sale Of PPE": 11000000.0,
      "Net Income From Continuing Operations": 2214000000.0
    },
    "2022-12-31T00:00:00": {
      "Free Cash Flow": 25184000000.0,
      "Repurchase Of Capital Stock": 0.0,
      "Issuance Of Capital Stock": 0.0,
      "Capital Expenditure": -675000000.0,
      "End Cash Position": 75233000000.0,
      "Other Cash Adjustment Outside Changein Cash": null,
      "Beginning Cash Position": 49507000000.0,
      "Effect Of Exchange Rate Changes": 402000000.0,
      "Changes In Cash": 25324000000.0,
      "Financing Cash Flow": 178000000.0,
      "Net Other Financing Charges": null,
      "Cash Dividends Paid": null,
      "Common Stock Dividend Paid": null,
      "Net Common Stock Issuance": 0.0,
      "Common Stock Payments": 0.0,
      "Common Stock Issuance": 0.0,
      "Net Issuance Payments Of Debt": 477000000.0,
      "Net Long Term Debt Issuance": 477000000.0,
      "Investing Cash Flow": -713000000.0,
      "Net Other Investing Changes": -1000000.0,
      "Net Business Purchase And Sale": -92000000.0,
      "Sale Of Business": 76000000.0,
      "Purchase Of Business": -168000000.0,
      "Net PPE Purchase And Sale": -620000000.0,
      "Sale Of PPE": 55000000.0,
      "Purchase Of PPE": -675000000.0,
      "Capital Expenditure Reported": null,
      "Operating Cash Flow": 25859000000.0,
      "Taxes Refund Paid": -233000000.0,
      "Interest Received Cfo": 9585000000.0,
      "Interest Paid Cfo": -3739000000.0,
      "Dividend Received Cfo": 32000000.0,
      "Change In Working Capital": 28883000000.0,
      "Change In Other Current Liabilities": -2570000000.0,
      "Change In Other Current Assets": 482000000.0,
      "Other Non Cash Items": -10651000000.0,
      "Provisionand Write Offof Assets": 554000000.0,
      "Gain Loss On Sale Of PPE": 36000000.0,
      "Net Income From Continuing Operations": 1393000000.0
    },
    "2021-12-31T00:00:00": {
      "Free Cash Flow": -25234000000.0,
      "Repurchase Of Capital Stock": null,
      "Issuance Of Capital Stock": 496000000.0,
      "Capital Expenditure": -973000000.0,
      "End Cash Position": 49507000000.0,
      "Other Cash Adjustment Outside Changein Cash": 1000000.0,
      "Beginning Cash Position": 75603000000.0,
      "Effect Of Exchange Rate Changes": 179000000.0,
      "Changes In Cash": -26276000000.0,
      "Financing Cash Flow": -1211000000.0,
      "Net Other Financing Charges": 495000000.0,
      "Cash Dividends Paid": null,
      "Common Stock Dividend Paid": null,
      "Net Common Stock Issuance": 496000000.0,
      "Common Stock Payments": null,
      "Common Stock Issuance": 496000000.0,
      "Net Issuance Payments Of Debt": -1375000000.0,
      "Net Long Term Debt Issuance": -1375000000.0,
      "Investing Cash Flow": -804000000.0,
      "Net Other Investing Changes": null,
      "Net Business Purchase And Sale": -109000000.0,
      "Sale Of Business": 2000000.0,
      "Purchase Of Business": -111000000.0,
      "Net PPE Purchase And Sale": -695000000.0,
      "Sale Of PPE": 278000000.0,
      "Purchase Of PPE": -973000000.0,
      "Capital Expenditure Reported": -973000000.0,
      "Operating Cash Flow": -24261000000.0,
      "Taxes Refund Paid": -328000000.0,
      "Interest Received Cfo": 7663000000.0,
      "Interest Paid Cfo": -2477000000.0,
      "Dividend Received Cfo": 22000000.0,
      "Change In Working Capital": -35374000000.0,
      "Change In Other Current Liabilities": -2254000000.0,
      "Change In Other Current Assets": 841000000.0,
      "Other Non Cash Items": -414000000.0,
      "Provisionand Write Offof Assets": 6290000000.0,
      "Gain Loss On Sale Of PPE": 4000000.0,
      "Net Income From Continuing Operations": 354000000.0
    }
  },
  "earnings_estimate": {
    "avg": {
      "0q": 0.7802,
      "+1q": 0.75,
      "0y": 3.02592,
      "+1y": 3.64703
    },
    "low": {
      "0q": 0.77,
      "+1q": 0.75,
      "0y": 2.74,
      "+1y": 3.08
    },
    "high": {
      "0q": 0.7904,
      "+1q": 0.75,
      "0y": 3.4,
      "+1y": 4.22
    },
    "yearAgoEps": {
      "0q": 0.756,
      "+1q": 0.34776,
      "0y": 2.7651,
      "+1y": 3.02592
    },
    "numberOfAnalysts": {
      "0q": 2,
      "+1q": 1,
      "0y": 12,
      "+1y": 13
    },
    "growth": {
      "0q": 0.032,
      "+1q": 1.1567,
      "0y": 0.0943,
      "+1y": 0.2053
    }
  },
  "revenue_estimate": {
    "avg": {
      "0q": 0,
      "+1q": 0,
      "0y": 13222552090,
      "+1y": 14037140100
    },
    "low": {
      "0q": 0,
      "+1q": 0,
      "0y": 13024000000,
      "+1y": 13737258930
    },
    "high": {
      "0q": 0,
      "+1q": 0,
      "0y": 13384000000,
      "+1y": 14441000000
    },
    "numberOfAnalysts": {
      "0q": 0,
      "+1q": 0,
      "0y": 10,
      "+1y": 12
    },
    "yearAgoRevenue": {
      "0q": null,
      "+1q": null,
      "0y": 12171000000.0,
      "+1y": 13222552090.0
    },
    "growth": {
      "0q": null,
      "+1q": null,
      "0y": 0.0864,
      "+1y": 0.0616
    }
  },
  "growth_estimates": {
    "stockTrend": {
      "0q": 0.032,
      "+1q": 1.1567,
      "0y": 0.0943,
      "+1y": 0.2053,
      "LTG": null
    },
    "indexTrend": {
      "0q": 0.1273,
      "+1q": 0.103599995,
      "0y": 0.14310001,
      "+1y": 0.1557,
      "LTG": 0.122
    }
  },
  "revenue_forecasts": null,
  "dividend_rate": 1.1,
  "trailing_dividend_rate": 1.1
}