{
  "ticker": "CCO.TO",
  "name": "Cameco",
  "country": "canada",
  "currency": "CAD",
  "last_fetched": "2026-02-26T20:52:20.226952",
  "market_cap": 70020644864,
  "revenue": 3481933056,
  "net_income": 589577024,
  "pe_ratio": 119.977615,
  "forward_pe": 63.629963,
  "dividend_yield": 0.15,
  "profit_margin": 0.16931999,
  "roe": 0.088870004,
  "debt_to_equity": 14.673,
  "beta": 1.101,
  "ev_to_ebitda": 78.049,
  "sector": "Energy",
  "industry": "Uranium",
  "summary": "Cameco Corporation provides uranium for the generation of electricity in the Americas, Europe, and Asia. It operates in three segments: Uranium, Fuel Services, and Westinghouse. The Uranium segment engages in the exploration for, mining, milling, purchase, and sale of uranium concentrate. Its Fuel Services segment is involved in the refining, conversion, and fabrication of uranium concentrate, as well as purchase and sale of conversion services. The Westinghouse segment operates as a nuclear reactor technology original equipment manufacturer and a provider of products and services to commercial utilities and government agencies. It also provides outage and maintenance, engineering support, instrumentation and controls equipment, and plant modification services, as well as components and parts to nuclear reactors. The company sells its uranium and fuel products and services to nuclear utilities. Cameco Corporation was incorporated in 1987 and is headquartered in Saskatoon, Canada.",
  "website": "https://www.cameco.com",
  "employees": null,
  "target_high": 185.0,
  "target_low": 150.0,
  "target_mean": 172.5625,
  "target_median": 176.0,
  "recommendation": "buy",
  "num_analysts": 16,
  "income_stmt": {
    "2025-12-31T00:00:00": {
      "Tax Effect Of Unusual Items": 7284046.208416,
      "Tax Rate For Calcs": 0.241513,
      "Normalized EBITDA": 1135914000.0,
      "Total Unusual Items": 30160000.0,
      "Total Unusual Items Excluding Goodwill": 30160000.0,
      "Net Income From Continuing Operation Net Minority Interest": 589577000.0,
      "Reconciled Depreciation": 293094000.0,
      "Reconciled Cost Of Revenue": 2511660000.0,
      "EBITDA": 1166074000.0,
      "EBIT": 872980000.0,
      "Net Interest Income": -92003000.0,
      "Interest Expense": 95719000.0,
      "Interest Income": 23172000.0,
      "Normalized Income": 566701046.208416,
      "Net Income From Continuing And Discontinued Operation": 589577000.0,
      "Total Expenses": 2860674000.0,
      "Total Operating Income As Reported": 618142000.0,
      "Diluted Average Shares": 435580000.0,
      "Basic Average Shares": 435362000.0,
      "Diluted EPS": 1.35,
      "Basic EPS": 1.35,
      "Diluted NI Availto Com Stockholders": 589577000.0,
      "Net Income Common Stockholders": 589577000.0,
      "Net Income": 589577000.0,
      "Minority Interests": 35000.0,
      "Net Income Including Noncontrolling Interests": 589542000.0,
      "Net Income Continuous Operations": 589542000.0,
      "Tax Provision": 187719000.0,
      "Pretax Income": 777261000.0,
      "Other Income Expense": 248005000.0,
      "Other Non Operating Income Expenses": 1459000.0,
      "Special Income Charges": -3117000.0,
      "Gain On Sale Of Ppe": -3117000.0,
      "Restructuring And Mergern Acquisition": null,
      "Earnings From Equity Interest": 216386000.0,
      "Gain On Sale Of Security": 33277000.0,
      "Net Non Operating Interest Income Expense": -92003000.0,
      "Total Other Finance Cost": 19456000.0,
      "Interest Expense Non Operating": 95719000.0,
      "Interest Income Non Operating": 23172000.0,
      "Operating Income": 621259000.0,
      "Operating Expense": 349014000.0,
      "Other Operating Expenses": -703000.0,
      "Research And Development": 38467000.0,
      "Selling General And Administration": 311250000.0,
      "General And Administrative Expense": 311250000.0,
      "Other Gand A": 311250000.0,
      "Gross Profit": 970273000.0,
      "Cost Of Revenue": 2511660000.0,
      "Total Revenue": 3481933000.0,
      "Operating Revenue": 3481933000.0
    },
    "2024-12-31T00:00:00": {
      "Tax Effect Of Unusual Items": -39147240.0,
      "Tax Rate For Calcs": 0.33,
      "Normalized EBITDA": 784210000.0,
      "Total Unusual Items": -118628000.0,
      "Total Unusual Items Excluding Goodwill": -118628000.0,
      "Net Income From Continuing Operation Net Minority Interest": 171853000.0,
      "Reconciled Depreciation": 280702000.0,
      "Reconciled Cost Of Revenue": 2353190000.0,
      "EBITDA": 665582000.0,
      "EBIT": 384880000.0,
      "Net Interest Income": -125943000.0,
      "Interest Expense": 128164000.0,
      "Interest Income": 21228000.0,
      "Normalized Income": 251333760.0,
      "Net Income From Continuing And Discontinued Operation": 171853000.0,
      "Total Expenses": 2624616000.0,
      "Total Operating Income As Reported": 510114000.0,
      "Diluted Average Shares": 435956000.0,
      "Basic Average Shares": 434870000.0,
      "Diluted EPS": 0.39,
      "Basic EPS": 0.4,
      "Diluted NI Availto Com Stockholders": 171853000.0,
      "Net Income Common Stockholders": 171853000.0,
      "Net Income": 171853000.0,
      "Minority Interests": 11000.0,
      "Net Income Including Noncontrolling Interests": 171842000.0,
      "Net Income Continuous Operations": 171842000.0,
      "Tax Provision": 84874000.0,
      "Pretax Income": 256716000.0,
      "Other Income Expense": -128497000.0,
      "Other Non Operating Income Expenses": 975000.0,
      "Special Income Charges": -1042000.0,
      "Gain On Sale Of Ppe": -1042000.0,
      "Restructuring And Mergern Acquisition": null,
      "Earnings From Equity Interest": -10844000.0,
      "Gain On Sale Of Security": -117586000.0,
      "Net Non Operating Interest Income Expense": -125943000.0,
      "Total Other Finance Cost": 19007000.0,
      "Interest Expense Non Operating": 128164000.0,
      "Interest Income Non Operating": 21228000.0,
      "Operating Income": 511156000.0,
      "Operating Expense": 271426000.0,
      "Other Operating Expenses": -18264000.0,
      "Research And Development": 36540000.0,
      "Selling General And Administration": 253150000.0,
      "General And Administrative Expense": 253150000.0,
      "Other Gand A": 253150000.0,
      "Gross Profit": 782582000.0,
      "Cost Of Revenue": 2353190000.0,
      "Total Revenue": 3135772000.0,
      "Operating Revenue": 3135772000.0
    },
    "2023-12-31T00:00:00": {
      "Tax Effect Of Unusual Items": 13302712.730908,
      "Tax Rate For Calcs": 0.259337,
      "Normalized EBITDA": 748227000.0,
      "Total Unusual Items": 51295000.0,
      "Total Unusual Items Excluding Goodwill": 51295000.0,
      "Net Income From Continuing Operation Net Minority Interest": 360847000.0,
      "Reconciled Depreciation": 220324000.0,
      "Reconciled Cost Of Revenue": 2026092000.0,
      "EBITDA": 799522000.0,
      "EBIT": 579198000.0,
      "Net Interest Income": -4199000.0,
      "Interest Expense": 92045000.0,
      "Interest Income": 111670000.0,
      "Normalized Income": 322854712.730908,
      "Net Income From Continuing And Discontinued Operation": 360847000.0,
      "Total Expenses": 2302709000.0,
      "Total Operating Income As Reported": 282861000.0,
      "Diluted Average Shares": 435355000.0,
      "Basic Average Shares": 433383000.0,
      "Diluted EPS": 0.83,
      "Basic EPS": 0.83,
      "Diluted NI Availto Com Stockholders": 360847000.0,
      "Net Income Common Stockholders": 360847000.0,
      "Net Income": 360847000.0,
      "Minority Interests": 31000.0,
      "Net Income Including Noncontrolling Interests": 360816000.0,
      "Net Income Continuous Operations": 360816000.0,
      "Tax Provision": 126337000.0,
      "Pretax Income": 487153000.0,
      "Other Income Expense": 206303000.0,
      "Other Non Operating Income Expenses": 546000.0,
      "Special Income Charges": -2188000.0,
      "Gain On Sale Of Ppe": -2188000.0,
      "Restructuring And Mergern Acquisition": 0.0,
      "Earnings From Equity Interest": 154462000.0,
      "Gain On Sale Of Security": 53483000.0,
      "Net Non Operating Interest Income Expense": -4199000.0,
      "Total Other Finance Cost": 23824000.0,
      "Interest Expense Non Operating": 92045000.0,
      "Interest Income Non Operating": 111670000.0,
      "Operating Income": 285049000.0,
      "Operating Expense": 276617000.0,
      "Other Operating Expenses": 10042000.0,
      "Research And Development": 21036000.0,
      "Selling General And Administration": 245539000.0,
      "General And Administrative Expense": 245539000.0,
      "Other Gand A": 245539000.0,
      "Gross Profit": 561666000.0,
      "Cost Of Revenue": 2026092000.0,
      "Total Revenue": 2587758000.0,
      "Operating Revenue": 2587758000.0
    },
    "2022-12-31T00:00:00": {
      "Tax Effect Of Unusual Items": 6151749.1,
      "Tax Rate For Calcs": 0.2621,
      "Normalized EBITDA": 307738000.0,
      "Total Unusual Items": 23471000.0,
      "Total Unusual Items Excluding Goodwill": 23471000.0,
      "Net Income From Continuing Operation Net Minority Interest": 89382000.0,
      "Reconciled Depreciation": 177376000.0,
      "Reconciled Cost Of Revenue": 1634712000.0,
      "EBITDA": 331209000.0,
      "EBIT": 153833000.0,
      "Net Interest Income": -48229000.0,
      "Interest Expense": 69038000.0,
      "Interest Income": 37499000.0,
      "Normalized Income": 72062749.1,
      "Net Income From Continuing And Discontinued Operation": 89382000.0,
      "Total Expenses": 1852438000.0,
      "Total Operating Income As Reported": 15051000.0,
      "Diluted Average Shares": 407135000.0,
      "Basic Average Shares": 405494353.0,
      "Diluted EPS": 0.22,
      "Basic EPS": 0.22,
      "Diluted NI Availto Com Stockholders": 89382000.0,
      "Net Income Common Stockholders": 89382000.0,
      "Net Income": 89382000.0,
      "Minority Interests": 118000.0,
      "Net Income Including Noncontrolling Interests": 89264000.0,
      "Net Income Continuous Operations": 89264000.0,
      "Tax Provision": -4469000.0,
      "Pretax Income": 84795000.0,
      "Other Income Expense": 117459000.0,
      "Other Non Operating Income Expenses": null,
      "Special Income Charges": 22288000.0,
      "Gain On Sale Of Ppe": -514000.0,
      "Restructuring And Mergern Acquisition": -22802000.0,
      "Earnings From Equity Interest": 93988000.0,
      "Gain On Sale Of Security": 1183000.0,
      "Net Non Operating Interest Income Expense": -48229000.0,
      "Total Other Finance Cost": 16690000.0,
      "Interest Expense Non Operating": 69038000.0,
      "Interest Income Non Operating": 37499000.0,
      "Operating Income": 15565000.0,
      "Operating Expense": 217726000.0,
      "Other Operating Expenses": 33522000.0,
      "Research And Development": 12175000.0,
      "Selling General And Administration": 172029000.0,
      "General And Administrative Expense": 172029000.0,
      "Other Gand A": 172029000.0,
      "Gross Profit": 233291000.0,
      "Cost Of Revenue": 1634712000.0,
      "Total Revenue": 1868003000.0,
      "Operating Revenue": 1868003000.0
    },
    "2021-12-31T00:00:00": {
      "Tax Effect Of Unusual Items": null,
      "Tax Rate For Calcs": null,
      "Normalized EBITDA": null,
      "Total Unusual Items": null,
      "Total Unusual Items Excluding Goodwill": null,
      "Net Income From Continuing Operation Net Minority Interest": null,
      "Reconciled Depreciation": null,
      "Reconciled Cost Of Revenue": null,
      "EBITDA": null,
      "EBIT": null,
      "Net Interest Income": null,
      "Interest Expense": null,
      "Interest Income": null,
      "Normalized Income": null,
      "Net Income From Continuing And Discontinued Operation": null,
      "Total Expenses": null,
      "Total Operating Income As Reported": null,
      "Diluted Average Shares": null,
      "Basic Average Shares": null,
      "Diluted EPS": null,
      "Basic EPS": null,
      "Diluted NI Availto Com Stockholders": null,
      "Net Income Common Stockholders": null,
      "Net Income": null,
      "Minority Interests": null,
      "Net Income Including Noncontrolling Interests": null,
      "Net Income Continuous Operations": null,
      "Tax Provision": null,
      "Pretax Income": null,
      "Other Income Expense": null,
      "Other Non Operating Income Expenses": -302000.0,
      "Special Income Charges": null,
      "Gain On Sale Of Ppe": null,
      "Restructuring And Mergern Acquisition": 0.0,
      "Earnings From Equity Interest": null,
      "Gain On Sale Of Security": null,
      "Net Non Operating Interest Income Expense": null,
      "Total Other Finance Cost": null,
      "Interest Expense Non Operating": null,
      "Interest Income Non Operating": null,
      "Operating Income": null,
      "Operating Expense": null,
      "Other Operating Expenses": null,
      "Research And Development": null,
      "Selling General And Administration": null,
      "General And Administrative Expense": null,
      "Other Gand A": null,
      "Gross Profit": null,
      "Cost Of Revenue": null,
      "Total Revenue": null,
      "Operating Revenue": null
    }
  },
  "quarterly_income": {
    "2025-12-31T00:00:00": {
      "Tax Effect Of Unusual Items": 4481828.05316,
      "Tax Rate For Calcs": 0.192196,
      "Normalized EBITDA": 364456000.0,
      "Total Unusual Items": 23319000.0,
      "Total Unusual Items Excluding Goodwill": 23319000.0,
      "Net Income From Continuing Operation Net Minority Interest": 199066000.0,
      "Reconciled Depreciation": 86912000.0,
      "Reconciled Cost Of Revenue": 928133000.0,
      "EBITDA": 387775000.0,
      "EBIT": 300863000.0,
      "Net Interest Income": -52663000.0,
      "Interest Expense": 54438000.0,
      "Interest Income": 7269000.0,
      "Normalized Income": 180228828.05316,
      "Net Income From Continuing And Discontinued Operation": 199066000.0,
      "Total Expenses": 996608000.0,
      "Total Operating Income As Reported": 173341000.0,
      "Diluted Average Shares": null,
      "Basic Average Shares": null,
      "Diluted EPS": null,
      "Basic EPS": null,
      "Diluted NI Availto Com Stockholders": 199066000.0,
      "Net Income Common Stockholders": 199066000.0,
      "Net Income": 199066000.0,
      "Minority Interests": 3000.0,
      "Net Income Including Noncontrolling Interests": 199063000.0,
      "Net Income Continuous Operations": 199063000.0,
      "Tax Provision": 47362000.0,
      "Pretax Income": 246425000.0,
      "Other Income Expense": 94766000.0,
      "Other Non Operating Income Expenses": 340000.0,
      "Special Income Charges": -1091000.0,
      "Gain On Sale Of Ppe": -1091000.0,
      "Earnings From Equity Interest": 71107000.0,
      "Gain On Sale Of Security": 24410000.0,
      "Net Non Operating Interest Income Expense": -52663000.0,
      "Total Other Finance Cost": 5494000.0,
      "Interest Expense Non Operating": 54438000.0,
      "Interest Income Non Operating": 7269000.0,
      "Operating Income": 204322000.0,
      "Operating Expense": 68475000.0,
      "Other Operating Expenses": -34931000.0,
      "Research And Development": 14911000.0,
      "Selling General And Administration": 88495000.0,
      "General And Administrative Expense": 88495000.0,
      "Other Gand A": 88495000.0,
      "Gross Profit": 272797000.0,
      "Cost Of Revenue": 928133000.0,
      "Total Revenue": 1200930000.0,
      "Operating Revenue": 1200930000.0
    },
    "2025-09-30T00:00:00": {
      "Tax Effect Of Unusual Items": -5987250.0,
      "Tax Rate For Calcs": 0.15,
      "Normalized EBITDA": 127717000.0,
      "Total Unusual Items": -39915000.0,
      "Total Unusual Items Excluding Goodwill": -39915000.0,
      "Net Income From Continuing Operation Net Minority Interest": -141000.0,
      "Reconciled Depreciation": 59108000.0,
      "Reconciled Cost Of Revenue": 444305000.0,
      "EBITDA": 87802000.0,
      "EBIT": 28694000.0,
      "Net Interest Income": -10926000.0,
      "Interest Expense": 12985000.0,
      "Interest Income": 6807000.0,
      "Normalized Income": 33786750.0,
      "Net Income From Continuing And Discontinued Operation": -141000.0,
      "Total Expenses": 532044000.0,
      "Total Operating Income As Reported": 93040000.0,
      "Diluted Average Shares": null,
      "Basic Average Shares": null,
      "Diluted EPS": null,
      "Basic EPS": null,
      "Diluted NI Availto Com Stockholders": -141000.0,
      "Net Income Common Stockholders": -141000.0,
      "Net Income": -141000.0,
      "Minority Interests": 17000.0,
      "Net Income Including Noncontrolling Interests": -158000.0,
      "Net Income Continuous Operations": -158000.0,
      "Tax Provision": 15867000.0,
      "Pretax Income": 15709000.0,
      "Other Income Expense": -55876000.0,
      "Other Non Operating Income Expenses": 330000.0,
      "Special Income Charges": 204000.0,
      "Gain On Sale Of Ppe": 204000.0,
      "Earnings From Equity Interest": -16291000.0,
      "Gain On Sale Of Security": -40119000.0,
      "Net Non Operating Interest Income Expense": -10926000.0,
      "Total Other Finance Cost": 4748000.0,
      "Interest Expense Non Operating": 12985000.0,
      "Interest Income Non Operating": 6807000.0,
      "Operating Income": 82511000.0,
      "Operating Expense": 87739000.0,
      "Other Operating Expenses": 9958000.0,
      "Research And Development": 10282000.0,
      "Selling General And Administration": 67499000.0,
      "General And Administrative Expense": 67499000.0,
      "Other Gand A": 67499000.0,
      "Gross Profit": 170250000.0,
      "Cost Of Revenue": 444305000.0,
      "Total Revenue": 614555000.0,
      "Operating Revenue": 614555000.0
    },
    "2025-06-30T00:00:00": {
      "Tax Effect Of Unusual Items": 10658669.553792,
      "Tax Rate For Calcs": 0.181353,
      "Normalized EBITDA": 442057000.0,
      "Total Unusual Items": 58773000.0,
      "Total Unusual Items Excluding Goodwill": 58773000.0,
      "Net Income From Continuing Operation Net Minority Interest": 320888000.0,
      "Reconciled Depreciation": 86472000.0,
      "Reconciled Cost Of Revenue": 619926000.0,
      "EBITDA": 500830000.0,
      "EBIT": 414358000.0,
      "Net Interest Income": -21570000.0,
      "Interest Expense": 22388000.0,
      "Interest Income": 5407000.0,
      "Normalized Income": 272773669.553792,
      "Net Income From Continuing And Discontinued Operation": 320888000.0,
      "Total Expenses": 711052000.0,
      "Total Operating Income As Reported": 165951000.0,
      "Diluted Average Shares": 435331000.0,
      "Basic Average Shares": 435331000.0,
      "Diluted EPS": 0.74,
      "Basic EPS": 0.74,
      "Diluted NI Availto Com Stockholders": 320888000.0,
      "Net Income Common Stockholders": 320888000.0,
      "Net Income": 320888000.0,
      "Minority Interests": 3000.0,
      "Net Income Including Noncontrolling Interests": 320885000.0,
      "Net Income Continuous Operations": 320885000.0,
      "Tax Provision": 71085000.0,
      "Pretax Income": 391970000.0,
      "Other Income Expense": 247576000.0,
      "Other Non Operating Income Expenses": 382000.0,
      "Special Income Charges": -13000.0,
      "Gain On Sale Of Ppe": -13000.0,
      "Earnings From Equity Interest": 188421000.0,
      "Gain On Sale Of Security": 58786000.0,
      "Net Non Operating Interest Income Expense": -21570000.0,
      "Total Other Finance Cost": 4589000.0,
      "Interest Expense Non Operating": 22388000.0,
      "Interest Income Non Operating": 5407000.0,
      "Operating Income": 165964000.0,
      "Operating Expense": 91126000.0,
      "Other Operating Expenses": -4602000.0,
      "Research And Development": -708000.0,
      "Selling General And Administration": 96436000.0,
      "General And Administrative Expense": 96436000.0,
      "Other Gand A": 96436000.0,
      "Gross Profit": 257090000.0,
      "Cost Of Revenue": 619926000.0,
      "Total Revenue": 877016000.0,
      "Operating Revenue": 877016000.0
    },
    "2025-03-31T00:00:00": {
      "Tax Effect Of Unusual Items": -1802400.0,
      "Tax Rate For Calcs": 0.15,
      "Normalized EBITDA": 221248000.0,
      "Total Unusual Items": -12016000.0,
      "Total Unusual Items Excluding Goodwill": -12016000.0,
      "Net Income From Continuing Operation Net Minority Interest": 69764000.0,
      "Reconciled Depreciation": 60602000.0,
      "Reconciled Cost Of Revenue": 519295000.0,
      "EBITDA": 209232000.0,
      "EBIT": 148630000.0,
      "Net Interest Income": -26409000.0,
      "Interest Expense": 25473000.0,
      "Interest Income": 3689000.0,
      "Normalized Income": 79977600.0,
      "Net Income From Continuing And Discontinued Operation": 69764000.0,
      "Total Expenses": 601404000.0,
      "Total Operating Income As Reported": 185811000.0,
      "Diluted Average Shares": 435514000.0,
      "Basic Average Shares": 435312000.0,
      "Diluted EPS": 0.16,
      "Basic EPS": 0.16,
      "Diluted NI Availto Com Stockholders": 69764000.0,
      "Net Income Common Stockholders": 69764000.0,
      "Net Income": 69764000.0,
      "Minority Interests": 12000.0,
      "Net Income Including Noncontrolling Interests": 69752000.0,
      "Net Income Continuous Operations": 69752000.0,
      "Tax Provision": 53405000.0,
      "Pretax Income": 123157000.0,
      "Other Income Expense": -38462000.0,
      "Other Non Operating Income Expenses": 404000.0,
      "Special Income Charges": -2217000.0,
      "Gain On Sale Of Ppe": -2217000.0,
      "Earnings From Equity Interest": -26850000.0,
      "Gain On Sale Of Security": -9799000.0,
      "Net Non Operating Interest Income Expense": -26409000.0,
      "Total Other Finance Cost": 4625000.0,
      "Interest Expense Non Operating": 25473000.0,
      "Interest Income Non Operating": 3689000.0,
      "Operating Income": 188028000.0,
      "Operating Expense": 82109000.0,
      "Other Operating Expenses": 9307000.0,
      "Research And Development": 13982000.0,
      "Selling General And Administration": 58820000.0,
      "General And Administrative Expense": 58820000.0,
      "Other Gand A": 58820000.0,
      "Gross Profit": 270137000.0,
      "Cost Of Revenue": 519295000.0,
      "Total Revenue": 789432000.0,
      "Operating Revenue": 789432000.0
    },
    "2024-12-31T00:00:00": {
      "Tax Effect Of Unusual Items": -12937950.0,
      "Tax Rate For Calcs": 0.15,
      "Normalized EBITDA": 350079000.0,
      "Total Unusual Items": -86253000.0,
      "Total Unusual Items Excluding Goodwill": -86253000.0,
      "Net Income From Continuing Operation Net Minority Interest": 135473000.0,
      "Reconciled Depreciation": 104547000.0,
      "Reconciled Cost Of Revenue": 933573000.0,
      "EBITDA": 263826000.0,
      "EBIT": 159279000.0,
      "Net Interest Income": -27458000.0,
      "Interest Expense": 25952000.0,
      "Interest Income": 3065000.0,
      "Normalized Income": 208788050.0,
      "Net Income From Continuing And Discontinued Operation": 135473000.0,
      "Total Expenses": 1002153000.0,
      "Total Operating Income As Reported": 181034000.0,
      "Diluted Average Shares": null,
      "Basic Average Shares": null,
      "Diluted EPS": null,
      "Basic EPS": null,
      "Diluted NI Availto Com Stockholders": 135473000.0,
      "Net Income Common Stockholders": 135473000.0,
      "Net Income": 135473000.0,
      "Minority Interests": 4000.0,
      "Net Income Including Noncontrolling Interests": 135469000.0,
      "Net Income Continuous Operations": 135469000.0,
      "Tax Provision": -2142000.0,
      "Pretax Income": 133327000.0,
      "Other Income Expense": -20235000.0,
      "Other Non Operating Income Expenses": 911000.0,
      "Special Income Charges": 14000.0,
      "Gain On Sale Of Ppe": 14000.0,
      "Earnings From Equity Interest": 65107000.0,
      "Gain On Sale Of Security": -86267000.0,
      "Net Non Operating Interest Income Expense": -27458000.0,
      "Total Other Finance Cost": 4571000.0,
      "Interest Expense Non Operating": 25952000.0,
      "Interest Income Non Operating": 3065000.0,
      "Operating Income": 181020000.0,
      "Operating Expense": 68580000.0,
      "Other Operating Expenses": -18556000.0,
      "Research And Development": 10414000.0,
      "Selling General And Administration": 76722000.0,
      "General And Administrative Expense": 76722000.0,
      "Other Gand A": 76722000.0,
      "Gross Profit": 249600000.0,
      "Cost Of Revenue": 933573000.0,
      "Total Revenue": 1183173000.0,
      "Operating Revenue": 1183173000.0
    },
    "2024-09-30T00:00:00": {
      "Tax Effect Of Unusual Items": null,
      "Tax Rate For Calcs": null,
      "Normalized EBITDA": null,
      "Total Unusual Items": null,
      "Total Unusual Items Excluding Goodwill": null,
      "Net Income From Continuing Operation Net Minority Interest": null,
      "Reconciled Depreciation": null,
      "Reconciled Cost Of Revenue": null,
      "EBITDA": null,
      "EBIT": null,
      "Net Interest Income": null,
      "Interest Expense": null,
      "Interest Income": null,
      "Normalized Income": null,
      "Net Income From Continuing And Discontinued Operation": null,
      "Total Expenses": null,
      "Total Operating Income As Reported": null,
      "Diluted Average Shares": 435474000.0,
      "Basic Average Shares": 435181000.0,
      "Diluted EPS": 0.02,
      "Basic EPS": 0.02,
      "Diluted NI Availto Com Stockholders": null,
      "Net Income Common Stockholders": null,
      "Net Income": null,
      "Minority Interests": null,
      "Net Income Including Noncontrolling Interests": null,
      "Net Income Continuous Operations": null,
      "Tax Provision": null,
      "Pretax Income": null,
      "Other Income Expense": null,
      "Other Non Operating Income Expenses": null,
      "Special Income Charges": null,
      "Gain On Sale Of Ppe": null,
      "Earnings From Equity Interest": null,
      "Gain On Sale Of Security": null,
      "Net Non Operating Interest Income Expense": null,
      "Total Other Finance Cost": null,
      "Interest Expense Non Operating": null,
      "Interest Income Non Operating": null,
      "Operating Income": null,
      "Operating Expense": null,
      "Other Operating Expenses": null,
      "Research And Development": null,
      "Selling General And Administration": null,
      "General And Administrative Expense": null,
      "Other Gand A": null,
      "Gross Profit": null,
      "Cost Of Revenue": null,
      "Total Revenue": null,
      "Operating Revenue": null
    },
    "2024-06-30T00:00:00": {
      "Tax Effect Of Unusual Items": null,
      "Tax Rate For Calcs": null,
      "Normalized EBITDA": null,
      "Total Unusual Items": null,
      "Total Unusual Items Excluding Goodwill": null,
      "Net Income From Continuing Operation Net Minority Interest": null,
      "Reconciled Depreciation": null,
      "Reconciled Cost Of Revenue": null,
      "EBITDA": null,
      "EBIT": null,
      "Net Interest Income": null,
      "Interest Expense": null,
      "Interest Income": null,
      "Normalized Income": null,
      "Net Income From Continuing And Discontinued Operation": null,
      "Total Expenses": null,
      "Total Operating Income As Reported": null,
      "Diluted Average Shares": 434875000.0,
      "Basic Average Shares": 434875000.0,
      "Diluted EPS": 0.08,
      "Basic EPS": 0.08,
      "Diluted NI Availto Com Stockholders": null,
      "Net Income Common Stockholders": null,
      "Net Income": null,
      "Minority Interests": null,
      "Net Income Including Noncontrolling Interests": null,
      "Net Income Continuous Operations": null,
      "Tax Provision": null,
      "Pretax Income": null,
      "Other Income Expense": null,
      "Other Non Operating Income Expenses": null,
      "Special Income Charges": null,
      "Gain On Sale Of Ppe": null,
      "Earnings From Equity Interest": null,
      "Gain On Sale Of Security": null,
      "Net Non Operating Interest Income Expense": null,
      "Total Other Finance Cost": null,
      "Interest Expense Non Operating": null,
      "Interest Income Non Operating": null,
      "Operating Income": null,
      "Operating Expense": null,
      "Other Operating Expenses": null,
      "Research And Development": null,
      "Selling General And Administration": null,
      "General And Administrative Expense": null,
      "Other Gand A": null,
      "Gross Profit": null,
      "Cost Of Revenue": null,
      "Total Revenue": null,
      "Operating Revenue": null
    }
  },
  "balance_sheet": {
    "2025-12-31T00:00:00": {
      "Treasury Shares Number": null,
      "Ordinary Shares Number": 435457978.0,
      "Share Issued": 435457978.0,
      "Net Debt": null,
      "Total Debt": 996348000.0,
      "Tangible Book Value": 6867201000.0,
      "Invested Capital": 7899711000.0,
      "Working Capital": 1569029000.0,
      "Net Tangible Assets": 6867201000.0,
      "Common Stock Equity": 6903363000.0,
      "Total Capitalization": 7899711000.0,
      "Total Equity Gross Minority Interest": 6903378000.0,
      "Minority Interest": 15000.0,
      "Stockholders Equity": 6903363000.0,
      "Other Equity Interest": 144938000.0,
      "Retained Earnings": 3608778000.0,
      "Additional Paid In Capital": 211412000.0,
      "Capital Stock": 2938235000.0,
      "Common Stock": 2938235000.0,
      "Total Liabilities Net Minority Interest": 3397904000.0,
      "Total Non Current Liabilities Net Minority Interest": 2327718000.0,
      "Other Non Current Liabilities": 377955000.0,
      "Long Term Debt And Capital Lease Obligation": 996348000.0,
      "Long Term Debt": 996348000.0,
      "Long Term Provisions": 953415000.0,
      "Current Liabilities": 1070186000.0,
      "Other Current Liabilities": 134667000.0,
      "Current Debt And Capital Lease Obligation": null,
      "Current Debt": null,
      "Other Current Borrowings": null,
      "Line Of Credit": null,
      "Current Provisions": 47648000.0,
      "Payables And Accrued Expenses": 887871000.0,
      "Payables": 887871000.0,
      "Other Payable": 127054000.0,
      "Dueto Related Parties Current": 553584000.0,
      "Total Tax Payable": 16516000.0,
      "Accounts Payable": 190717000.0,
      "Total Assets": 10301282000.0,
      "Total Non Current Assets": 7662067000.0,
      "Other Non Current Assets": 647245000.0,
      "Non Current Deferred Assets": 666457000.0,
      "Non Current Deferred Taxes Assets": 666457000.0,
      "Non Current Accounts Receivable": null,
      "Investments And Advances": 2987126000.0,
      "Investmentin Financial Assets": null,
      "Long Term Equity Investment": 2987126000.0,
      "Investmentsin Joint Venturesat Cost": null,
      "Investmentsin Associatesat Cost": null,
      "Goodwill And Other Intangible Assets": 36162000.0,
      "Other Intangible Assets": 36162000.0,
      "Net PPE": 3325077000.0,
      "Accumulated Depreciation": -6625796000.0,
      "Gross PPE": 9950873000.0,
      "Leases": 9478000.0,
      "Construction In Progress": 355774000.0,
      "Other Properties": 290000.0,
      "Machinery Furniture Equipment": 3218195000.0,
      "Land And Improvements": 5282968000.0,
      "Current Assets": 2639215000.0,
      "Restricted Cash": null,
      "Inventory": 1013328000.0,
      "Other Inventories": 2358000.0,
      "Finished Goods": 181379000.0,
      "Raw Materials": 829591000.0,
      "Receivables": 411424000.0,
      "Other Receivables": 44686000.0,
      "Taxes Receivable": 28312000.0,
      "Accounts Receivable": 338426000.0,
      "Cash Cash Equivalents And Short Term Investments": 1214463000.0,
      "Other Short Term Investments": 99603000.0,
      "Cash And Cash Equivalents": 1114860000.0
    },
    "2024-12-31T00:00:00": {
      "Treasury Shares Number": null,
      "Ordinary Shares Number": 435312083.0,
      "Share Issued": 435312083.0,
      "Net Debt": 680828000.0,
      "Total Debt": 1281290000.0,
      "Tangible Book Value": 6324485000.0,
      "Invested Capital": 7645597000.0,
      "Working Capital": 737426000.0,
      "Net Tangible Assets": 6324485000.0,
      "Common Stock Equity": 6364307000.0,
      "Total Capitalization": 7359890000.0,
      "Total Equity Gross Minority Interest": 6364333000.0,
      "Minority Interest": 26000.0,
      "Stockholders Equity": 6364307000.0,
      "Other Equity Interest": 118892000.0,
      "Retained Earnings": 3099264000.0,
      "Additional Paid In Capital": 210784000.0,
      "Capital Stock": 2935367000.0,
      "Common Stock": 2935367000.0,
      "Total Liabilities Net Minority Interest": 3542674000.0,
      "Total Non Current Liabilities Net Minority Interest": 2356913000.0,
      "Other Non Current Liabilities": 363497000.0,
      "Long Term Debt And Capital Lease Obligation": 995583000.0,
      "Long Term Debt": 995583000.0,
      "Long Term Provisions": 997833000.0,
      "Current Liabilities": 1185761000.0,
      "Other Current Liabilities": 221820000.0,
      "Current Debt And Capital Lease Obligation": 285707000.0,
      "Current Debt": 285707000.0,
      "Other Current Borrowings": null,
      "Line Of Credit": 285707000.0,
      "Current Provisions": 37974000.0,
      "Payables And Accrued Expenses": 640260000.0,
      "Payables": 640260000.0,
      "Other Payable": 121644000.0,
      "Dueto Related Parties Current": 367559000.0,
      "Total Tax Payable": 21225000.0,
      "Accounts Payable": 129832000.0,
      "Total Assets": 9907007000.0,
      "Total Non Current Assets": 7983820000.0,
      "Other Non Current Assets": 595896000.0,
      "Non Current Deferred Assets": 843131000.0,
      "Non Current Deferred Taxes Assets": 843131000.0,
      "Non Current Accounts Receivable": null,
      "Investments And Advances": 3218456000.0,
      "Investmentin Financial Assets": null,
      "Long Term Equity Investment": 3218456000.0,
      "Investmentsin Joint Venturesat Cost": null,
      "Investmentsin Associatesat Cost": null,
      "Goodwill And Other Intangible Assets": 39822000.0,
      "Other Intangible Assets": 39822000.0,
      "Net PPE": 3286515000.0,
      "Accumulated Depreciation": -6454164000.0,
      "Gross PPE": 9740679000.0,
      "Leases": 7705000.0,
      "Construction In Progress": 265665000.0,
      "Other Properties": 507000.0,
      "Machinery Furniture Equipment": 3111335000.0,
      "Land And Improvements": 5285231000.0,
      "Current Assets": 1923187000.0,
      "Restricted Cash": null,
      "Inventory": 972253000.0,
      "Other Inventories": 458000.0,
      "Finished Goods": 146612000.0,
      "Raw Materials": 825183000.0,
      "Receivables": 350472000.0,
      "Other Receivables": 9649000.0,
      "Taxes Receivable": 31253000.0,
      "Accounts Receivable": 309570000.0,
      "Cash Cash Equivalents And Short Term Investments": 600462000.0,
      "Other Short Term Investments": 0.0,
      "Cash And Cash Equivalents": 600462000.0
    },
    "2023-12-31T00:00:00": {
      "Treasury Shares Number": 0.0,
      "Ordinary Shares Number": 434175752.0,
      "Share Issued": 434175752.0,
      "Net Debt": 1217365000.0,
      "Total Debt": 1784174000.0,
      "Tangible Book Value": 6050728000.0,
      "Invested Capital": 7878479000.0,
      "Working Capital": 652786000.0,
      "Net Tangible Assets": 6050728000.0,
      "Common Stock Equity": 6094305000.0,
      "Total Capitalization": 7378658000.0,
      "Total Equity Gross Minority Interest": 6094309000.0,
      "Minority Interest": 4000.0,
      "Stockholders Equity": 6094305000.0,
      "Other Equity Interest": -15282000.0,
      "Retained Earnings": 2979743000.0,
      "Additional Paid In Capital": 215679000.0,
      "Capital Stock": 2914165000.0,
      "Common Stock": 2914165000.0,
      "Total Liabilities Net Minority Interest": 3839748000.0,
      "Total Non Current Liabilities Net Minority Interest": 2650644000.0,
      "Other Non Current Liabilities": 343420000.0,
      "Long Term Debt And Capital Lease Obligation": 1284353000.0,
      "Long Term Debt": 1284353000.0,
      "Long Term Provisions": 1022871000.0,
      "Current Liabilities": 1189104000.0,
      "Other Current Liabilities": 48544000.0,
      "Current Debt And Capital Lease Obligation": 499821000.0,
      "Current Debt": 499821000.0,
      "Other Current Borrowings": 499821000.0,
      "Line Of Credit": null,
      "Current Provisions": 39113000.0,
      "Payables And Accrued Expenses": 601626000.0,
      "Payables": 601626000.0,
      "Other Payable": 108856000.0,
      "Dueto Related Parties Current": 99847000.0,
      "Total Tax Payable": 24076000.0,
      "Accounts Payable": 368847000.0,
      "Total Assets": 9934057000.0,
      "Total Non Current Assets": 8092167000.0,
      "Other Non Current Assets": 613773000.0,
      "Non Current Deferred Assets": 892860000.0,
      "Non Current Deferred Taxes Assets": 892860000.0,
      "Non Current Accounts Receivable": null,
      "Investments And Advances": 3173185000.0,
      "Investmentin Financial Assets": 613773000.0,
      "Long Term Equity Investment": 3173185000.0,
      "Investmentsin Joint Venturesat Cost": 2899379000.0,
      "Investmentsin Associatesat Cost": 273806000.0,
      "Goodwill And Other Intangible Assets": 43577000.0,
      "Other Intangible Assets": 43577000.0,
      "Net PPE": 3368772000.0,
      "Accumulated Depreciation": -6149397000.0,
      "Gross PPE": 9518169000.0,
      "Leases": 8326000.0,
      "Construction In Progress": 237280000.0,
      "Other Properties": 401000.0,
      "Machinery Furniture Equipment": 2990396000.0,
      "Land And Improvements": 5213324000.0,
      "Current Assets": 1841890000.0,
      "Restricted Cash": 156274000.0,
      "Inventory": 841613000.0,
      "Other Inventories": 433000.0,
      "Finished Goods": 108711000.0,
      "Raw Materials": 732469000.0,
      "Receivables": 433468000.0,
      "Other Receivables": 11930000.0,
      "Taxes Receivable": 7746000.0,
      "Accounts Receivable": 413792000.0,
      "Cash Cash Equivalents And Short Term Investments": 566809000.0,
      "Other Short Term Investments": 0.0,
      "Cash And Cash Equivalents": 566809000.0
    },
    "2022-12-31T00:00:00": {
      "Treasury Shares Number": null,
      "Ordinary Shares Number": 432518470.0,
      "Share Issued": 432518470.0,
      "Net Debt": 92326000.0,
      "Total Debt": 997000000.0,
      "Tangible Book Value": 5788937000.0,
      "Invested Capital": 6833054000.0,
      "Working Capital": 2760795000.0,
      "Net Tangible Assets": 5788937000.0,
      "Common Stock Equity": 5836054000.0,
      "Total Capitalization": 6833054000.0,
      "Total Equity Gross Minority Interest": 5836065000.0,
      "Minority Interest": 11000.0,
      "Stockholders Equity": 5836054000.0,
      "Other Equity Interest": 34652000.0,
      "Retained Earnings": 2696379000.0,
      "Additional Paid In Capital": 224687000.0,
      "Capital Stock": 2880336000.0,
      "Common Stock": 2880336000.0,
      "Total Liabilities Net Minority Interest": 2796728000.0,
      "Total Non Current Liabilities Net Minority Interest": 2235887000.0,
      "Other Non Current Liabilities": 216162000.0,
      "Long Term Debt And Capital Lease Obligation": 997000000.0,
      "Long Term Debt": 997000000.0,
      "Long Term Provisions": 1022725000.0,
      "Current Liabilities": 560841000.0,
      "Other Current Liabilities": 131324000.0,
      "Current Debt And Capital Lease Obligation": null,
      "Current Debt": null,
      "Other Current Borrowings": null,
      "Line Of Credit": null,
      "Current Provisions": 48305000.0,
      "Payables And Accrued Expenses": 381212000.0,
      "Payables": 381212000.0,
      "Other Payable": 65182000.0,
      "Dueto Related Parties Current": 59570000.0,
      "Total Tax Payable": 6498000.0,
      "Accounts Payable": 249962000.0,
      "Total Assets": 8632793000.0,
      "Total Non Current Assets": 5311157000.0,
      "Other Non Current Assets": 595507000.0,
      "Non Current Deferred Assets": 984071000.0,
      "Non Current Deferred Taxes Assets": 984071000.0,
      "Non Current Accounts Receivable": 595507000.0,
      "Investments And Advances": 210972000.0,
      "Investmentin Financial Assets": 595507000.0,
      "Long Term Equity Investment": 210972000.0,
      "Investmentsin Joint Venturesat Cost": 0.0,
      "Investmentsin Associatesat Cost": 210972000.0,
      "Goodwill And Other Intangible Assets": 47117000.0,
      "Other Intangible Assets": 47117000.0,
      "Net PPE": 3473490000.0,
      "Accumulated Depreciation": -5952313000.0,
      "Gross PPE": 9425803000.0,
      "Leases": 5959000.0,
      "Construction In Progress": 234590000.0,
      "Other Properties": 1565000.0,
      "Machinery Furniture Equipment": 2898317000.0,
      "Land And Improvements": 5197138000.0,
      "Current Assets": 3321636000.0,
      "Restricted Cash": 239000000.0,
      "Inventory": 822608000.0,
      "Other Inventories": 425000.0,
      "Finished Goods": 80144000.0,
      "Raw Materials": 742039000.0,
      "Receivables": 217180000.0,
      "Other Receivables": 42580000.0,
      "Taxes Receivable": 6912000.0,
      "Accounts Receivable": 167688000.0,
      "Cash Cash Equivalents And Short Term Investments": 2281848000.0,
      "Other Short Term Investments": 1138174000.0,
      "Cash And Cash Equivalents": 1143674000.0
    },
    "2021-12-31T00:00:00": {
      "Treasury Shares Number": null,
      "Ordinary Shares Number": null,
      "Share Issued": null,
      "Net Debt": null,
      "Total Debt": null,
      "Tangible Book Value": null,
      "Invested Capital": null,
      "Working Capital": null,
      "Net Tangible Assets": null,
      "Common Stock Equity": null,
      "Total Capitalization": null,
      "Total Equity Gross Minority Interest": null,
      "Minority Interest": null,
      "Stockholders Equity": null,
      "Other Equity Interest": null,
      "Retained Earnings": null,
      "Additional Paid In Capital": null,
      "Capital Stock": null,
      "Common Stock": null,
      "Total Liabilities Net Minority Interest": null,
      "Total Non Current Liabilities Net Minority Interest": null,
      "Other Non Current Liabilities": null,
      "Long Term Debt And Capital Lease Obligation": null,
      "Long Term Debt": null,
      "Long Term Provisions": null,
      "Current Liabilities": null,
      "Other Current Liabilities": null,
      "Current Debt And Capital Lease Obligation": null,
      "Current Debt": null,
      "Other Current Borrowings": null,
      "Line Of Credit": null,
      "Current Provisions": null,
      "Payables And Accrued Expenses": null,
      "Payables": null,
      "Other Payable": null,
      "Dueto Related Parties Current": null,
      "Total Tax Payable": null,
      "Accounts Payable": null,
      "Total Assets": null,
      "Total Non Current Assets": null,
      "Other Non Current Assets": null,
      "Non Current Deferred Assets": null,
      "Non Current Deferred Taxes Assets": null,
      "Non Current Accounts Receivable": 577527000.0,
      "Investments And Advances": null,
      "Investmentin Financial Assets": 577527000.0,
      "Long Term Equity Investment": null,
      "Investmentsin Joint Venturesat Cost": null,
      "Investmentsin Associatesat Cost": 233240000.0,
      "Goodwill And Other Intangible Assets": null,
      "Other Intangible Assets": null,
      "Net PPE": null,
      "Accumulated Depreciation": null,
      "Gross PPE": null,
      "Leases": null,
      "Construction In Progress": null,
      "Other Properties": null,
      "Machinery Furniture Equipment": null,
      "Land And Improvements": null,
      "Current Assets": null,
      "Restricted Cash": 233257000.0,
      "Inventory": null,
      "Other Inventories": null,
      "Finished Goods": null,
      "Raw Materials": null,
      "Receivables": null,
      "Other Receivables": null,
      "Taxes Receivable": null,
      "Accounts Receivable": null,
      "Cash Cash Equivalents And Short Term Investments": null,
      "Other Short Term Investments": null,
      "Cash And Cash Equivalents": null
    }
  },
  "cashflow": {
    "2025-12-31T00:00:00": {
      "Free Cash Flow": 1075407000.0,
      "Repayment Of Debt": -287973000.0,
      "Issuance Of Debt": 0.0,
      "Issuance Of Capital Stock": 2170000.0,
      "Capital Expenditure": -333025000.0,
      "End Cash Position": 1114860000.0,
      "Beginning Cash Position": 600462000.0,
      "Effect Of Exchange Rate Changes": -17589000.0,
      "Changes In Cash": 531987000.0,
      "Financing Cash Flow": -442925000.0,
      "Cash Flow From Continuing Financing Activities": -442925000.0,
      "Interest Paid Cff": -52642000.0,
      "Proceeds From Stock Option Exercised": null,
      "Cash Dividends Paid": -104480000.0,
      "Common Stock Dividend Paid": -104480000.0,
      "Net Common Stock Issuance": 2170000.0,
      "Common Stock Issuance": 2170000.0,
      "Net Issuance Payments Of Debt": -287973000.0,
      "Net Long Term Debt Issuance": -287973000.0,
      "Long Term Debt Payments": -287973000.0,
      "Long Term Debt Issuance": 0.0,
      "Investing Cash Flow": -433520000.0,
      "Cash Flow From Continuing Investing Activities": -433520000.0,
      "Net Other Investing Changes": -1137000.0,
      "Net Investment Purchase And Sale": -99603000.0,
      "Purchase Of Investment": null,
      "Net Business Purchase And Sale": null,
      "Purchase Of Business": null,
      "Net PPE Purchase And Sale": -332780000.0,
      "Sale Of PPE": 245000.0,
      "Purchase Of PPE": -333025000.0,
      "Operating Cash Flow": 1408432000.0,
      "Cash Flow From Continuing Operating Activities": 1408432000.0,
      "Taxes Refund Paid": -90206000.0,
      "Interest Received Cfo": 23172000.0,
      "Dividend Received Cfo": 446749000.0,
      "Change In Working Capital": 237035000.0,
      "Change In Payables And Accrued Expense": 232137000.0,
      "Change In Inventory": 20152000.0,
      "Change In Receivables": -15254000.0,
      "Changes In Account Receivables": -15254000.0,
      "Other Non Cash Items": 8951000.0,
      "Stock Based Compensation": 9656000.0,
      "Provisionand Write Offof Assets": null,
      "Deferred Tax": 187719000.0,
      "Deferred Income Tax": 187719000.0,
      "Depreciation Amortization Depletion": 293094000.0,
      "Depreciation And Amortization": 293094000.0,
      "Operating Gains Losses": -297280000.0,
      "Earnings Losses From Equity Investments": -216386000.0,
      "Gain Loss On Investment Securities": -145751000.0,
      "Net Foreign Currency Exchange Gain Loss": 61740000.0,
      "Net Income From Continuing Operations": 589542000.0
    },
    "2024-12-31T00:00:00": {
      "Free Cash Flow": 693653000.0,
      "Repayment Of Debt": -1043641000.0,
      "Issuance Of Debt": 497022000.0,
      "Issuance Of Capital Stock": 16656000.0,
      "Capital Expenditure": -211635000.0,
      "End Cash Position": 600462000.0,
      "Beginning Cash Position": 566809000.0,
      "Effect Of Exchange Rate Changes": 23229000.0,
      "Changes In Cash": 10424000.0,
      "Financing Cash Flow": -688422000.0,
      "Cash Flow From Continuing Financing Activities": -688422000.0,
      "Interest Paid Cff": -88818000.0,
      "Proceeds From Stock Option Exercised": null,
      "Cash Dividends Paid": -69641000.0,
      "Common Stock Dividend Paid": -69641000.0,
      "Net Common Stock Issuance": 16656000.0,
      "Common Stock Issuance": 16656000.0,
      "Net Issuance Payments Of Debt": -546619000.0,
      "Net Long Term Debt Issuance": -546619000.0,
      "Long Term Debt Payments": -1043641000.0,
      "Long Term Debt Issuance": 497022000.0,
      "Investing Cash Flow": -206442000.0,
      "Cash Flow From Continuing Investing Activities": -206442000.0,
      "Net Other Investing Changes": 4816000.0,
      "Net Investment Purchase And Sale": 0.0,
      "Purchase Of Investment": null,
      "Net Business Purchase And Sale": 0.0,
      "Purchase Of Business": 0.0,
      "Net PPE Purchase And Sale": -211258000.0,
      "Sale Of PPE": 377000.0,
      "Purchase Of PPE": -211635000.0,
      "Operating Cash Flow": 905288000.0,
      "Cash Flow From Continuing Operating Activities": 905288000.0,
      "Taxes Refund Paid": -38486000.0,
      "Interest Received Cfo": 21228000.0,
      "Dividend Received Cfo": 185447000.0,
      "Change In Working Capital": -11566000.0,
      "Change In Payables And Accrued Expense": 21400000.0,
      "Change In Inventory": -111528000.0,
      "Change In Receivables": 78562000.0,
      "Changes In Account Receivables": 78562000.0,
      "Other Non Cash Items": 108474000.0,
      "Stock Based Compensation": 6775000.0,
      "Provisionand Write Offof Assets": null,
      "Deferred Tax": 84874000.0,
      "Deferred Income Tax": 84874000.0,
      "Depreciation Amortization Depletion": 280702000.0,
      "Depreciation And Amortization": 280702000.0,
      "Operating Gains Losses": 95998000.0,
      "Earnings Losses From Equity Investments": 10844000.0,
      "Gain Loss On Investment Securities": 149629000.0,
      "Net Foreign Currency Exchange Gain Loss": -65517000.0,
      "Net Income From Continuing Operations": 171842000.0
    },
    "2023-12-31T00:00:00": {
      "Free Cash Flow": 534505000.0,
      "Repayment Of Debt": -2430000.0,
      "Issuance Of Debt": 816582000.0,
      "Issuance Of Capital Stock": 27537000.0,
      "Capital Expenditure": -153631000.0,
      "End Cash Position": 566809000.0,
      "Beginning Cash Position": 1143674000.0,
      "Effect Of Exchange Rate Changes": 31039000.0,
      "Changes In Cash": -607904000.0,
      "Financing Cash Flow": 748812000.0,
      "Cash Flow From Continuing Financing Activities": 748812000.0,
      "Interest Paid Cff": -40798000.0,
      "Proceeds From Stock Option Exercised": null,
      "Cash Dividends Paid": -52079000.0,
      "Common Stock Dividend Paid": -52079000.0,
      "Net Common Stock Issuance": 27537000.0,
      "Common Stock Issuance": 27537000.0,
      "Net Issuance Payments Of Debt": 814152000.0,
      "Net Long Term Debt Issuance": 814152000.0,
      "Long Term Debt Payments": -2430000.0,
      "Long Term Debt Issuance": 816582000.0,
      "Investing Cash Flow": -2044852000.0,
      "Cash Flow From Continuing Investing Activities": -2044852000.0,
      "Net Other Investing Changes": 1000000.0,
      "Net Investment Purchase And Sale": 1136687000.0,
      "Purchase Of Investment": null,
      "Net Business Purchase And Sale": -3028977000.0,
      "Purchase Of Business": -3028977000.0,
      "Net PPE Purchase And Sale": -153562000.0,
      "Sale Of PPE": 69000.0,
      "Purchase Of PPE": -153631000.0,
      "Operating Cash Flow": 688136000.0,
      "Cash Flow From Continuing Operating Activities": 688136000.0,
      "Taxes Refund Paid": 70372000.0,
      "Interest Received Cfo": 113797000.0,
      "Dividend Received Cfo": 113642000.0,
      "Change In Working Capital": -26568000.0,
      "Change In Payables And Accrued Expense": 169044000.0,
      "Change In Inventory": 46804000.0,
      "Change In Receivables": -242416000.0,
      "Changes In Account Receivables": -242416000.0,
      "Other Non Cash Items": -64652000.0,
      "Stock Based Compensation": 3692000.0,
      "Provisionand Write Offof Assets": null,
      "Deferred Tax": 126337000.0,
      "Deferred Income Tax": 126337000.0,
      "Depreciation Amortization Depletion": 220324000.0,
      "Depreciation And Amortization": 220324000.0,
      "Operating Gains Losses": -229624000.0,
      "Earnings Losses From Equity Investments": -154462000.0,
      "Gain Loss On Investment Securities": -61658000.0,
      "Net Foreign Currency Exchange Gain Loss": -15692000.0,
      "Net Income From Continuing Operations": 360816000.0
    },
    "2022-12-31T00:00:00": {
      "Free Cash Flow": 161159000.0,
      "Repayment Of Debt": -2908000.0,
      "Issuance Of Debt": 0.0,
      "Issuance Of Capital Stock": 962917000.0,
      "Capital Expenditure": -143448000.0,
      "End Cash Position": 1143674000.0,
      "Beginning Cash Position": 1247447000.0,
      "Effect Of Exchange Rate Changes": 13184000.0,
      "Changes In Cash": -116957000.0,
      "Financing Cash Flow": 869258000.0,
      "Cash Flow From Continuing Financing Activities": 869258000.0,
      "Interest Paid Cff": -38856000.0,
      "Proceeds From Stock Option Exercised": 9632000.0,
      "Cash Dividends Paid": -51895000.0,
      "Common Stock Dividend Paid": -51895000.0,
      "Net Common Stock Issuance": 962917000.0,
      "Common Stock Issuance": 962917000.0,
      "Net Issuance Payments Of Debt": -2908000.0,
      "Net Long Term Debt Issuance": -2908000.0,
      "Long Term Debt Payments": -2908000.0,
      "Long Term Debt Issuance": 0.0,
      "Investing Cash Flow": -1290822000.0,
      "Cash Flow From Continuing Investing Activities": -1290822000.0,
      "Net Other Investing Changes": -2000000.0,
      "Net Investment Purchase And Sale": -1044473000.0,
      "Purchase Of Investment": -1044473000.0,
      "Net Business Purchase And Sale": -101681000.0,
      "Purchase Of Business": -101681000.0,
      "Net PPE Purchase And Sale": -142668000.0,
      "Sale Of PPE": 780000.0,
      "Purchase Of PPE": -143448000.0,
      "Operating Cash Flow": 304607000.0,
      "Cash Flow From Continuing Operating Activities": 304607000.0,
      "Taxes Refund Paid": -1521000.0,
      "Interest Received Cfo": 35443000.0,
      "Dividend Received Cfo": 117698000.0,
      "Change In Working Capital": -110356000.0,
      "Change In Payables And Accrued Expense": 16401000.0,
      "Change In Inventory": -226358000.0,
      "Change In Receivables": 99601000.0,
      "Changes In Account Receivables": 99601000.0,
      "Other Non Cash Items": 82824000.0,
      "Stock Based Compensation": 3318000.0,
      "Provisionand Write Offof Assets": null,
      "Deferred Tax": -4469000.0,
      "Deferred Income Tax": -4469000.0,
      "Depreciation Amortization Depletion": 177376000.0,
      "Depreciation And Amortization": 177376000.0,
      "Operating Gains Losses": -84970000.0,
      "Earnings Losses From Equity Investments": -93988000.0,
      "Gain Loss On Investment Securities": 82636000.0,
      "Net Foreign Currency Exchange Gain Loss": -74132000.0,
      "Net Income From Continuing Operations": 89264000.0
    },
    "2021-12-31T00:00:00": {
      "Free Cash Flow": null,
      "Repayment Of Debt": null,
      "Issuance Of Debt": null,
      "Issuance Of Capital Stock": null,
      "Capital Expenditure": null,
      "End Cash Position": null,
      "Beginning Cash Position": null,
      "Effect Of Exchange Rate Changes": null,
      "Changes In Cash": null,
      "Financing Cash Flow": null,
      "Cash Flow From Continuing Financing Activities": null,
      "Interest Paid Cff": null,
      "Proceeds From Stock Option Exercised": 26771000.0,
      "Cash Dividends Paid": null,
      "Common Stock Dividend Paid": null,
      "Net Common Stock Issuance": null,
      "Common Stock Issuance": null,
      "Net Issuance Payments Of Debt": null,
      "Net Long Term Debt Issuance": null,
      "Long Term Debt Payments": null,
      "Long Term Debt Issuance": null,
      "Investing Cash Flow": null,
      "Cash Flow From Continuing Investing Activities": null,
      "Net Other Investing Changes": null,
      "Net Investment Purchase And Sale": null,
      "Purchase Of Investment": -59921000.0,
      "Net Business Purchase And Sale": 0.0,
      "Purchase Of Business": 0.0,
      "Net PPE Purchase And Sale": null,
      "Sale Of PPE": null,
      "Purchase Of PPE": null,
      "Operating Cash Flow": null,
      "Cash Flow From Continuing Operating Activities": null,
      "Taxes Refund Paid": null,
      "Interest Received Cfo": null,
      "Dividend Received Cfo": null,
      "Change In Working Capital": null,
      "Change In Payables And Accrued Expense": null,
      "Change In Inventory": null,
      "Change In Receivables": null,
      "Changes In Account Receivables": null,
      "Other Non Cash Items": null,
      "Stock Based Compensation": null,
      "Provisionand Write Offof Assets": -8407000.0,
      "Deferred Tax": null,
      "Deferred Income Tax": null,
      "Depreciation Amortization Depletion": null,
      "Depreciation And Amortization": null,
      "Operating Gains Losses": null,
      "Earnings Losses From Equity Investments": null,
      "Gain Loss On Investment Securities": null,
      "Net Foreign Currency Exchange Gain Loss": null,
      "Net Income From Continuing Operations": null
    }
  },
  "earnings_estimate": {
    "avg": {
      "0q": 0.35712,
      "+1q": 0.36027,
      "0y": 1.57276,
      "+1y": 2.52664
    },
    "low": {
      "0q": 0.21,
      "+1q": 0.26,
      "0y": 1.19,
      "+1y": 2.03
    },
    "high": {
      "0q": 0.5,
      "+1q": 0.50215,
      "0y": 2.10708,
      "+1y": 3.09996
    },
    "yearAgoEps": {
      "0q": 0.16,
      "+1q": 0.71,
      "0y": 1.44,
      "+1y": 1.57276
    },
    "numberOfAnalysts": {
      "0q": 8,
      "+1q": 8,
      "0y": 16,
      "+1y": 14
    },
    "growth": {
      "0q": 1.232,
      "+1q": -0.4926,
      "0y": 0.0922,
      "+1y": 0.6065
    }
  },
  "revenue_estimate": {
    "avg": {
      "0q": 813338960,
      "+1q": 897509870,
      "0y": 3489808420,
      "+1y": 4022644900
    },
    "low": {
      "0q": 744000000,
      "+1q": 812623480,
      "0y": 3284419380,
      "+1y": 3487000000
    },
    "high": {
      "0q": 887486000,
      "+1q": 1018200000,
      "0y": 3869000000,
      "+1y": 4650900000
    },
    "numberOfAnalysts": {
      "0q": 4,
      "+1q": 4,
      "0y": 16,
      "+1y": 17
    },
    "yearAgoRevenue": {
      "0q": 789432000,
      "+1q": 877016000,
      "0y": 3482000000,
      "+1y": 3489808420
    },
    "growth": {
      "0q": 0.030299999,
      "+1q": 0.0234,
      "0y": 0.0022,
      "+1y": 0.1527
    }
  },
  "growth_estimates": {
    "stockTrend": {
      "0q": 1.232,
      "+1q": -0.4926,
      "0y": 0.0922,
      "+1y": 0.6065,
      "LTG": null
    },
    "indexTrend": {
      "0q": 0.1273,
      "+1q": 0.103599995,
      "0y": 0.14310001,
      "+1y": 0.1557,
      "LTG": 0.122
    }
  },
  "revenue_forecasts": null,
  "dividend_rate": 0.24,
  "trailing_dividend_rate": 0.24
}