{
  "ticker": "CM.TO",
  "name": "CIBC",
  "country": "canada",
  "currency": "CAD",
  "last_fetched": "2026-02-26T20:51:30.604659",
  "market_cap": 132788740096,
  "revenue": 26791000064,
  "net_income": 8064999936,
  "pe_ratio": 16.668613,
  "forward_pe": 13.510664,
  "dividend_yield": 3.1,
  "profit_margin": 0.31462,
  "roe": 0.137,
  "debt_to_equity": null,
  "beta": 1.282,
  "ev_to_ebitda": null,
  "sector": "Financial Services",
  "industry": "Banks - Diversified",
  "summary": "Canadian Imperial Bank of Commerce, a diversified financial institution, provides various financial products and services to personal, business, public sector, and institutional clients in Canada, the United States, and internationally. The company operates through Canadian Personal and Business Banking; Canadian Commercial Banking and Wealth Management; U.S. Commercial Banking and Wealth Management; Capital Markets and Direct Financial Services; and Corporate and Other segments. It offers checking, savings, agriculture, and business accounts; mortgages; business, car, education, home, and other loans; lines of credit and agriculture loans; and cash management, small business financing, and overdraft protection services. The company also provides investment and insurance services; healthcare banking; credit cards; private banking, wealth planning, investment management, and estate planning and trust; and ATMs, as well as mobile, online, and global money and wire transfer services. Canadian Imperial Bank of Commerce was founded in 1867 and is headquartered in Toronto, Canada.",
  "website": "https://www.cibc.com",
  "employees": 49824,
  "target_high": 148.0,
  "target_low": 100.0,
  "target_mean": 132.33333,
  "target_median": 136.0,
  "recommendation": "buy",
  "num_analysts": 15,
  "income_stmt": {
    "2025-10-31T00:00:00": {
      "Tax Effect Of Unusual Items": 454337.690831,
      "Tax Rate For Calcs": 0.227169,
      "Total Unusual Items": 2000000.0,
      "Total Unusual Items Excluding Goodwill": 2000000.0,
      "Net Income From Continuing Operation Net Minority Interest": 8429000000.0,
      "Reconciled Depreciation": 1178000000.0,
      "Net Interest Income": 15769000000.0,
      "Interest Expense": 32992000000.0,
      "Interest Income": 48761000000.0,
      "Normalized Income": 8427454337.690831,
      "Net Income From Continuing And Discontinued Operation": 8429000000.0,
      "Diluted Average Shares": 940675000.0,
      "Basic Average Shares": 935374000.0,
      "Diluted EPS": 8.57,
      "Basic EPS": 8.62,
      "Diluted NI Availto Com Stockholders": 8065000000.0,
      "Net Income Common Stockholders": 8065000000.0,
      "Preferred Stock Dividends": 364000000.0,
      "Net Income": 8429000000.0,
      "Minority Interests": -25000000.0,
      "Net Income Including Noncontrolling Interests": 8454000000.0,
      "Net Income Continuous Operations": 8454000000.0,
      "Tax Provision": 2485000000.0,
      "Pretax Income": 10939000000.0,
      "Special Income Charges": 2000000.0,
      "Other Special Charges": -2000000.0,
      "Impairment Of Capital Assets": null,
      "Restructuring And Mergern Acquisition": null,
      "Gain On Sale Of Security": 4008000000.0,
      "Selling General And Administration": 9664000000.0,
      "Selling And Marketing Expense": 398000000.0,
      "General And Administrative Expense": 9266000000.0,
      "Salaries And Wages": 9266000000.0,
      "Total Revenue": 29014000000.0,
      "Operating Revenue": 29014000000.0,
      "Occupancy And Equipment": 3793000000.0,
      "Professional Expense And Contract Services Expense": 284000000.0,
      "Other Non Interest Expense": 2111000000.0
    },
    "2024-10-31T00:00:00": {
      "Tax Effect Of Unusual Items": -22389701.069169,
      "Tax Rate For Calcs": 0.219507,
      "Total Unusual Items": -102000000.0,
      "Total Unusual Items Excluding Goodwill": -102000000.0,
      "Net Income From Continuing Operation Net Minority Interest": 7115000000.0,
      "Reconciled Depreciation": 1170000000.0,
      "Net Interest Income": 13695000000.0,
      "Interest Expense": 38490000000.0,
      "Interest Income": 52185000000.0,
      "Normalized Income": 7194610298.930831,
      "Net Income From Continuing And Discontinued Operation": 7115000000.0,
      "Diluted Average Shares": 941712000.0,
      "Basic Average Shares": 939352000.0,
      "Diluted EPS": 7.28,
      "Basic EPS": 7.29,
      "Diluted NI Availto Com Stockholders": 6852000000.0,
      "Net Income Common Stockholders": 6852000000.0,
      "Preferred Stock Dividends": 263000000.0,
      "Net Income": 7115000000.0,
      "Minority Interests": -39000000.0,
      "Net Income Including Noncontrolling Interests": 7154000000.0,
      "Net Income Continuous Operations": 7154000000.0,
      "Tax Provision": 2012000000.0,
      "Pretax Income": 9166000000.0,
      "Special Income Charges": -102000000.0,
      "Other Special Charges": 102000000.0,
      "Impairment Of Capital Assets": null,
      "Restructuring And Mergern Acquisition": null,
      "Gain On Sale Of Security": 3269000000.0,
      "Selling General And Administration": 8605000000.0,
      "Selling And Marketing Expense": 344000000.0,
      "General And Administrative Expense": 8261000000.0,
      "Salaries And Wages": 8261000000.0,
      "Total Revenue": 25526000000.0,
      "Operating Revenue": 25526000000.0,
      "Occupancy And Equipment": 3549000000.0,
      "Professional Expense And Contract Services Expense": 257000000.0,
      "Other Non Interest Expense": 1925000000.0
    },
    "2023-10-31T00:00:00": {
      "Tax Effect Of Unusual Items": -291404000.0,
      "Tax Rate For Calcs": 0.277,
      "Total Unusual Items": -1052000000.0,
      "Total Unusual Items Excluding Goodwill": -1052000000.0,
      "Net Income From Continuing Operation Net Minority Interest": 5001000000.0,
      "Reconciled Depreciation": 1143000000.0,
      "Net Interest Income": 12825000000.0,
      "Interest Expense": 32194000000.0,
      "Interest Income": 45019000000.0,
      "Normalized Income": 5761596000.0,
      "Net Income From Continuing And Discontinued Operation": 5001000000.0,
      "Diluted Average Shares": 916223000.0,
      "Basic Average Shares": 915631000.0,
      "Diluted EPS": 5.17,
      "Basic EPS": 5.17,
      "Diluted NI Availto Com Stockholders": 4734000000.0,
      "Net Income Common Stockholders": 4734000000.0,
      "Preferred Stock Dividends": 267000000.0,
      "Net Income": 5001000000.0,
      "Minority Interests": -38000000.0,
      "Net Income Including Noncontrolling Interests": 5039000000.0,
      "Net Income Continuous Operations": 5039000000.0,
      "Tax Provision": 1934000000.0,
      "Pretax Income": 6973000000.0,
      "Special Income Charges": -1052000000.0,
      "Other Special Charges": 1052000000.0,
      "Impairment Of Capital Assets": null,
      "Restructuring And Mergern Acquisition": 0.0,
      "Gain On Sale Of Security": 2429000000.0,
      "Selling General And Administration": 7854000000.0,
      "Selling And Marketing Expense": 304000000.0,
      "General And Administrative Expense": 7550000000.0,
      "Salaries And Wages": 7550000000.0,
      "Total Revenue": 23299000000.0,
      "Operating Revenue": 23299000000.0,
      "Occupancy And Equipment": 3290000000.0,
      "Professional Expense And Contract Services Expense": 245000000.0,
      "Other Non Interest Expense": 1905000000.0
    },
    "2022-10-31T00:00:00": {
      "Tax Effect Of Unusual Items": -67487000.0,
      "Tax Rate For Calcs": 0.217,
      "Total Unusual Items": -311000000.0,
      "Total Unusual Items Excluding Goodwill": -311000000.0,
      "Net Income From Continuing Operation Net Minority Interest": 6220000000.0,
      "Reconciled Depreciation": 1047000000.0,
      "Net Interest Income": 12641000000.0,
      "Interest Expense": 9538000000.0,
      "Interest Income": 22179000000.0,
      "Normalized Income": 6463513000.0,
      "Net Income From Continuing And Discontinued Operation": 6220000000.0,
      "Diluted Average Shares": 905684000.0,
      "Basic Average Shares": 903312000.0,
      "Diluted EPS": 6.68,
      "Basic EPS": 6.7,
      "Diluted NI Availto Com Stockholders": 6049000000.0,
      "Net Income Common Stockholders": 6049000000.0,
      "Preferred Stock Dividends": 171000000.0,
      "Net Income": 6220000000.0,
      "Minority Interests": -23000000.0,
      "Net Income Including Noncontrolling Interests": 6243000000.0,
      "Net Income Continuous Operations": 6243000000.0,
      "Tax Provision": 1730000000.0,
      "Pretax Income": 7973000000.0,
      "Special Income Charges": -311000000.0,
      "Other Special Charges": 130000000.0,
      "Impairment Of Capital Assets": null,
      "Restructuring And Mergern Acquisition": 181000000.0,
      "Gain On Sale Of Security": 1207000000.0,
      "Selling General And Administration": 7491000000.0,
      "Selling And Marketing Expense": 334000000.0,
      "General And Administrative Expense": 7157000000.0,
      "Salaries And Wages": 7157000000.0,
      "Total Revenue": 21764000000.0,
      "Operating Revenue": 21764000000.0,
      "Occupancy And Equipment": 3150000000.0,
      "Professional Expense And Contract Services Expense": 313000000.0,
      "Other Non Interest Expense": 1610000000.0
    },
    "2021-10-31T00:00:00": {
      "Tax Effect Of Unusual Items": null,
      "Tax Rate For Calcs": null,
      "Total Unusual Items": null,
      "Total Unusual Items Excluding Goodwill": null,
      "Net Income From Continuing Operation Net Minority Interest": null,
      "Reconciled Depreciation": null,
      "Net Interest Income": null,
      "Interest Expense": null,
      "Interest Income": null,
      "Normalized Income": null,
      "Net Income From Continuing And Discontinued Operation": null,
      "Diluted Average Shares": null,
      "Basic Average Shares": null,
      "Diluted EPS": null,
      "Basic EPS": null,
      "Diluted NI Availto Com Stockholders": null,
      "Net Income Common Stockholders": null,
      "Preferred Stock Dividends": null,
      "Net Income": null,
      "Minority Interests": null,
      "Net Income Including Noncontrolling Interests": null,
      "Net Income Continuous Operations": null,
      "Tax Provision": null,
      "Pretax Income": null,
      "Special Income Charges": null,
      "Other Special Charges": null,
      "Impairment Of Capital Assets": 0.0,
      "Restructuring And Mergern Acquisition": 12000000.0,
      "Gain On Sale Of Security": null,
      "Selling General And Administration": null,
      "Selling And Marketing Expense": null,
      "General And Administrative Expense": null,
      "Salaries And Wages": null,
      "Total Revenue": null,
      "Operating Revenue": null,
      "Occupancy And Equipment": null,
      "Professional Expense And Contract Services Expense": null,
      "Other Non Interest Expense": null
    }
  },
  "quarterly_income": {
    "2025-10-31T00:00:00": {
      "Tax Effect Of Unusual Items": 0.0,
      "Tax Rate For Calcs": 0.219198,
      "Total Unusual Items": 0.0,
      "Total Unusual Items Excluding Goodwill": 0.0,
      "Net Income From Continuing Operation Net Minority Interest": 2174000000.0,
      "Reconciled Depreciation": 324000000.0,
      "Net Interest Income": 4132000000.0,
      "Interest Expense": 7962000000.0,
      "Interest Income": 12094000000.0,
      "Normalized Income": 2174000000.0,
      "Net Income From Continuing And Discontinued Operation": 2174000000.0,
      "Diluted Average Shares": null,
      "Basic Average Shares": null,
      "Diluted EPS": null,
      "Basic EPS": null,
      "Diluted NI Availto Com Stockholders": 2058000000.0,
      "Net Income Common Stockholders": 2058000000.0,
      "Preferred Stock Dividends": 116000000.0,
      "Net Income": 2174000000.0,
      "Minority Interests": -6000000.0,
      "Net Income Including Noncontrolling Interests": 2180000000.0,
      "Net Income Continuous Operations": 2180000000.0,
      "Tax Provision": 612000000.0,
      "Pretax Income": 2792000000.0,
      "Special Income Charges": 0.0,
      "Other Special Charges": 0.0,
      "Gain On Sale Of Security": 994000000.0,
      "Selling General And Administration": 2478000000.0,
      "Selling And Marketing Expense": 121000000.0,
      "General And Administrative Expense": 2357000000.0,
      "Salaries And Wages": 2357000000.0,
      "Total Revenue": 7550000000.0,
      "Operating Revenue": 7550000000.0,
      "Occupancy And Equipment": 1067000000.0,
      "Professional Expense And Contract Services Expense": 88000000.0,
      "Other Non Interest Expense": 546000000.0
    },
    "2025-07-31T00:00:00": {
      "Tax Effect Of Unusual Items": 0.0,
      "Tax Rate For Calcs": 0.229,
      "Total Unusual Items": 0.0,
      "Total Unusual Items Excluding Goodwill": 0.0,
      "Net Income From Continuing Operation Net Minority Interest": 2094000000.0,
      "Reconciled Depreciation": 287000000.0,
      "Net Interest Income": 4048000000.0,
      "Interest Expense": 8041000000.0,
      "Interest Income": 12089000000.0,
      "Normalized Income": 2094000000.0,
      "Net Income From Continuing And Discontinued Operation": 2094000000.0,
      "Diluted Average Shares": 937518000.0,
      "Basic Average Shares": 932258000.0,
      "Diluted EPS": 2.15,
      "Basic EPS": 2.16,
      "Diluted NI Availto Com Stockholders": 2012000000.0,
      "Net Income Common Stockholders": 2012000000.0,
      "Preferred Stock Dividends": 82000000.0,
      "Net Income": 2094000000.0,
      "Minority Interests": -2000000.0,
      "Net Income Including Noncontrolling Interests": 2096000000.0,
      "Net Income Continuous Operations": 2096000000.0,
      "Tax Provision": 623000000.0,
      "Pretax Income": 2719000000.0,
      "Special Income Charges": 0.0,
      "Other Special Charges": null,
      "Gain On Sale Of Security": 834000000.0,
      "Selling General And Administration": 2474000000.0,
      "Selling And Marketing Expense": 97000000.0,
      "General And Administrative Expense": 2377000000.0,
      "Salaries And Wages": 2377000000.0,
      "Total Revenue": 7225000000.0,
      "Operating Revenue": 7225000000.0,
      "Occupancy And Equipment": 936000000.0,
      "Professional Expense And Contract Services Expense": 68000000.0,
      "Other Non Interest Expense": 498000000.0
    },
    "2025-04-30T00:00:00": {
      "Tax Effect Of Unusual Items": -227000.0,
      "Tax Rate For Calcs": 0.227,
      "Total Unusual Items": -1000000.0,
      "Total Unusual Items Excluding Goodwill": -1000000.0,
      "Net Income From Continuing Operation Net Minority Interest": 1998000000.0,
      "Reconciled Depreciation": 281000000.0,
      "Net Interest Income": 3788000000.0,
      "Interest Expense": 8071000000.0,
      "Interest Income": 11859000000.0,
      "Normalized Income": 1998773000.0,
      "Net Income From Continuing And Discontinued Operation": 1998000000.0,
      "Diluted Average Shares": 942748000.0,
      "Basic Average Shares": 938495000.0,
      "Diluted EPS": 2.04,
      "Basic EPS": 2.05,
      "Diluted NI Availto Com Stockholders": 1920000000.0,
      "Net Income Common Stockholders": 1920000000.0,
      "Preferred Stock Dividends": 78000000.0,
      "Net Income": 1998000000.0,
      "Minority Interests": -9000000.0,
      "Net Income Including Noncontrolling Interests": 2007000000.0,
      "Net Income Continuous Operations": 2007000000.0,
      "Tax Provision": 591000000.0,
      "Pretax Income": 2598000000.0,
      "Special Income Charges": -1000000.0,
      "Other Special Charges": 1000000.0,
      "Gain On Sale Of Security": 1006000000.0,
      "Selling General And Administration": 2347000000.0,
      "Selling And Marketing Expense": 92000000.0,
      "General And Administrative Expense": 2255000000.0,
      "Salaries And Wages": 2255000000.0,
      "Total Revenue": 6986000000.0,
      "Operating Revenue": 6986000000.0,
      "Occupancy And Equipment": 893000000.0,
      "Professional Expense And Contract Services Expense": 63000000.0,
      "Other Non Interest Expense": 515000000.0
    },
    "2025-01-31T00:00:00": {
      "Tax Effect Of Unusual Items": 699000.0,
      "Tax Rate For Calcs": 0.233,
      "Total Unusual Items": 3000000.0,
      "Total Unusual Items Excluding Goodwill": 3000000.0,
      "Net Income From Continuing Operation Net Minority Interest": 2163000000.0,
      "Reconciled Depreciation": 286000000.0,
      "Net Interest Income": 3801000000.0,
      "Interest Expense": 8918000000.0,
      "Interest Income": 12719000000.0,
      "Normalized Income": 2160699000.0,
      "Net Income From Continuing And Discontinued Operation": 2163000000.0,
      "Diluted Average Shares": 947345000.0,
      "Basic Average Shares": 942039000.0,
      "Diluted EPS": 2.19,
      "Basic EPS": 2.2,
      "Diluted NI Availto Com Stockholders": 2075000000.0,
      "Net Income Common Stockholders": 2075000000.0,
      "Preferred Stock Dividends": 88000000.0,
      "Net Income": 2163000000.0,
      "Minority Interests": -8000000.0,
      "Net Income Including Noncontrolling Interests": 2171000000.0,
      "Net Income Continuous Operations": 2171000000.0,
      "Tax Provision": 659000000.0,
      "Pretax Income": 2830000000.0,
      "Special Income Charges": 3000000.0,
      "Other Special Charges": -3000000.0,
      "Gain On Sale Of Security": 1174000000.0,
      "Selling General And Administration": 2365000000.0,
      "Selling And Marketing Expense": 88000000.0,
      "General And Administrative Expense": 2277000000.0,
      "Salaries And Wages": 2277000000.0,
      "Total Revenue": 7252000000.0,
      "Operating Revenue": 7252000000.0,
      "Occupancy And Equipment": 897000000.0,
      "Professional Expense And Contract Services Expense": 65000000.0,
      "Other Non Interest Expense": 551000000.0
    },
    "2024-10-31T00:00:00": {
      "Tax Effect Of Unusual Items": 872455.338596,
      "Tax Rate For Calcs": 0.218114,
      "Total Unusual Items": 4000000.0,
      "Total Unusual Items Excluding Goodwill": 4000000.0,
      "Net Income From Continuing Operation Net Minority Interest": 1874000000.0,
      "Reconciled Depreciation": 289000000.0,
      "Net Interest Income": 3633000000.0,
      "Interest Expense": 9598000000.0,
      "Interest Income": 13231000000.0,
      "Normalized Income": 1870872455.338596,
      "Net Income From Continuing And Discontinued Operation": 1874000000.0,
      "Diluted Average Shares": null,
      "Basic Average Shares": null,
      "Diluted EPS": null,
      "Basic EPS": null,
      "Diluted NI Availto Com Stockholders": 1802000000.0,
      "Net Income Common Stockholders": 1802000000.0,
      "Preferred Stock Dividends": 72000000.0,
      "Net Income": 1874000000.0,
      "Minority Interests": -8000000.0,
      "Net Income Including Noncontrolling Interests": 1882000000.0,
      "Net Income Continuous Operations": 1882000000.0,
      "Tax Provision": 525000000.0,
      "Pretax Income": 2407000000.0,
      "Special Income Charges": 4000000.0,
      "Other Special Charges": -4000000.0,
      "Gain On Sale Of Security": 821000000.0,
      "Selling General And Administration": 2310000000.0,
      "Selling And Marketing Expense": 103000000.0,
      "General And Administrative Expense": 2207000000.0,
      "Salaries And Wages": 2207000000.0,
      "Total Revenue": 6598000000.0,
      "Operating Revenue": 6598000000.0,
      "Occupancy And Equipment": 931000000.0,
      "Professional Expense And Contract Services Expense": 74000000.0,
      "Other Non Interest Expense": 479000000.0
    },
    "2024-07-31T00:00:00": {
      "Tax Effect Of Unusual Items": null,
      "Tax Rate For Calcs": null,
      "Total Unusual Items": null,
      "Total Unusual Items Excluding Goodwill": null,
      "Net Income From Continuing Operation Net Minority Interest": null,
      "Reconciled Depreciation": null,
      "Net Interest Income": null,
      "Interest Expense": null,
      "Interest Income": null,
      "Normalized Income": null,
      "Net Income From Continuing And Discontinued Operation": null,
      "Diluted Average Shares": 945784000.0,
      "Basic Average Shares": 943467000.0,
      "Diluted EPS": 1.82,
      "Basic EPS": 1.83,
      "Diluted NI Availto Com Stockholders": null,
      "Net Income Common Stockholders": null,
      "Preferred Stock Dividends": null,
      "Net Income": null,
      "Minority Interests": null,
      "Net Income Including Noncontrolling Interests": null,
      "Net Income Continuous Operations": null,
      "Tax Provision": null,
      "Pretax Income": null,
      "Special Income Charges": null,
      "Other Special Charges": 2000000.0,
      "Gain On Sale Of Security": null,
      "Selling General And Administration": null,
      "Selling And Marketing Expense": null,
      "General And Administrative Expense": null,
      "Salaries And Wages": null,
      "Total Revenue": null,
      "Operating Revenue": null,
      "Occupancy And Equipment": null,
      "Professional Expense And Contract Services Expense": null,
      "Other Non Interest Expense": null
    }
  },
  "balance_sheet": {
    "2025-10-31T00:00:00": {
      "Treasury Shares Number": 3438.0,
      "Preferred Shares Number": 18000000.0,
      "Ordinary Shares Number": 926610598.0,
      "Share Issued": 926614036.0,
      "Net Debt": 170032000000.0,
      "Total Debt": 225780000000.0,
      "Tangible Book Value": 49391000000.0,
      "Invested Capital": 283540000000.0,
      "Net Tangible Assets": 55760000000.0,
      "Common Stock Equity": 57760000000.0,
      "Preferred Stock Equity": 6369000000.0,
      "Total Capitalization": 205004000000.0,
      "Total Equity Gross Minority Interest": 64413000000.0,
      "Minority Interest": 284000000.0,
      "Stockholders Equity": 64129000000.0,
      "Gains Losses Not Affecting Retained Earnings": 4218000000.0,
      "Other Equity Adjustments": 4218000000.0,
      "Retained Earnings": 36471000000.0,
      "Additional Paid In Capital": 226000000.0,
      "Capital Stock": 23214000000.0,
      "Common Stock": 16845000000.0,
      "Preferred Stock": 6369000000.0,
      "Total Liabilities Net Minority Interest": 1052525000000.0,
      "Derivative Product Liabilities": 41411000000.0,
      "Employee Benefits": 457000000.0,
      "Non Current Pension And Other Postretirement Benefit Plans": 457000000.0,
      "Non Current Deferred Liabilities": 47000000.0,
      "Non Current Deferred Taxes Liabilities": 47000000.0,
      "Long Term Debt And Capital Lease Obligation": 140875000000.0,
      "Long Term Debt": 140875000000.0,
      "Current Debt And Capital Lease Obligation": 84905000000.0,
      "Current Debt": 84905000000.0,
      "Other Current Borrowings": 0.0,
      "Commercial Paper": 76451000000.0,
      "Current Notes Payable": 8454000000.0,
      "Payables And Accrued Expenses": 24898000000.0,
      "Current Accrued Expenses": 5073000000.0,
      "Payables": 19825000000.0,
      "Other Payable": 5799000000.0,
      "Accounts Payable": 14026000000.0,
      "Total Assets": 1116938000000.0,
      "Defined Pension Benefit": 1678000000.0,
      "Investments And Advances": 284043000000.0,
      "Available For Sale Securities": 246173000000.0,
      "Long Term Equity Investment": 808000000.0,
      "Goodwill And Other Intangible Assets": 8369000000.0,
      "Other Intangible Assets": 2894000000.0,
      "Goodwill": 5475000000.0,
      "Net PPE": 3443000000.0,
      "Accumulated Depreciation": -4236000000.0,
      "Gross PPE": 7679000000.0,
      "Leases": 1825000000.0,
      "Other Properties": 3054000000.0,
      "Machinery Furniture Equipment": 1936000000.0,
      "Land And Improvements": 864000000.0,
      "Prepaid Assets": 595000000.0,
      "Receivables": 16911000000.0,
      "Other Receivables": 11044000000.0,
      "Accounts Receivable": 5867000000.0,
      "Other Short Term Investments": 37062000000.0,
      "Cash And Cash Equivalents": 55748000000.0,
      "Cash Equivalents": null,
      "Cash Financial": 12379000000.0,
      "Cash Cash Equivalents And Federal Funds Sold": 142443000000.0
    },
    "2024-10-31T00:00:00": {
      "Treasury Shares Number": 9179.0,
      "Preferred Shares Number": 30000000.0,
      "Ordinary Shares Number": 942285419.0,
      "Share Issued": 942294598.0,
      "Net Debt": 152462000000.0,
      "Total Debt": 208493000000.0,
      "Tangible Book Value": 45516000000.0,
      "Invested Capital": 262282000000.0,
      "Net Tangible Assets": 50462000000.0,
      "Common Stock Equity": 53789000000.0,
      "Preferred Stock Equity": 4946000000.0,
      "Total Capitalization": 183831000000.0,
      "Total Equity Gross Minority Interest": 59007000000.0,
      "Minority Interest": 272000000.0,
      "Stockholders Equity": 58735000000.0,
      "Gains Losses Not Affecting Retained Earnings": 3148000000.0,
      "Other Equity Adjustments": 3148000000.0,
      "Retained Earnings": 33471000000.0,
      "Additional Paid In Capital": 159000000.0,
      "Capital Stock": 21957000000.0,
      "Common Stock": 17011000000.0,
      "Preferred Stock": 4946000000.0,
      "Total Liabilities Net Minority Interest": 982978000000.0,
      "Derivative Product Liabilities": 40654000000.0,
      "Employee Benefits": 460000000.0,
      "Non Current Pension And Other Postretirement Benefit Plans": 460000000.0,
      "Non Current Deferred Liabilities": 49000000.0,
      "Non Current Deferred Taxes Liabilities": 49000000.0,
      "Long Term Debt And Capital Lease Obligation": 125096000000.0,
      "Long Term Debt": 125096000000.0,
      "Current Debt And Capital Lease Obligation": 83397000000.0,
      "Current Debt": 83397000000.0,
      "Other Current Borrowings": 0.0,
      "Commercial Paper": 77332000000.0,
      "Current Notes Payable": 6065000000.0,
      "Payables And Accrued Expenses": 22493000000.0,
      "Current Accrued Expenses": 3899000000.0,
      "Payables": 18594000000.0,
      "Other Payable": 4459000000.0,
      "Accounts Payable": 14135000000.0,
      "Total Assets": 1041985000000.0,
      "Defined Pension Benefit": 1378000000.0,
      "Investments And Advances": 255130000000.0,
      "Available For Sale Securities": 177652000000.0,
      "Long Term Equity Investment": 785000000.0,
      "Goodwill And Other Intangible Assets": 8273000000.0,
      "Other Intangible Assets": 2830000000.0,
      "Goodwill": 5443000000.0,
      "Net PPE": 3359000000.0,
      "Accumulated Depreciation": -4118000000.0,
      "Gross PPE": 7477000000.0,
      "Leases": 1670000000.0,
      "Other Properties": 2933000000.0,
      "Machinery Furniture Equipment": 2043000000.0,
      "Land And Improvements": 831000000.0,
      "Prepaid Assets": 588000000.0,
      "Receivables": 15129000000.0,
      "Other Receivables": 9678000000.0,
      "Accounts Receivable": 5451000000.0,
      "Other Short Term Investments": 76693000000.0,
      "Cash And Cash Equivalents": 56031000000.0,
      "Cash Equivalents": null,
      "Cash Financial": 8565000000.0,
      "Cash Cash Equivalents And Federal Funds Sold": 139752000000.0
    },
    "2023-10-31T00:00:00": {
      "Treasury Shares Number": 20156.0,
      "Preferred Shares Number": 81000000.0,
      "Ordinary Shares Number": 931078785.0,
      "Share Issued": 931098941.0,
      "Net Debt": 131330000000.0,
      "Total Debt": 194500000000.0,
      "Tangible Book Value": 39839000000.0,
      "Invested Capital": 242506000000.0,
      "Net Tangible Assets": 44764000000.0,
      "Common Stock Equity": 48006000000.0,
      "Preferred Stock Equity": 4925000000.0,
      "Total Capitalization": 169775000000.0,
      "Total Equity Gross Minority Interest": 53163000000.0,
      "Minority Interest": 232000000.0,
      "Stockholders Equity": 52931000000.0,
      "Gains Losses Not Affecting Retained Earnings": 1463000000.0,
      "Other Equity Adjustments": 1463000000.0,
      "Retained Earnings": 30352000000.0,
      "Additional Paid In Capital": 109000000.0,
      "Capital Stock": 21007000000.0,
      "Common Stock": 16082000000.0,
      "Preferred Stock": 4925000000.0,
      "Total Liabilities Net Minority Interest": 922527000000.0,
      "Derivative Product Liabilities": 41290000000.0,
      "Employee Benefits": 462000000.0,
      "Non Current Pension And Other Postretirement Benefit Plans": 462000000.0,
      "Non Current Deferred Liabilities": 40000000.0,
      "Non Current Deferred Taxes Liabilities": 40000000.0,
      "Long Term Debt And Capital Lease Obligation": 116844000000.0,
      "Long Term Debt": 116844000000.0,
      "Current Debt And Capital Lease Obligation": 77656000000.0,
      "Current Debt": 77656000000.0,
      "Other Current Borrowings": 0.0,
      "Commercial Paper": 68977000000.0,
      "Current Notes Payable": 8679000000.0,
      "Payables And Accrued Expenses": 19202000000.0,
      "Current Accrued Expenses": 2580000000.0,
      "Payables": 16622000000.0,
      "Other Payable": 3381000000.0,
      "Accounts Payable": 13241000000.0,
      "Total Assets": 975690000000.0,
      "Defined Pension Benefit": 1055000000.0,
      "Investments And Advances": 212017000000.0,
      "Available For Sale Securities": 150017000000.0,
      "Long Term Equity Investment": 669000000.0,
      "Goodwill And Other Intangible Assets": 8167000000.0,
      "Other Intangible Assets": 2742000000.0,
      "Goodwill": 5425000000.0,
      "Net PPE": 3251000000.0,
      "Accumulated Depreciation": -3746000000.0,
      "Gross PPE": 6997000000.0,
      "Leases": 1572000000.0,
      "Other Properties": 2692000000.0,
      "Machinery Furniture Equipment": 1929000000.0,
      "Land And Improvements": 804000000.0,
      "Prepaid Assets": 607000000.0,
      "Receivables": 13928000000.0,
      "Other Receivables": 9575000000.0,
      "Accounts Receivable": 4353000000.0,
      "Other Short Term Investments": 61331000000.0,
      "Cash And Cash Equivalents": 63170000000.0,
      "Cash Equivalents": null,
      "Cash Financial": 20816000000.0,
      "Cash Cash Equivalents And Federal Funds Sold": 143354000000.0
    },
    "2022-10-31T00:00:00": {
      "Treasury Shares Number": 46205.0,
      "Preferred Shares Number": 81000000.0,
      "Ordinary Shares Number": 905993892.0,
      "Share Issued": 906040097.0,
      "Net Debt": 114126000000.0,
      "Total Debt": 187454000000.0,
      "Tangible Book Value": 37318000000.0,
      "Invested Capital": 232712000000.0,
      "Net Tangible Assets": 42241000000.0,
      "Common Stock Equity": 45258000000.0,
      "Preferred Stock Equity": 4923000000.0,
      "Total Capitalization": 157426000000.0,
      "Total Equity Gross Minority Interest": 50382000000.0,
      "Minority Interest": 201000000.0,
      "Stockholders Equity": 50181000000.0,
      "Gains Losses Not Affecting Retained Earnings": 1594000000.0,
      "Other Equity Adjustments": 1594000000.0,
      "Retained Earnings": 28823000000.0,
      "Additional Paid In Capital": 115000000.0,
      "Capital Stock": 19649000000.0,
      "Common Stock": 14726000000.0,
      "Preferred Stock": 4923000000.0,
      "Total Liabilities Net Minority Interest": 893215000000.0,
      "Derivative Product Liabilities": 52340000000.0,
      "Employee Benefits": 477000000.0,
      "Non Current Pension And Other Postretirement Benefit Plans": 477000000.0,
      "Non Current Deferred Liabilities": 45000000.0,
      "Non Current Deferred Taxes Liabilities": 45000000.0,
      "Long Term Debt And Capital Lease Obligation": 107245000000.0,
      "Long Term Debt": 107245000000.0,
      "Current Debt And Capital Lease Obligation": 80209000000.0,
      "Current Debt": 80209000000.0,
      "Other Current Borrowings": 0.0,
      "Commercial Paper": 65821000000.0,
      "Current Notes Payable": 14388000000.0,
      "Payables And Accrued Expenses": 19890000000.0,
      "Current Accrued Expenses": 2737000000.0,
      "Payables": 17153000000.0,
      "Other Payable": 5919000000.0,
      "Accounts Payable": 11234000000.0,
      "Total Assets": 943597000000.0,
      "Defined Pension Benefit": 1420000000.0,
      "Investments And Advances": 176511000000.0,
      "Available For Sale Securities": 119780000000.0,
      "Long Term Equity Investment": 632000000.0,
      "Goodwill And Other Intangible Assets": 7940000000.0,
      "Other Intangible Assets": 2592000000.0,
      "Goodwill": 5348000000.0,
      "Net PPE": 3377000000.0,
      "Accumulated Depreciation": -3547000000.0,
      "Gross PPE": 6924000000.0,
      "Leases": 1468000000.0,
      "Other Properties": 2591000000.0,
      "Machinery Furniture Equipment": 2081000000.0,
      "Land And Improvements": 784000000.0,
      "Prepaid Assets": 652000000.0,
      "Receivables": 19757000000.0,
      "Other Receivables": 16474000000.0,
      "Accounts Receivable": 3283000000.0,
      "Other Short Term Investments": 56099000000.0,
      "Cash And Cash Equivalents": 73328000000.0,
      "Cash Equivalents": null,
      "Cash Financial": 31535000000.0,
      "Cash Cash Equivalents And Federal Funds Sold": 142541000000.0
    },
    "2021-10-31T00:00:00": {
      "Treasury Shares Number": null,
      "Preferred Shares Number": null,
      "Ordinary Shares Number": null,
      "Share Issued": null,
      "Net Debt": null,
      "Total Debt": null,
      "Tangible Book Value": null,
      "Invested Capital": null,
      "Net Tangible Assets": null,
      "Common Stock Equity": null,
      "Preferred Stock Equity": null,
      "Total Capitalization": null,
      "Total Equity Gross Minority Interest": null,
      "Minority Interest": null,
      "Stockholders Equity": null,
      "Gains Losses Not Affecting Retained Earnings": null,
      "Other Equity Adjustments": null,
      "Retained Earnings": null,
      "Additional Paid In Capital": null,
      "Capital Stock": null,
      "Common Stock": null,
      "Preferred Stock": null,
      "Total Liabilities Net Minority Interest": null,
      "Derivative Product Liabilities": null,
      "Employee Benefits": null,
      "Non Current Pension And Other Postretirement Benefit Plans": null,
      "Non Current Deferred Liabilities": null,
      "Non Current Deferred Taxes Liabilities": null,
      "Long Term Debt And Capital Lease Obligation": null,
      "Long Term Debt": null,
      "Current Debt And Capital Lease Obligation": null,
      "Current Debt": null,
      "Other Current Borrowings": null,
      "Commercial Paper": null,
      "Current Notes Payable": null,
      "Payables And Accrued Expenses": null,
      "Current Accrued Expenses": null,
      "Payables": null,
      "Other Payable": null,
      "Accounts Payable": null,
      "Total Assets": null,
      "Defined Pension Benefit": null,
      "Investments And Advances": null,
      "Available For Sale Securities": null,
      "Long Term Equity Investment": null,
      "Goodwill And Other Intangible Assets": null,
      "Other Intangible Assets": null,
      "Goodwill": null,
      "Net PPE": null,
      "Accumulated Depreciation": null,
      "Gross PPE": null,
      "Leases": null,
      "Other Properties": null,
      "Machinery Furniture Equipment": null,
      "Land And Improvements": null,
      "Prepaid Assets": null,
      "Receivables": null,
      "Other Receivables": null,
      "Accounts Receivable": null,
      "Other Short Term Investments": null,
      "Cash And Cash Equivalents": null,
      "Cash Equivalents": 3005000000.0,
      "Cash Financial": null,
      "Cash Cash Equivalents And Federal Funds Sold": null
    }
  },
  "cashflow": {
    "2025-10-31T00:00:00": {
      "Free Cash Flow": 12729000000.0,
      "Repurchase Of Capital Stock": -3081000000.0,
      "Repayment Of Debt": -1378000000.0,
      "Issuance Of Debt": 1250000000.0,
      "Issuance Of Capital Stock": 2919000000.0,
      "Capital Expenditure": -1109000000.0,
      "Interest Paid Supplemental Data": 33975000000.0,
      "Income Tax Paid Supplemental Data": 3231000000.0,
      "End Cash Position": 12379000000.0,
      "Beginning Cash Position": 8565000000.0,
      "Effect Of Exchange Rate Changes": 63000000.0,
      "Changes In Cash": 3751000000.0,
      "Financing Cash Flow": -4312000000.0,
      "Cash Flow From Continuing Financing Activities": -4312000000.0,
      "Net Other Financing Charges": -29000000.0,
      "Cash Dividends Paid": -3993000000.0,
      "Net Preferred Stock Issuance": 1407000000.0,
      "Preferred Stock Payments": -1350000000.0,
      "Preferred Stock Issuance": 2757000000.0,
      "Net Common Stock Issuance": -1569000000.0,
      "Common Stock Payments": -1731000000.0,
      "Common Stock Issuance": 162000000.0,
      "Net Issuance Payments Of Debt": -128000000.0,
      "Net Long Term Debt Issuance": -128000000.0,
      "Long Term Debt Payments": -1378000000.0,
      "Long Term Debt Issuance": 1250000000.0,
      "Investing Cash Flow": -5775000000.0,
      "Cash Flow From Continuing Investing Activities": -5775000000.0,
      "Net Investment Purchase And Sale": -4666000000.0,
      "Sale Of Investment": 93703000000.0,
      "Purchase Of Investment": -98369000000.0,
      "Net Business Purchase And Sale": null,
      "Purchase Of Business": null,
      "Net PPE Purchase And Sale": -1109000000.0,
      "Operating Cash Flow": 13838000000.0,
      "Cash Flow From Continuing Operating Activities": 13838000000.0,
      "Change In Working Capital": 2105000000.0,
      "Change In Other Working Capital": 19510000000.0,
      "Change In Payables And Accrued Expense": -983000000.0,
      "Change In Payable": -983000000.0,
      "Change In Account Payable": -983000000.0,
      "Change In Receivables": 44000000.0,
      "Changes In Account Receivables": 44000000.0,
      "Other Non Cash Items": -16000000.0,
      "Stock Based Compensation": 20000000.0,
      "Deferred Tax": -257000000.0,
      "Deferred Income Tax": -257000000.0,
      "Depreciation Amortization Depletion": 1178000000.0,
      "Depreciation And Amortization": 1178000000.0,
      "Amortization Cash Flow": 1178000000.0,
      "Amortization Of Intangibles": 1178000000.0,
      "Operating Gains Losses": 12000000.0,
      "Gain Loss On Investment Securities": 14000000.0,
      "Gain Loss On Sale Of PPE": -2000000.0,
      "Net Income From Continuing Operations": 8454000000.0
    },
    "2024-10-31T00:00:00": {
      "Free Cash Flow": 9999000000.0,
      "Repurchase Of Capital Stock": -1398000000.0,
      "Repayment Of Debt": -1823000000.0,
      "Issuance Of Debt": 2250000000.0,
      "Issuance Of Capital Stock": 1308000000.0,
      "Capital Expenditure": -1089000000.0,
      "Interest Paid Supplemental Data": 38038000000.0,
      "Income Tax Paid Supplemental Data": 2513000000.0,
      "End Cash Position": 8565000000.0,
      "Beginning Cash Position": 20816000000.0,
      "Effect Of Exchange Rate Changes": 22000000.0,
      "Changes In Cash": -12273000000.0,
      "Financing Cash Flow": -2610000000.0,
      "Cash Flow From Continuing Financing Activities": -2610000000.0,
      "Net Other Financing Charges": null,
      "Cash Dividends Paid": -2947000000.0,
      "Net Preferred Stock Issuance": 21000000.0,
      "Preferred Stock Payments": -975000000.0,
      "Preferred Stock Issuance": 996000000.0,
      "Net Common Stock Issuance": -111000000.0,
      "Common Stock Payments": -423000000.0,
      "Common Stock Issuance": 312000000.0,
      "Net Issuance Payments Of Debt": 427000000.0,
      "Net Long Term Debt Issuance": 427000000.0,
      "Long Term Debt Payments": -1823000000.0,
      "Long Term Debt Issuance": 2250000000.0,
      "Investing Cash Flow": -20751000000.0,
      "Cash Flow From Continuing Investing Activities": -20751000000.0,
      "Net Investment Purchase And Sale": -19662000000.0,
      "Sale Of Investment": 56866000000.0,
      "Purchase Of Investment": -76528000000.0,
      "Net Business Purchase And Sale": null,
      "Purchase Of Business": null,
      "Net PPE Purchase And Sale": -1089000000.0,
      "Operating Cash Flow": 11088000000.0,
      "Cash Flow From Continuing Operating Activities": 11088000000.0,
      "Change In Working Capital": 2857000000.0,
      "Change In Other Working Capital": 12548000000.0,
      "Change In Payables And Accrued Expense": 452000000.0,
      "Change In Payable": 452000000.0,
      "Change In Account Payable": 452000000.0,
      "Change In Receivables": -711000000.0,
      "Changes In Account Receivables": -711000000.0,
      "Other Non Cash Items": -1822000000.0,
      "Stock Based Compensation": 16000000.0,
      "Deferred Tax": -244000000.0,
      "Deferred Income Tax": -244000000.0,
      "Depreciation Amortization Depletion": 1170000000.0,
      "Depreciation And Amortization": 1170000000.0,
      "Amortization Cash Flow": 1170000000.0,
      "Amortization Of Intangibles": 1170000000.0,
      "Operating Gains Losses": -44000000.0,
      "Gain Loss On Investment Securities": -43000000.0,
      "Gain Loss On Sale Of PPE": -1000000.0,
      "Net Income From Continuing Operations": 7154000000.0
    },
    "2023-10-31T00:00:00": {
      "Free Cash Flow": 11140000000.0,
      "Repurchase Of Capital Stock": 0.0,
      "Repayment Of Debt": -1831000000.0,
      "Issuance Of Debt": 1750000000.0,
      "Issuance Of Capital Stock": 183000000.0,
      "Capital Expenditure": -1014000000.0,
      "Interest Paid Supplemental Data": 29673000000.0,
      "Income Tax Paid Supplemental Data": 1657000000.0,
      "End Cash Position": 20816000000.0,
      "Beginning Cash Position": 31535000000.0,
      "Effect Of Exchange Rate Changes": 49000000.0,
      "Changes In Cash": -10768000000.0,
      "Financing Cash Flow": -2159000000.0,
      "Cash Flow From Continuing Financing Activities": -2159000000.0,
      "Net Other Financing Charges": null,
      "Cash Dividends Paid": -2261000000.0,
      "Net Preferred Stock Issuance": 0.0,
      "Preferred Stock Payments": 0.0,
      "Preferred Stock Issuance": 0.0,
      "Net Common Stock Issuance": 183000000.0,
      "Common Stock Payments": 0.0,
      "Common Stock Issuance": 183000000.0,
      "Net Issuance Payments Of Debt": -81000000.0,
      "Net Long Term Debt Issuance": -81000000.0,
      "Long Term Debt Payments": -1831000000.0,
      "Long Term Debt Issuance": 1750000000.0,
      "Investing Cash Flow": -20763000000.0,
      "Cash Flow From Continuing Investing Activities": -20763000000.0,
      "Net Investment Purchase And Sale": -19749000000.0,
      "Sale Of Investment": 59738000000.0,
      "Purchase Of Investment": -79487000000.0,
      "Net Business Purchase And Sale": 0.0,
      "Purchase Of Business": 0.0,
      "Net PPE Purchase And Sale": -1014000000.0,
      "Operating Cash Flow": 12154000000.0,
      "Cash Flow From Continuing Operating Activities": 12154000000.0,
      "Change In Working Capital": 2297000000.0,
      "Change In Other Working Capital": 17001000000.0,
      "Change In Payables And Accrued Expense": 2521000000.0,
      "Change In Payable": 2521000000.0,
      "Change In Account Payable": 2521000000.0,
      "Change In Receivables": -1272000000.0,
      "Changes In Account Receivables": -1272000000.0,
      "Other Non Cash Items": 1822000000.0,
      "Stock Based Compensation": 13000000.0,
      "Deferred Tax": -84000000.0,
      "Deferred Income Tax": -84000000.0,
      "Depreciation Amortization Depletion": 1143000000.0,
      "Depreciation And Amortization": 1143000000.0,
      "Amortization Cash Flow": 1143000000.0,
      "Amortization Of Intangibles": 1143000000.0,
      "Operating Gains Losses": -86000000.0,
      "Gain Loss On Investment Securities": -83000000.0,
      "Gain Loss On Sale Of PPE": -3000000.0,
      "Net Income From Continuing Operations": 5039000000.0
    },
    "2022-10-31T00:00:00": {
      "Free Cash Flow": 21606000000.0,
      "Repurchase Of Capital Stock": -934000000.0,
      "Repayment Of Debt": -328000000.0,
      "Issuance Of Debt": 1000000000.0,
      "Issuance Of Capital Stock": 1624000000.0,
      "Capital Expenditure": -1109000000.0,
      "Interest Paid Supplemental Data": 8310000000.0,
      "Income Tax Paid Supplemental Data": 2585000000.0,
      "End Cash Position": 31535000000.0,
      "Beginning Cash Position": 34573000000.0,
      "Effect Of Exchange Rate Changes": 248000000.0,
      "Changes In Cash": -3286000000.0,
      "Financing Cash Flow": -1610000000.0,
      "Cash Flow From Continuing Financing Activities": -1610000000.0,
      "Net Other Financing Charges": null,
      "Cash Dividends Paid": -2972000000.0,
      "Net Preferred Stock Issuance": 595000000.0,
      "Preferred Stock Payments": -800000000.0,
      "Preferred Stock Issuance": 1395000000.0,
      "Net Common Stock Issuance": 95000000.0,
      "Common Stock Payments": -134000000.0,
      "Common Stock Issuance": 229000000.0,
      "Net Issuance Payments Of Debt": 672000000.0,
      "Net Long Term Debt Issuance": 672000000.0,
      "Long Term Debt Payments": -328000000.0,
      "Long Term Debt Issuance": 1000000000.0,
      "Investing Cash Flow": -24391000000.0,
      "Cash Flow From Continuing Investing Activities": -24391000000.0,
      "Net Investment Purchase And Sale": -20197000000.0,
      "Sale Of Investment": 50757000000.0,
      "Purchase Of Investment": -70954000000.0,
      "Net Business Purchase And Sale": -3085000000.0,
      "Purchase Of Business": -3085000000.0,
      "Net PPE Purchase And Sale": -1109000000.0,
      "Operating Cash Flow": 22715000000.0,
      "Cash Flow From Continuing Operating Activities": 22715000000.0,
      "Change In Working Capital": 15557000000.0,
      "Change In Other Working Capital": 78249000000.0,
      "Change In Payables And Accrued Expense": 1228000000.0,
      "Change In Payable": 1228000000.0,
      "Change In Account Payable": 1228000000.0,
      "Change In Receivables": -959000000.0,
      "Changes In Account Receivables": -959000000.0,
      "Other Non Cash Items": -1126000000.0,
      "Stock Based Compensation": 24000000.0,
      "Deferred Tax": -46000000.0,
      "Deferred Income Tax": -46000000.0,
      "Depreciation Amortization Depletion": 1047000000.0,
      "Depreciation And Amortization": 1047000000.0,
      "Amortization Cash Flow": 1047000000.0,
      "Amortization Of Intangibles": 1047000000.0,
      "Operating Gains Losses": -41000000.0,
      "Gain Loss On Investment Securities": -35000000.0,
      "Gain Loss On Sale Of PPE": -6000000.0,
      "Net Income From Continuing Operations": 6243000000.0
    },
    "2021-10-31T00:00:00": {
      "Free Cash Flow": null,
      "Repurchase Of Capital Stock": null,
      "Repayment Of Debt": null,
      "Issuance Of Debt": null,
      "Issuance Of Capital Stock": null,
      "Capital Expenditure": null,
      "Interest Paid Supplemental Data": null,
      "Income Tax Paid Supplemental Data": null,
      "End Cash Position": null,
      "Beginning Cash Position": null,
      "Effect Of Exchange Rate Changes": null,
      "Changes In Cash": null,
      "Financing Cash Flow": null,
      "Cash Flow From Continuing Financing Activities": null,
      "Net Other Financing Charges": null,
      "Cash Dividends Paid": null,
      "Net Preferred Stock Issuance": null,
      "Preferred Stock Payments": null,
      "Preferred Stock Issuance": null,
      "Net Common Stock Issuance": null,
      "Common Stock Payments": null,
      "Common Stock Issuance": null,
      "Net Issuance Payments Of Debt": null,
      "Net Long Term Debt Issuance": null,
      "Long Term Debt Payments": null,
      "Long Term Debt Issuance": null,
      "Investing Cash Flow": null,
      "Cash Flow From Continuing Investing Activities": null,
      "Net Investment Purchase And Sale": null,
      "Sale Of Investment": null,
      "Purchase Of Investment": null,
      "Net Business Purchase And Sale": 0.0,
      "Purchase Of Business": null,
      "Net PPE Purchase And Sale": null,
      "Operating Cash Flow": null,
      "Cash Flow From Continuing Operating Activities": null,
      "Change In Working Capital": null,
      "Change In Other Working Capital": null,
      "Change In Payables And Accrued Expense": null,
      "Change In Payable": null,
      "Change In Account Payable": null,
      "Change In Receivables": null,
      "Changes In Account Receivables": null,
      "Other Non Cash Items": null,
      "Stock Based Compensation": null,
      "Deferred Tax": null,
      "Deferred Income Tax": null,
      "Depreciation Amortization Depletion": null,
      "Depreciation And Amortization": null,
      "Amortization Cash Flow": null,
      "Amortization Of Intangibles": null,
      "Operating Gains Losses": null,
      "Gain Loss On Investment Securities": null,
      "Gain Loss On Sale Of PPE": null,
      "Net Income From Continuing Operations": null
    }
  },
  "earnings_estimate": {
    "avg": {
      "0q": 2.31903,
      "+1q": 2.41822,
      "0y": 9.5991,
      "+1y": 10.57313
    },
    "low": {
      "0q": 2.25,
      "+1q": 2.33,
      "0y": 9.39,
      "+1y": 10.38
    },
    "high": {
      "0q": 2.38,
      "+1q": 2.49,
      "0y": 9.81,
      "+1y": 10.93
    },
    "yearAgoEps": {
      "0q": 2.05,
      "+1q": 2.16,
      "0y": 8.61,
      "+1y": 9.5991
    },
    "numberOfAnalysts": {
      "0q": 8,
      "+1q": 8,
      "0y": 13,
      "+1y": 13
    },
    "growth": {
      "0q": 0.1312,
      "+1q": 0.1195,
      "0y": 0.1149,
      "+1y": 0.1015
    }
  },
  "revenue_estimate": {
    "avg": {
      "0q": 7526012000,
      "+1q": 7811365370,
      "0y": 30890668670,
      "+1y": 32450993710
    },
    "low": {
      "0q": 7461948000,
      "+1q": 7636000000,
      "0y": 29885000000,
      "+1y": 31095000000
    },
    "high": {
      "0q": 7640100000,
      "+1q": 7993700000,
      "0y": 31466300000,
      "+1y": 34267000000
    },
    "numberOfAnalysts": {
      "0q": 4,
      "+1q": 4,
      "0y": 8,
      "+1y": 9
    },
    "yearAgoRevenue": {
      "0q": 7022000000,
      "+1q": 7254000000,
      "0y": 29133000000,
      "+1y": 30890668670
    },
    "growth": {
      "0q": 0.0718,
      "+1q": 0.076799996,
      "0y": 0.060300004,
      "+1y": 0.0505
    }
  },
  "growth_estimates": {
    "stockTrend": {
      "0q": 0.1312,
      "+1q": 0.1195,
      "0y": 0.1149,
      "+1y": 0.1015,
      "LTG": null
    },
    "indexTrend": {
      "0q": 0.1273,
      "+1q": 0.103599995,
      "0y": 0.14310001,
      "+1y": 0.1557,
      "LTG": 0.122
    }
  },
  "revenue_forecasts": null,
  "dividend_rate": 4.28,
  "trailing_dividend_rate": 3.88
}