{
  "ticker": "CNR.TO",
  "name": "Canadian National Railway",
  "country": "canada",
  "currency": "CAD",
  "last_fetched": "2026-02-26T20:51:36.638843",
  "market_cap": 92290826240,
  "revenue": 17304000512,
  "net_income": 4720000000,
  "pe_ratio": 19.914248,
  "forward_pe": 17.192326,
  "dividend_yield": 2.45,
  "profit_margin": 0.27277002,
  "roe": 0.2215,
  "debt_to_equity": 100.287,
  "beta": 0.863,
  "ev_to_ebitda": 12.411,
  "sector": "Industrials",
  "industry": "Railroads",
  "summary": "Canadian National Railway Company, together with its subsidiaries, engages in the rail, intermodal, trucking, and related transportation businesses in Canada and the United States. The company provides rail services, which include equipment, customs brokerage, transloading and warehousing, business development, dimensional loads, and private railcar storage, less-than-truckload, and mexico services; intermodal services, such as temperature controlled multimodal, mobile transport trays, port partnerships, transloading and distribution, logistics parks, trucking, and supply chain services. It also offers connecting to rail, short lines, maps and network services. The company serves automotive, coal, fertilizers, temperature controlled cargo, forest products, dimensional, grain, metal and minerals, petroleum and chemicals, consumer goods, and third party logistics applications. Canadian National Railway Company was incorporated in 1919 and is headquartered in Montreal, Canada.",
  "website": "https://www.cn.ca",
  "employees": 23839,
  "target_high": 190.0,
  "target_low": 132.0,
  "target_mean": 153.05,
  "target_median": 152.0,
  "recommendation": "buy",
  "num_analysts": 20,
  "income_stmt": {
    "2025-12-31T00:00:00": {
      "Tax Effect Of Unusual Items": 19719029.374202,
      "Tax Rate For Calcs": 0.246488,
      "Normalized EBITDA": 9035000000.0,
      "Total Unusual Items": 80000000.0,
      "Total Unusual Items Excluding Goodwill": 80000000.0,
      "Net Income From Continuing Operation Net Minority Interest": 4720000000.0,
      "Reconciled Depreciation": 1938000000.0,
      "Reconciled Cost Of Revenue": 9972000000.0,
      "EBITDA": 9115000000.0,
      "EBIT": 7177000000.0,
      "Net Interest Income": -913000000.0,
      "Interest Expense": 913000000.0,
      "Normalized Income": 4659719029.374202,
      "Net Income From Continuing And Discontinued Operation": 4720000000.0,
      "Total Expenses": 10717000000.0,
      "Rent Expense Supplemental": 432000000.0,
      "Total Operating Income As Reported": 6587000000.0,
      "Diluted Average Shares": null,
      "Basic Average Shares": null,
      "Diluted EPS": null,
      "Basic EPS": null,
      "Diluted NI Availto Com Stockholders": 4720000000.0,
      "Net Income Common Stockholders": 4720000000.0,
      "Net Income": 4720000000.0,
      "Net Income Including Noncontrolling Interests": 4720000000.0,
      "Net Income Continuous Operations": 4720000000.0,
      "Tax Provision": 1544000000.0,
      "Pretax Income": 6264000000.0,
      "Other Income Expense": 590000000.0,
      "Other Non Operating Income Expenses": 510000000.0,
      "Special Income Charges": 48000000.0,
      "Gain On Sale Of Ppe": 48000000.0,
      "Other Special Charges": null,
      "Restructuring And Mergern Acquisition": null,
      "Gain On Sale Of Security": 32000000.0,
      "Net Non Operating Interest Income Expense": -913000000.0,
      "Interest Expense Non Operating": 913000000.0,
      "Operating Income": 6587000000.0,
      "Operating Expense": 745000000.0,
      "Other Operating Expenses": 745000000.0,
      "Selling General And Administration": null,
      "General And Administrative Expense": null,
      "Salaries And Wages": null,
      "Gross Profit": 7332000000.0,
      "Cost Of Revenue": 9972000000.0,
      "Total Revenue": 17304000000.0,
      "Operating Revenue": 16681000000.0
    },
    "2024-12-31T00:00:00": {
      "Tax Effect Of Unusual Items": -11036226.930964,
      "Tax Rate For Calcs": 0.239918,
      "Normalized EBITDA": 8681000000.0,
      "Total Unusual Items": -46000000.0,
      "Total Unusual Items Excluding Goodwill": -46000000.0,
      "Net Income From Continuing Operation Net Minority Interest": 4448000000.0,
      "Reconciled Depreciation": 1892000000.0,
      "Reconciled Cost Of Revenue": 10079000000.0,
      "EBITDA": 8635000000.0,
      "EBIT": 6743000000.0,
      "Net Interest Income": -891000000.0,
      "Interest Expense": 891000000.0,
      "Normalized Income": 4482963773.069036,
      "Net Income From Continuing And Discontinued Operation": 4448000000.0,
      "Total Expenses": 10721000000.0,
      "Rent Expense Supplemental": 392000000.0,
      "Total Operating Income As Reported": 6247000000.0,
      "Diluted Average Shares": 634500000.0,
      "Basic Average Shares": 633500000.0,
      "Diluted EPS": 7.01,
      "Basic EPS": 7.02,
      "Diluted NI Availto Com Stockholders": 4448000000.0,
      "Net Income Common Stockholders": 4448000000.0,
      "Net Income": 4448000000.0,
      "Net Income Including Noncontrolling Interests": 4448000000.0,
      "Net Income Continuous Operations": 4448000000.0,
      "Tax Provision": 1404000000.0,
      "Pretax Income": 5852000000.0,
      "Other Income Expense": 418000000.0,
      "Other Non Operating Income Expenses": 464000000.0,
      "Special Income Charges": -58000000.0,
      "Gain On Sale Of Ppe": -58000000.0,
      "Other Special Charges": null,
      "Restructuring And Mergern Acquisition": null,
      "Gain On Sale Of Security": 12000000.0,
      "Net Non Operating Interest Income Expense": -891000000.0,
      "Interest Expense Non Operating": 891000000.0,
      "Operating Income": 6325000000.0,
      "Operating Expense": 642000000.0,
      "Other Operating Expenses": 642000000.0,
      "Selling General And Administration": null,
      "General And Administrative Expense": null,
      "Salaries And Wages": null,
      "Gross Profit": 6967000000.0,
      "Cost Of Revenue": 10079000000.0,
      "Total Revenue": 17046000000.0,
      "Operating Revenue": 16395000000.0
    },
    "2023-12-31T00:00:00": {
      "Tax Effect Of Unusual Items": 19021115.906289,
      "Tax Rate For Calcs": 0.133015,
      "Normalized EBITDA": 8884000000.0,
      "Total Unusual Items": 143000000.0,
      "Total Unusual Items Excluding Goodwill": 143000000.0,
      "Net Income From Continuing Operation Net Minority Interest": 5625000000.0,
      "Reconciled Depreciation": 1817000000.0,
      "Reconciled Cost Of Revenue": 9677000000.0,
      "EBITDA": 9027000000.0,
      "EBIT": 7210000000.0,
      "Net Interest Income": -722000000.0,
      "Interest Expense": 722000000.0,
      "Normalized Income": 5501021115.906289,
      "Net Income From Continuing And Discontinued Operation": 5625000000.0,
      "Total Expenses": 10231000000.0,
      "Rent Expense Supplemental": 359000000.0,
      "Total Operating Income As Reported": 6597000000.0,
      "Diluted Average Shares": 659100000.0,
      "Basic Average Shares": 657700000.0,
      "Diluted EPS": 8.53,
      "Basic EPS": 8.55,
      "Diluted NI Availto Com Stockholders": 5625000000.0,
      "Net Income Common Stockholders": 5625000000.0,
      "Net Income": 5625000000.0,
      "Net Income Including Noncontrolling Interests": 5625000000.0,
      "Net Income Continuous Operations": 5625000000.0,
      "Tax Provision": 863000000.0,
      "Pretax Income": 6488000000.0,
      "Other Income Expense": 613000000.0,
      "Other Non Operating Income Expenses": 470000000.0,
      "Special Income Charges": 136000000.0,
      "Gain On Sale Of Ppe": 136000000.0,
      "Other Special Charges": null,
      "Restructuring And Mergern Acquisition": 0.0,
      "Gain On Sale Of Security": 7000000.0,
      "Net Non Operating Interest Income Expense": -722000000.0,
      "Interest Expense Non Operating": 722000000.0,
      "Operating Income": 6597000000.0,
      "Operating Expense": 554000000.0,
      "Other Operating Expenses": 554000000.0,
      "Selling General And Administration": -479000000.0,
      "General And Administrative Expense": -479000000.0,
      "Salaries And Wages": -479000000.0,
      "Gross Profit": 7151000000.0,
      "Cost Of Revenue": 9677000000.0,
      "Total Revenue": 16828000000.0,
      "Operating Revenue": 16236000000.0
    },
    "2022-12-31T00:00:00": {
      "Tax Effect Of Unusual Items": -5107940.263197,
      "Tax Rate For Calcs": 0.243235,
      "Normalized EBITDA": 9061000000.0,
      "Total Unusual Items": -21000000.0,
      "Total Unusual Items Excluding Goodwill": -21000000.0,
      "Net Income From Continuing Operation Net Minority Interest": 5118000000.0,
      "Reconciled Depreciation": 1729000000.0,
      "Reconciled Cost Of Revenue": 9711000000.0,
      "EBITDA": 9040000000.0,
      "EBIT": 7311000000.0,
      "Net Interest Income": -548000000.0,
      "Interest Expense": 548000000.0,
      "Normalized Income": 5133892059.736803,
      "Net Income From Continuing And Discontinued Operation": 5118000000.0,
      "Total Expenses": 10267000000.0,
      "Rent Expense Supplemental": 338000000.0,
      "Total Operating Income As Reported": 6840000000.0,
      "Diluted Average Shares": 688300000.0,
      "Basic Average Shares": 686400000.0,
      "Diluted EPS": 7.44,
      "Basic EPS": 7.46,
      "Diluted NI Availto Com Stockholders": 5118000000.0,
      "Net Income Common Stockholders": 5118000000.0,
      "Net Income": 5118000000.0,
      "Net Income Including Noncontrolling Interests": 5118000000.0,
      "Net Income Continuous Operations": 5118000000.0,
      "Tax Provision": 1645000000.0,
      "Pretax Income": 6763000000.0,
      "Other Income Expense": 471000000.0,
      "Other Non Operating Income Expenses": 492000000.0,
      "Special Income Charges": 15000000.0,
      "Gain On Sale Of Ppe": 15000000.0,
      "Other Special Charges": 556000000.0,
      "Restructuring And Mergern Acquisition": 0.0,
      "Gain On Sale Of Security": -36000000.0,
      "Net Non Operating Interest Income Expense": -548000000.0,
      "Interest Expense Non Operating": 548000000.0,
      "Operating Income": 6840000000.0,
      "Operating Expense": 556000000.0,
      "Other Operating Expenses": 556000000.0,
      "Selling General And Administration": -498000000.0,
      "General And Administrative Expense": -498000000.0,
      "Salaries And Wages": -498000000.0,
      "Gross Profit": 7396000000.0,
      "Cost Of Revenue": 9711000000.0,
      "Total Revenue": 17107000000.0,
      "Operating Revenue": 16569000000.0
    },
    "2021-12-31T00:00:00": {
      "Tax Effect Of Unusual Items": null,
      "Tax Rate For Calcs": null,
      "Normalized EBITDA": null,
      "Total Unusual Items": null,
      "Total Unusual Items Excluding Goodwill": null,
      "Net Income From Continuing Operation Net Minority Interest": null,
      "Reconciled Depreciation": null,
      "Reconciled Cost Of Revenue": null,
      "EBITDA": null,
      "EBIT": null,
      "Net Interest Income": null,
      "Interest Expense": null,
      "Normalized Income": null,
      "Net Income From Continuing And Discontinued Operation": null,
      "Total Expenses": null,
      "Rent Expense Supplemental": null,
      "Total Operating Income As Reported": null,
      "Diluted Average Shares": 710300000.0,
      "Basic Average Shares": 708500000.0,
      "Diluted EPS": 6.9,
      "Basic EPS": 6.91,
      "Diluted NI Availto Com Stockholders": null,
      "Net Income Common Stockholders": null,
      "Net Income": null,
      "Net Income Including Noncontrolling Interests": null,
      "Net Income Continuous Operations": null,
      "Tax Provision": null,
      "Pretax Income": null,
      "Other Income Expense": null,
      "Other Non Operating Income Expenses": null,
      "Special Income Charges": null,
      "Gain On Sale Of Ppe": null,
      "Other Special Charges": 506000000.0,
      "Restructuring And Mergern Acquisition": -802000000.0,
      "Gain On Sale Of Security": null,
      "Net Non Operating Interest Income Expense": null,
      "Interest Expense Non Operating": null,
      "Operating Income": null,
      "Operating Expense": null,
      "Other Operating Expenses": null,
      "Selling General And Administration": -407000000.0,
      "General And Administrative Expense": -407000000.0,
      "Salaries And Wages": -407000000.0,
      "Gross Profit": null,
      "Cost Of Revenue": null,
      "Total Revenue": null,
      "Operating Revenue": null
    }
  },
  "quarterly_income": {
    "2025-12-31T00:00:00": {
      "Tax Effect Of Unusual Items": 20179748.352307,
      "Tax Rate For Calcs": 0.252247,
      "Normalized EBITDA": 2279000000.0,
      "Total Unusual Items": 80000000.0,
      "Total Unusual Items Excluding Goodwill": 80000000.0,
      "Net Income From Continuing Operation Net Minority Interest": 1248000000.0,
      "Reconciled Depreciation": 456000000.0,
      "Reconciled Cost Of Revenue": 2503000000.0,
      "EBITDA": 2359000000.0,
      "EBIT": 1903000000.0,
      "Net Interest Income": -234000000.0,
      "Interest Expense": 234000000.0,
      "Normalized Income": 1188179748.352307,
      "Net Income From Continuing And Discontinued Operation": 1248000000.0,
      "Total Expenses": 2731000000.0,
      "Rent Expense Supplemental": 106000000.0,
      "Total Operating Income As Reported": 1733000000.0,
      "Diluted Average Shares": 616000000.0,
      "Basic Average Shares": 615400000.0,
      "Diluted EPS": 2.03,
      "Basic EPS": 2.03,
      "Diluted NI Availto Com Stockholders": 1248000000.0,
      "Net Income Common Stockholders": 1248000000.0,
      "Net Income": 1248000000.0,
      "Net Income Including Noncontrolling Interests": 1248000000.0,
      "Net Income Continuous Operations": 1248000000.0,
      "Tax Provision": 421000000.0,
      "Pretax Income": 1669000000.0,
      "Other Income Expense": 170000000.0,
      "Other Non Operating Income Expenses": 90000000.0,
      "Special Income Charges": 48000000.0,
      "Gain On Sale Of Ppe": 48000000.0,
      "Net Non Operating Interest Income Expense": -234000000.0,
      "Interest Expense Non Operating": 234000000.0,
      "Operating Income": 1733000000.0,
      "Operating Expense": 228000000.0,
      "Other Operating Expenses": 228000000.0,
      "Selling General And Administration": null,
      "General And Administrative Expense": null,
      "Salaries And Wages": null,
      "Gross Profit": 1961000000.0,
      "Cost Of Revenue": 2503000000.0,
      "Total Revenue": 4464000000.0,
      "Operating Revenue": 4312000000.0
    },
    "2025-09-30T00:00:00": {
      "Tax Effect Of Unusual Items": 0.0,
      "Tax Rate For Calcs": 0.244194,
      "Normalized EBITDA": 2234000000.0,
      "Total Unusual Items": 0.0,
      "Total Unusual Items Excluding Goodwill": 0.0,
      "Net Income From Continuing Operation Net Minority Interest": 1139000000.0,
      "Reconciled Depreciation": 500000000.0,
      "Reconciled Cost Of Revenue": 2398000000.0,
      "EBITDA": 2234000000.0,
      "EBIT": 1734000000.0,
      "Net Interest Income": -227000000.0,
      "Interest Expense": 227000000.0,
      "Normalized Income": 1139000000.0,
      "Net Income From Continuing And Discontinued Operation": 1139000000.0,
      "Total Expenses": 2559000000.0,
      "Rent Expense Supplemental": 103000000.0,
      "Total Operating Income As Reported": 1606000000.0,
      "Diluted Average Shares": null,
      "Basic Average Shares": null,
      "Diluted EPS": null,
      "Basic EPS": null,
      "Diluted NI Availto Com Stockholders": 1139000000.0,
      "Net Income Common Stockholders": 1139000000.0,
      "Net Income": 1139000000.0,
      "Net Income Including Noncontrolling Interests": 1139000000.0,
      "Net Income Continuous Operations": 1139000000.0,
      "Tax Provision": 368000000.0,
      "Pretax Income": 1507000000.0,
      "Other Income Expense": 128000000.0,
      "Other Non Operating Income Expenses": 128000000.0,
      "Special Income Charges": 0.0,
      "Gain On Sale Of Ppe": 0.0,
      "Net Non Operating Interest Income Expense": -227000000.0,
      "Interest Expense Non Operating": 227000000.0,
      "Operating Income": 1606000000.0,
      "Operating Expense": 161000000.0,
      "Other Operating Expenses": 161000000.0,
      "Selling General And Administration": null,
      "General And Administrative Expense": null,
      "Salaries And Wages": null,
      "Gross Profit": 1767000000.0,
      "Cost Of Revenue": 2398000000.0,
      "Total Revenue": 4165000000.0,
      "Operating Revenue": 3991000000.0
    },
    "2025-06-30T00:00:00": {
      "Tax Effect Of Unusual Items": 0.0,
      "Tax Rate For Calcs": 0.249,
      "Normalized EBITDA": 2269000000.0,
      "Total Unusual Items": 0.0,
      "Total Unusual Items Excluding Goodwill": 0.0,
      "Net Income From Continuing Operation Net Minority Interest": 1172000000.0,
      "Reconciled Depreciation": 489000000.0,
      "Reconciled Cost Of Revenue": 2445000000.0,
      "EBITDA": 2269000000.0,
      "EBIT": 1780000000.0,
      "Net Interest Income": -219000000.0,
      "Interest Expense": 219000000.0,
      "Normalized Income": 1172000000.0,
      "Net Income From Continuing And Discontinued Operation": 1172000000.0,
      "Total Expenses": 2634000000.0,
      "Rent Expense Supplemental": 105000000.0,
      "Total Operating Income As Reported": 1638000000.0,
      "Diluted Average Shares": 628000000.0,
      "Basic Average Shares": 627400000.0,
      "Diluted EPS": 1.87,
      "Basic EPS": 1.87,
      "Diluted NI Availto Com Stockholders": 1172000000.0,
      "Net Income Common Stockholders": 1172000000.0,
      "Net Income": 1172000000.0,
      "Net Income Including Noncontrolling Interests": 1172000000.0,
      "Net Income Continuous Operations": 1172000000.0,
      "Tax Provision": 389000000.0,
      "Pretax Income": 1561000000.0,
      "Other Income Expense": 142000000.0,
      "Other Non Operating Income Expenses": 142000000.0,
      "Special Income Charges": 0.0,
      "Gain On Sale Of Ppe": 0.0,
      "Net Non Operating Interest Income Expense": -219000000.0,
      "Interest Expense Non Operating": 219000000.0,
      "Operating Income": 1638000000.0,
      "Operating Expense": 189000000.0,
      "Other Operating Expenses": 189000000.0,
      "Selling General And Administration": null,
      "General And Administrative Expense": null,
      "Salaries And Wages": null,
      "Gross Profit": 1827000000.0,
      "Cost Of Revenue": 2445000000.0,
      "Total Revenue": 4272000000.0,
      "Operating Revenue": 4090000000.0
    },
    "2025-03-31T00:00:00": {
      "Tax Effect Of Unusual Items": 0.0,
      "Tax Rate For Calcs": 0.24,
      "Normalized EBITDA": 2253000000.0,
      "Total Unusual Items": null,
      "Total Unusual Items Excluding Goodwill": null,
      "Net Income From Continuing Operation Net Minority Interest": 1161000000.0,
      "Reconciled Depreciation": 493000000.0,
      "Reconciled Cost Of Revenue": 2626000000.0,
      "EBITDA": 2253000000.0,
      "EBIT": 1760000000.0,
      "Net Interest Income": -233000000.0,
      "Interest Expense": 233000000.0,
      "Normalized Income": 1161000000.0,
      "Net Income From Continuing And Discontinued Operation": 1161000000.0,
      "Total Expenses": 2793000000.0,
      "Rent Expense Supplemental": 118000000.0,
      "Total Operating Income As Reported": 1610000000.0,
      "Diluted Average Shares": 628300000.0,
      "Basic Average Shares": 627800000.0,
      "Diluted EPS": 1.85,
      "Basic EPS": 1.85,
      "Diluted NI Availto Com Stockholders": 1161000000.0,
      "Net Income Common Stockholders": 1161000000.0,
      "Net Income": 1161000000.0,
      "Net Income Including Noncontrolling Interests": 1161000000.0,
      "Net Income Continuous Operations": 1161000000.0,
      "Tax Provision": 366000000.0,
      "Pretax Income": 1527000000.0,
      "Other Income Expense": 150000000.0,
      "Other Non Operating Income Expenses": 150000000.0,
      "Special Income Charges": null,
      "Gain On Sale Of Ppe": null,
      "Net Non Operating Interest Income Expense": -233000000.0,
      "Interest Expense Non Operating": 233000000.0,
      "Operating Income": 1610000000.0,
      "Operating Expense": 167000000.0,
      "Other Operating Expenses": 167000000.0,
      "Selling General And Administration": null,
      "General And Administrative Expense": null,
      "Salaries And Wages": null,
      "Gross Profit": 1777000000.0,
      "Cost Of Revenue": 2626000000.0,
      "Total Revenue": 4403000000.0,
      "Operating Revenue": 4288000000.0
    },
    "2024-12-31T00:00:00": {
      "Tax Effect Of Unusual Items": 7681697.612732,
      "Tax Rate For Calcs": 0.240053,
      "Normalized EBITDA": 2196000000.0,
      "Total Unusual Items": 32000000.0,
      "Total Unusual Items Excluding Goodwill": 32000000.0,
      "Net Income From Continuing Operation Net Minority Interest": 1146000000.0,
      "Reconciled Depreciation": 489000000.0,
      "Reconciled Cost Of Revenue": 2549000000.0,
      "EBITDA": 2228000000.0,
      "EBIT": 1739000000.0,
      "Net Interest Income": -231000000.0,
      "Interest Expense": 231000000.0,
      "Normalized Income": 1121681697.612732,
      "Net Income From Continuing And Discontinued Operation": 1146000000.0,
      "Total Expenses": 2730000000.0,
      "Rent Expense Supplemental": 98000000.0,
      "Total Operating Income As Reported": 1628000000.0,
      "Diluted Average Shares": 629500000.0,
      "Basic Average Shares": 628900000.0,
      "Diluted EPS": 1.82,
      "Basic EPS": 1.82,
      "Diluted NI Availto Com Stockholders": 1146000000.0,
      "Net Income Common Stockholders": 1146000000.0,
      "Net Income": 1146000000.0,
      "Net Income Including Noncontrolling Interests": 1146000000.0,
      "Net Income Continuous Operations": 1146000000.0,
      "Tax Provision": 362000000.0,
      "Pretax Income": 1508000000.0,
      "Other Income Expense": 111000000.0,
      "Other Non Operating Income Expenses": 79000000.0,
      "Special Income Charges": 20000000.0,
      "Gain On Sale Of Ppe": 20000000.0,
      "Net Non Operating Interest Income Expense": -231000000.0,
      "Interest Expense Non Operating": 231000000.0,
      "Operating Income": 1628000000.0,
      "Operating Expense": 181000000.0,
      "Other Operating Expenses": 181000000.0,
      "Selling General And Administration": null,
      "General And Administrative Expense": null,
      "Salaries And Wages": null,
      "Gross Profit": 1809000000.0,
      "Cost Of Revenue": 2549000000.0,
      "Total Revenue": 4358000000.0,
      "Operating Revenue": 4183000000.0
    },
    "2024-09-30T00:00:00": {
      "Tax Effect Of Unusual Items": null,
      "Tax Rate For Calcs": null,
      "Normalized EBITDA": null,
      "Total Unusual Items": 0.0,
      "Total Unusual Items Excluding Goodwill": 0.0,
      "Net Income From Continuing Operation Net Minority Interest": null,
      "Reconciled Depreciation": null,
      "Reconciled Cost Of Revenue": null,
      "EBITDA": null,
      "EBIT": null,
      "Net Interest Income": null,
      "Interest Expense": null,
      "Normalized Income": null,
      "Net Income From Continuing And Discontinued Operation": null,
      "Total Expenses": null,
      "Rent Expense Supplemental": null,
      "Total Operating Income As Reported": null,
      "Diluted Average Shares": 630500000.0,
      "Basic Average Shares": 629600000.0,
      "Diluted EPS": 1.72,
      "Basic EPS": 1.72,
      "Diluted NI Availto Com Stockholders": null,
      "Net Income Common Stockholders": null,
      "Net Income": null,
      "Net Income Including Noncontrolling Interests": null,
      "Net Income Continuous Operations": null,
      "Tax Provision": null,
      "Pretax Income": null,
      "Other Income Expense": null,
      "Other Non Operating Income Expenses": null,
      "Special Income Charges": 0.0,
      "Gain On Sale Of Ppe": 0.0,
      "Net Non Operating Interest Income Expense": null,
      "Interest Expense Non Operating": null,
      "Operating Income": null,
      "Operating Expense": null,
      "Other Operating Expenses": null,
      "Selling General And Administration": -114000000.0,
      "General And Administrative Expense": -114000000.0,
      "Salaries And Wages": -114000000.0,
      "Gross Profit": null,
      "Cost Of Revenue": null,
      "Total Revenue": null,
      "Operating Revenue": null
    },
    "2024-06-30T00:00:00": {
      "Tax Effect Of Unusual Items": null,
      "Tax Rate For Calcs": null,
      "Normalized EBITDA": null,
      "Total Unusual Items": null,
      "Total Unusual Items Excluding Goodwill": null,
      "Net Income From Continuing Operation Net Minority Interest": null,
      "Reconciled Depreciation": null,
      "Reconciled Cost Of Revenue": null,
      "EBITDA": null,
      "EBIT": null,
      "Net Interest Income": null,
      "Interest Expense": null,
      "Normalized Income": null,
      "Net Income From Continuing And Discontinued Operation": null,
      "Total Expenses": null,
      "Rent Expense Supplemental": null,
      "Total Operating Income As Reported": null,
      "Diluted Average Shares": null,
      "Basic Average Shares": null,
      "Diluted EPS": null,
      "Basic EPS": null,
      "Diluted NI Availto Com Stockholders": null,
      "Net Income Common Stockholders": null,
      "Net Income": null,
      "Net Income Including Noncontrolling Interests": null,
      "Net Income Continuous Operations": null,
      "Tax Provision": null,
      "Pretax Income": null,
      "Other Income Expense": null,
      "Other Non Operating Income Expenses": null,
      "Special Income Charges": null,
      "Gain On Sale Of Ppe": null,
      "Net Non Operating Interest Income Expense": null,
      "Interest Expense Non Operating": null,
      "Operating Income": null,
      "Operating Expense": null,
      "Other Operating Expenses": null,
      "Selling General And Administration": -114000000.0,
      "General And Administrative Expense": -114000000.0,
      "Salaries And Wages": -114000000.0,
      "Gross Profit": null,
      "Cost Of Revenue": null,
      "Total Revenue": null,
      "Operating Revenue": null
    }
  },
  "balance_sheet": {
    "2025-12-31T00:00:00": {
      "Treasury Shares Number": 1100000.0,
      "Ordinary Shares Number": 613333951.0,
      "Share Issued": 614433951.0,
      "Net Debt": 20856000000.0,
      "Total Debt": 21630000000.0,
      "Tangible Book Value": 21348000000.0,
      "Invested Capital": 42774000000.0,
      "Working Capital": -1225000000.0,
      "Net Tangible Assets": 21348000000.0,
      "Capital Lease Obligations": 424000000.0,
      "Common Stock Equity": 21568000000.0,
      "Total Capitalization": 41868000000.0,
      "Total Equity Gross Minority Interest": 21568000000.0,
      "Stockholders Equity": 21568000000.0,
      "Gains Losses Not Affecting Retained Earnings": -1067000000.0,
      "Other Equity Adjustments": -1067000000.0,
      "Treasury Stock": 152000000.0,
      "Retained Earnings": 18918000000.0,
      "Additional Paid In Capital": 415000000.0,
      "Capital Stock": 3454000000.0,
      "Common Stock": 3454000000.0,
      "Total Liabilities Net Minority Interest": 36987000000.0,
      "Total Non Current Liabilities Net Minority Interest": 33291000000.0,
      "Employee Benefits": 457000000.0,
      "Non Current Pension And Other Postretirement Benefit Plans": 453000000.0,
      "Non Current Deferred Liabilities": 11953000000.0,
      "Non Current Deferred Revenue": 520000000.0,
      "Non Current Deferred Taxes Liabilities": 11223000000.0,
      "Long Term Debt And Capital Lease Obligation": 20616000000.0,
      "Long Term Capital Lease Obligation": 316000000.0,
      "Long Term Debt": 20300000000.0,
      "Long Term Provisions": 265000000.0,
      "Current Liabilities": 3696000000.0,
      "Other Current Liabilities": 10000000.0,
      "Current Deferred Liabilities": 7000000.0,
      "Current Deferred Revenue": 7000000.0,
      "Current Debt And Capital Lease Obligation": 1014000000.0,
      "Current Capital Lease Obligation": 108000000.0,
      "Current Debt": 906000000.0,
      "Other Current Borrowings": 906000000.0,
      "Pensionand Other Post Retirement Benefit Plans Current": 10000000.0,
      "Current Provisions": 109000000.0,
      "Payables And Accrued Expenses": 2546000000.0,
      "Current Accrued Expenses": 957000000.0,
      "Interest Payable": 249000000.0,
      "Payables": 1589000000.0,
      "Other Payable": 269000000.0,
      "Total Tax Payable": 430000000.0,
      "Accounts Payable": 890000000.0,
      "Total Assets": 58555000000.0,
      "Total Non Current Assets": 56084000000.0,
      "Other Non Current Assets": 49000000.0,
      "Defined Pension Benefit": 5362000000.0,
      "Non Current Deferred Assets": 748000000.0,
      "Non Current Deferred Taxes Assets": 611000000.0,
      "Non Current Accounts Receivable": 6000000.0,
      "Investments And Advances": 111000000.0,
      "Goodwill And Other Intangible Assets": 220000000.0,
      "Other Intangible Assets": 120000000.0,
      "Goodwill": 100000000.0,
      "Net PPE": 49588000000.0,
      "Accumulated Depreciation": -18519000000.0,
      "Gross PPE": 68107000000.0,
      "Leases": null,
      "Other Properties": 62251000000.0,
      "Machinery Furniture Equipment": 3277000000.0,
      "Buildings And Improvements": 2579000000.0,
      "Current Assets": 2471000000.0,
      "Other Current Assets": 49000000.0,
      "Hedging Assets Current": 0.0,
      "Assets Held For Sale Current": null,
      "Restricted Cash": 13000000.0,
      "Prepaid Assets": 208000000.0,
      "Inventory": 734000000.0,
      "Receivables": 1117000000.0,
      "Taxes Receivable": 0.0,
      "Accounts Receivable": 1117000000.0,
      "Allowance For Doubtful Accounts Receivable": -19000000.0,
      "Gross Accounts Receivable": 1136000000.0,
      "Cash Cash Equivalents And Short Term Investments": 350000000.0,
      "Cash And Cash Equivalents": 350000000.0
    },
    "2024-12-31T00:00:00": {
      "Treasury Shares Number": 900000.0,
      "Ordinary Shares Number": 627934857.0,
      "Share Issued": 628834857.0,
      "Net Debt": 20505000000.0,
      "Total Debt": 21371000000.0,
      "Tangible Book Value": 20852000000.0,
      "Invested Capital": 41945000000.0,
      "Working Capital": -1357000000.0,
      "Net Tangible Assets": 20852000000.0,
      "Capital Lease Obligations": 477000000.0,
      "Common Stock Equity": 21051000000.0,
      "Total Capitalization": 40779000000.0,
      "Total Equity Gross Minority Interest": 21051000000.0,
      "Stockholders Equity": 21051000000.0,
      "Gains Losses Not Affecting Retained Earnings": -1020000000.0,
      "Other Equity Adjustments": -1020000000.0,
      "Treasury Stock": 129000000.0,
      "Retained Earnings": 18354000000.0,
      "Additional Paid In Capital": 372000000.0,
      "Capital Stock": 3474000000.0,
      "Common Stock": 3474000000.0,
      "Total Liabilities Net Minority Interest": 36016000000.0,
      "Total Non Current Liabilities Net Minority Interest": 32040000000.0,
      "Employee Benefits": 487000000.0,
      "Non Current Pension And Other Postretirement Benefit Plans": 483000000.0,
      "Non Current Deferred Liabilities": 11229000000.0,
      "Non Current Deferred Revenue": 186000000.0,
      "Non Current Deferred Taxes Liabilities": 10874000000.0,
      "Long Term Debt And Capital Lease Obligation": 20071000000.0,
      "Long Term Capital Lease Obligation": 343000000.0,
      "Long Term Debt": 19728000000.0,
      "Long Term Provisions": 253000000.0,
      "Current Liabilities": 3976000000.0,
      "Other Current Liabilities": null,
      "Current Deferred Liabilities": 5000000.0,
      "Current Deferred Revenue": 5000000.0,
      "Current Debt And Capital Lease Obligation": 1300000000.0,
      "Current Capital Lease Obligation": 134000000.0,
      "Current Debt": 1166000000.0,
      "Other Current Borrowings": 1166000000.0,
      "Pensionand Other Post Retirement Benefit Plans Current": 10000000.0,
      "Current Provisions": 87000000.0,
      "Payables And Accrued Expenses": 2574000000.0,
      "Current Accrued Expenses": 1034000000.0,
      "Interest Payable": 253000000.0,
      "Payables": 1540000000.0,
      "Other Payable": 182000000.0,
      "Total Tax Payable": 327000000.0,
      "Accounts Payable": 1031000000.0,
      "Total Assets": 57067000000.0,
      "Total Non Current Assets": 54448000000.0,
      "Other Non Current Assets": 12000000.0,
      "Defined Pension Benefit": 4541000000.0,
      "Non Current Deferred Assets": 807000000.0,
      "Non Current Deferred Taxes Assets": 689000000.0,
      "Non Current Accounts Receivable": 16000000.0,
      "Investments And Advances": 428000000.0,
      "Goodwill And Other Intangible Assets": 199000000.0,
      "Other Intangible Assets": 128000000.0,
      "Goodwill": 71000000.0,
      "Net PPE": 48445000000.0,
      "Accumulated Depreciation": -18962000000.0,
      "Gross PPE": 67407000000.0,
      "Leases": null,
      "Other Properties": 61827000000.0,
      "Machinery Furniture Equipment": 3128000000.0,
      "Buildings And Improvements": 2452000000.0,
      "Current Assets": 2619000000.0,
      "Other Current Assets": 40000000.0,
      "Hedging Assets Current": 38000000.0,
      "Assets Held For Sale Current": null,
      "Restricted Cash": 12000000.0,
      "Prepaid Assets": 113000000.0,
      "Inventory": 720000000.0,
      "Receivables": 1307000000.0,
      "Taxes Receivable": 143000000.0,
      "Accounts Receivable": 1164000000.0,
      "Allowance For Doubtful Accounts Receivable": -21000000.0,
      "Gross Accounts Receivable": 1185000000.0,
      "Cash Cash Equivalents And Short Term Investments": 389000000.0,
      "Cash And Cash Equivalents": 389000000.0
    },
    "2023-12-31T00:00:00": {
      "Treasury Shares Number": 1100000.0,
      "Ordinary Shares Number": 642733245.0,
      "Share Issued": 643833245.0,
      "Net Debt": 17998000000.0,
      "Total Debt": 18888000000.0,
      "Tangible Book Value": 19916000000.0,
      "Invested Capital": 38590000000.0,
      "Working Capital": -1946000000.0,
      "Net Tangible Assets": 19916000000.0,
      "Capital Lease Obligations": 415000000.0,
      "Common Stock Equity": 20117000000.0,
      "Total Capitalization": 36250000000.0,
      "Total Equity Gross Minority Interest": 20117000000.0,
      "Stockholders Equity": 20117000000.0,
      "Gains Losses Not Affecting Retained Earnings": -2279000000.0,
      "Other Equity Adjustments": -2279000000.0,
      "Treasury Stock": 144000000.0,
      "Retained Earnings": 18655000000.0,
      "Additional Paid In Capital": 373000000.0,
      "Capital Stock": 3512000000.0,
      "Common Stock": 3512000000.0,
      "Total Liabilities Net Minority Interest": 32549000000.0,
      "Total Non Current Liabilities Net Minority Interest": 27514000000.0,
      "Employee Benefits": 500000000.0,
      "Non Current Pension And Other Postretirement Benefit Plans": 495000000.0,
      "Non Current Deferred Liabilities": 10304000000.0,
      "Non Current Deferred Revenue": 82000000.0,
      "Non Current Deferred Taxes Liabilities": 10066000000.0,
      "Long Term Debt And Capital Lease Obligation": 16431000000.0,
      "Long Term Capital Lease Obligation": 298000000.0,
      "Long Term Debt": 16133000000.0,
      "Long Term Provisions": 279000000.0,
      "Current Liabilities": 5035000000.0,
      "Other Current Liabilities": 64000000.0,
      "Current Deferred Liabilities": 13000000.0,
      "Current Deferred Revenue": 13000000.0,
      "Current Debt And Capital Lease Obligation": 2457000000.0,
      "Current Capital Lease Obligation": 117000000.0,
      "Current Debt": 2340000000.0,
      "Other Current Borrowings": 2340000000.0,
      "Pensionand Other Post Retirement Benefit Plans Current": 12000000.0,
      "Current Provisions": 90000000.0,
      "Payables And Accrued Expenses": 2399000000.0,
      "Current Accrued Expenses": 956000000.0,
      "Interest Payable": 215000000.0,
      "Payables": 1443000000.0,
      "Other Payable": 165000000.0,
      "Total Tax Payable": 310000000.0,
      "Accounts Payable": 968000000.0,
      "Total Assets": 52666000000.0,
      "Total Non Current Assets": 49577000000.0,
      "Other Non Current Assets": 12000000.0,
      "Defined Pension Benefit": 3140000000.0,
      "Non Current Deferred Assets": 765000000.0,
      "Non Current Deferred Taxes Assets": 682000000.0,
      "Non Current Accounts Receivable": 16000000.0,
      "Investments And Advances": 402000000.0,
      "Goodwill And Other Intangible Assets": 201000000.0,
      "Other Intangible Assets": 131000000.0,
      "Goodwill": 70000000.0,
      "Net PPE": 45041000000.0,
      "Accumulated Depreciation": -17394000000.0,
      "Gross PPE": 62435000000.0,
      "Leases": null,
      "Other Properties": 57302000000.0,
      "Machinery Furniture Equipment": 2879000000.0,
      "Buildings And Improvements": 2254000000.0,
      "Current Assets": 3089000000.0,
      "Other Current Assets": 33000000.0,
      "Hedging Assets Current": 0.0,
      "Assets Held For Sale Current": null,
      "Restricted Cash": 449000000.0,
      "Prepaid Assets": 133000000.0,
      "Inventory": 699000000.0,
      "Receivables": 1300000000.0,
      "Taxes Receivable": 0.0,
      "Accounts Receivable": 1300000000.0,
      "Allowance For Doubtful Accounts Receivable": -25000000.0,
      "Gross Accounts Receivable": 1325000000.0,
      "Cash Cash Equivalents And Short Term Investments": 475000000.0,
      "Cash And Cash Equivalents": 475000000.0
    },
    "2022-12-31T00:00:00": {
      "Treasury Shares Number": 1400000.0,
      "Ordinary Shares Number": 671022354.0,
      "Share Issued": 672422354.0,
      "Net Debt": 15101000000.0,
      "Total Debt": 15895000000.0,
      "Tangible Book Value": 21177000000.0,
      "Invested Capital": 36813000000.0,
      "Working Capital": -625000000.0,
      "Net Tangible Assets": 21177000000.0,
      "Capital Lease Obligations": 466000000.0,
      "Common Stock Equity": 21384000000.0,
      "Total Capitalization": 35756000000.0,
      "Total Equity Gross Minority Interest": 21384000000.0,
      "Stockholders Equity": 21384000000.0,
      "Gains Losses Not Affecting Retained Earnings": -1969000000.0,
      "Other Equity Adjustments": -1969000000.0,
      "Treasury Stock": 170000000.0,
      "Retained Earnings": 19529000000.0,
      "Additional Paid In Capital": 381000000.0,
      "Capital Stock": 3613000000.0,
      "Common Stock": 3613000000.0,
      "Total Liabilities Net Minority Interest": 29278000000.0,
      "Total Non Current Liabilities Net Minority Interest": 25436000000.0,
      "Employee Benefits": 493000000.0,
      "Non Current Pension And Other Postretirement Benefit Plans": 486000000.0,
      "Non Current Deferred Liabilities": 9961000000.0,
      "Non Current Deferred Revenue": 16000000.0,
      "Non Current Deferred Taxes Liabilities": 9796000000.0,
      "Long Term Debt And Capital Lease Obligation": 14713000000.0,
      "Long Term Capital Lease Obligation": 341000000.0,
      "Long Term Debt": 14372000000.0,
      "Long Term Provisions": 269000000.0,
      "Current Liabilities": 3842000000.0,
      "Other Current Liabilities": 4000000.0,
      "Current Deferred Liabilities": 12000000.0,
      "Current Deferred Revenue": 12000000.0,
      "Current Debt And Capital Lease Obligation": 1182000000.0,
      "Current Capital Lease Obligation": 125000000.0,
      "Current Debt": 1057000000.0,
      "Other Current Borrowings": 1057000000.0,
      "Pensionand Other Post Retirement Benefit Plans Current": 14000000.0,
      "Current Provisions": 86000000.0,
      "Payables And Accrued Expenses": 2544000000.0,
      "Current Accrued Expenses": 1024000000.0,
      "Interest Payable": 201000000.0,
      "Payables": 1520000000.0,
      "Other Payable": 178000000.0,
      "Total Tax Payable": 388000000.0,
      "Accounts Payable": 954000000.0,
      "Total Assets": 50662000000.0,
      "Total Non Current Assets": 47445000000.0,
      "Other Non Current Assets": 13000000.0,
      "Defined Pension Benefit": 3033000000.0,
      "Non Current Deferred Assets": 66000000.0,
      "Non Current Deferred Taxes Assets": 0.0,
      "Non Current Accounts Receivable": 25000000.0,
      "Investments And Advances": 94000000.0,
      "Goodwill And Other Intangible Assets": 207000000.0,
      "Other Intangible Assets": 137000000.0,
      "Goodwill": 70000000.0,
      "Net PPE": 44007000000.0,
      "Accumulated Depreciation": -16526000000.0,
      "Gross PPE": 60533000000.0,
      "Leases": null,
      "Other Properties": 55661000000.0,
      "Machinery Furniture Equipment": 2670000000.0,
      "Buildings And Improvements": 2202000000.0,
      "Current Assets": 3217000000.0,
      "Other Current Assets": 55000000.0,
      "Hedging Assets Current": 33000000.0,
      "Assets Held For Sale Current": 0.0,
      "Restricted Cash": 506000000.0,
      "Prepaid Assets": 186000000.0,
      "Inventory": 692000000.0,
      "Receivables": 1417000000.0,
      "Taxes Receivable": 46000000.0,
      "Accounts Receivable": 1371000000.0,
      "Allowance For Doubtful Accounts Receivable": -15000000.0,
      "Gross Accounts Receivable": 1386000000.0,
      "Cash Cash Equivalents And Short Term Investments": 328000000.0,
      "Cash And Cash Equivalents": 328000000.0
    },
    "2021-12-31T00:00:00": {
      "Treasury Shares Number": null,
      "Ordinary Shares Number": null,
      "Share Issued": null,
      "Net Debt": null,
      "Total Debt": null,
      "Tangible Book Value": null,
      "Invested Capital": null,
      "Working Capital": null,
      "Net Tangible Assets": null,
      "Capital Lease Obligations": null,
      "Common Stock Equity": null,
      "Total Capitalization": null,
      "Total Equity Gross Minority Interest": null,
      "Stockholders Equity": null,
      "Gains Losses Not Affecting Retained Earnings": null,
      "Other Equity Adjustments": null,
      "Treasury Stock": null,
      "Retained Earnings": null,
      "Additional Paid In Capital": null,
      "Capital Stock": null,
      "Common Stock": null,
      "Total Liabilities Net Minority Interest": null,
      "Total Non Current Liabilities Net Minority Interest": null,
      "Employee Benefits": null,
      "Non Current Pension And Other Postretirement Benefit Plans": null,
      "Non Current Deferred Liabilities": null,
      "Non Current Deferred Revenue": null,
      "Non Current Deferred Taxes Liabilities": null,
      "Long Term Debt And Capital Lease Obligation": null,
      "Long Term Capital Lease Obligation": null,
      "Long Term Debt": null,
      "Long Term Provisions": null,
      "Current Liabilities": null,
      "Other Current Liabilities": null,
      "Current Deferred Liabilities": null,
      "Current Deferred Revenue": null,
      "Current Debt And Capital Lease Obligation": null,
      "Current Capital Lease Obligation": null,
      "Current Debt": null,
      "Other Current Borrowings": null,
      "Pensionand Other Post Retirement Benefit Plans Current": null,
      "Current Provisions": null,
      "Payables And Accrued Expenses": null,
      "Current Accrued Expenses": null,
      "Interest Payable": null,
      "Payables": null,
      "Other Payable": null,
      "Total Tax Payable": null,
      "Accounts Payable": null,
      "Total Assets": null,
      "Total Non Current Assets": null,
      "Other Non Current Assets": null,
      "Defined Pension Benefit": null,
      "Non Current Deferred Assets": null,
      "Non Current Deferred Taxes Assets": null,
      "Non Current Accounts Receivable": null,
      "Investments And Advances": null,
      "Goodwill And Other Intangible Assets": null,
      "Other Intangible Assets": null,
      "Goodwill": null,
      "Net PPE": null,
      "Accumulated Depreciation": null,
      "Gross PPE": null,
      "Leases": 94000000.0,
      "Other Properties": null,
      "Machinery Furniture Equipment": null,
      "Buildings And Improvements": null,
      "Current Assets": null,
      "Other Current Assets": null,
      "Hedging Assets Current": null,
      "Assets Held For Sale Current": 260000000.0,
      "Restricted Cash": null,
      "Prepaid Assets": null,
      "Inventory": null,
      "Receivables": null,
      "Taxes Receivable": null,
      "Accounts Receivable": null,
      "Allowance For Doubtful Accounts Receivable": null,
      "Gross Accounts Receivable": null,
      "Cash Cash Equivalents And Short Term Investments": null,
      "Cash And Cash Equivalents": null
    }
  },
  "cashflow": {
    "2025-12-31T00:00:00": {
      "Free Cash Flow": 3391000000.0,
      "Repurchase Of Capital Stock": -2115000000.0,
      "Repayment Of Debt": -26529000000.0,
      "Issuance Of Debt": 27436000000.0,
      "Capital Expenditure": -3658000000.0,
      "Interest Paid Supplemental Data": 979000000.0,
      "Income Tax Paid Supplemental Data": 935000000.0,
      "End Cash Position": 363000000.0,
      "Beginning Cash Position": 401000000.0,
      "Effect Of Exchange Rate Changes": -3000000.0,
      "Changes In Cash": -35000000.0,
      "Financing Cash Flow": -3371000000.0,
      "Cash Flow From Continuing Financing Activities": -3371000000.0,
      "Net Other Financing Charges": -6000000.0,
      "Proceeds From Stock Option Exercised": 51000000.0,
      "Cash Dividends Paid": -2208000000.0,
      "Common Stock Dividend Paid": -2208000000.0,
      "Net Common Stock Issuance": -2115000000.0,
      "Common Stock Payments": -2115000000.0,
      "Net Issuance Payments Of Debt": 907000000.0,
      "Net Short Term Debt Issuance": -612000000.0,
      "Short Term Debt Payments": -26083000000.0,
      "Short Term Debt Issuance": 25471000000.0,
      "Net Long Term Debt Issuance": 1519000000.0,
      "Long Term Debt Payments": -446000000.0,
      "Long Term Debt Issuance": 1965000000.0,
      "Investing Cash Flow": -3713000000.0,
      "Cash Flow From Continuing Investing Activities": -3713000000.0,
      "Net Other Investing Changes": -55000000.0,
      "Net Business Purchase And Sale": 0.0,
      "Sale Of Business": null,
      "Purchase Of Business": 0.0,
      "Net PPE Purchase And Sale": -3658000000.0,
      "Sale Of PPE": 0.0,
      "Purchase Of PPE": -3658000000.0,
      "Operating Cash Flow": 7049000000.0,
      "Cash Flow From Continuing Operating Activities": 7049000000.0,
      "Change In Working Capital": 165000000.0,
      "Change In Other Current Assets": -123000000.0,
      "Change In Payables And Accrued Expense": 220000000.0,
      "Change In Payable": 220000000.0,
      "Change In Account Payable": 220000000.0,
      "Change In Inventory": -24000000.0,
      "Change In Receivables": 92000000.0,
      "Changes In Account Receivables": 92000000.0,
      "Other Non Cash Items": 302000000.0,
      "Asset Impairment Charge": null,
      "Deferred Tax": 334000000.0,
      "Deferred Income Tax": 334000000.0,
      "Depreciation Amortization Depletion": 1938000000.0,
      "Depreciation And Amortization": 1938000000.0,
      "Operating Gains Losses": -410000000.0,
      "Pension And Employee Benefit Expense": -410000000.0,
      "Gain Loss On Sale Of PPE": 0.0,
      "Net Income From Continuing Operations": 4720000000.0
    },
    "2024-12-31T00:00:00": {
      "Free Cash Flow": 3150000000.0,
      "Repurchase Of Capital Stock": -2650000000.0,
      "Repayment Of Debt": -22665000000.0,
      "Issuance Of Debt": 23729000000.0,
      "Capital Expenditure": -3549000000.0,
      "Interest Paid Supplemental Data": 926000000.0,
      "Income Tax Paid Supplemental Data": 1221000000.0,
      "End Cash Position": 401000000.0,
      "Beginning Cash Position": 924000000.0,
      "Effect Of Exchange Rate Changes": 5000000.0,
      "Changes In Cash": -528000000.0,
      "Financing Cash Flow": -3620000000.0,
      "Cash Flow From Continuing Financing Activities": -3620000000.0,
      "Net Other Financing Charges": 68000000.0,
      "Proceeds From Stock Option Exercised": 36000000.0,
      "Cash Dividends Paid": -2138000000.0,
      "Common Stock Dividend Paid": -2138000000.0,
      "Net Common Stock Issuance": -2650000000.0,
      "Common Stock Payments": -2650000000.0,
      "Net Issuance Payments Of Debt": 1064000000.0,
      "Net Short Term Debt Issuance": -1381000000.0,
      "Short Term Debt Payments": -21627000000.0,
      "Short Term Debt Issuance": 20246000000.0,
      "Net Long Term Debt Issuance": 2445000000.0,
      "Long Term Debt Payments": -1038000000.0,
      "Long Term Debt Issuance": 3483000000.0,
      "Investing Cash Flow": -3607000000.0,
      "Cash Flow From Continuing Investing Activities": -3607000000.0,
      "Net Other Investing Changes": -58000000.0,
      "Net Business Purchase And Sale": 0.0,
      "Sale Of Business": null,
      "Purchase Of Business": 0.0,
      "Net PPE Purchase And Sale": -3549000000.0,
      "Sale Of PPE": 0.0,
      "Purchase Of PPE": -3549000000.0,
      "Operating Cash Flow": 6699000000.0,
      "Cash Flow From Continuing Operating Activities": 6699000000.0,
      "Change In Working Capital": 92000000.0,
      "Change In Other Current Assets": 0.0,
      "Change In Payables And Accrued Expense": -107000000.0,
      "Change In Payable": -107000000.0,
      "Change In Account Payable": -107000000.0,
      "Change In Inventory": -6000000.0,
      "Change In Receivables": 205000000.0,
      "Changes In Account Receivables": 205000000.0,
      "Other Non Cash Items": 249000000.0,
      "Asset Impairment Charge": null,
      "Deferred Tax": 325000000.0,
      "Deferred Income Tax": 325000000.0,
      "Depreciation Amortization Depletion": 1892000000.0,
      "Depreciation And Amortization": 1892000000.0,
      "Operating Gains Losses": -307000000.0,
      "Pension And Employee Benefit Expense": -385000000.0,
      "Gain Loss On Sale Of PPE": 0.0,
      "Net Income From Continuing Operations": 4448000000.0
    },
    "2023-12-31T00:00:00": {
      "Free Cash Flow": 3778000000.0,
      "Repurchase Of Capital Stock": -4579000000.0,
      "Repayment Of Debt": -14980000000.0,
      "Issuance Of Debt": 18192000000.0,
      "Capital Expenditure": -3187000000.0,
      "Interest Paid Supplemental Data": 776000000.0,
      "Income Tax Paid Supplemental Data": 1197000000.0,
      "End Cash Position": 924000000.0,
      "Beginning Cash Position": 834000000.0,
      "Effect Of Exchange Rate Changes": -1000000.0,
      "Changes In Cash": 91000000.0,
      "Financing Cash Flow": -3406000000.0,
      "Cash Flow From Continuing Financing Activities": -3406000000.0,
      "Net Other Financing Charges": -13000000.0,
      "Proceeds From Stock Option Exercised": 45000000.0,
      "Cash Dividends Paid": -2071000000.0,
      "Common Stock Dividend Paid": -2071000000.0,
      "Net Common Stock Issuance": -4579000000.0,
      "Common Stock Payments": -4579000000.0,
      "Net Issuance Payments Of Debt": 3212000000.0,
      "Net Short Term Debt Issuance": 908000000.0,
      "Short Term Debt Payments": -14730000000.0,
      "Short Term Debt Issuance": 15638000000.0,
      "Net Long Term Debt Issuance": 2304000000.0,
      "Long Term Debt Payments": -250000000.0,
      "Long Term Debt Issuance": 2554000000.0,
      "Investing Cash Flow": -3468000000.0,
      "Cash Flow From Continuing Investing Activities": -3468000000.0,
      "Net Other Investing Changes": -20000000.0,
      "Net Business Purchase And Sale": -390000000.0,
      "Sale Of Business": 0.0,
      "Purchase Of Business": -390000000.0,
      "Net PPE Purchase And Sale": -3058000000.0,
      "Sale Of PPE": 129000000.0,
      "Purchase Of PPE": -3187000000.0,
      "Operating Cash Flow": 6965000000.0,
      "Cash Flow From Continuing Operating Activities": 6965000000.0,
      "Change In Working Capital": -53000000.0,
      "Change In Other Current Assets": 85000000.0,
      "Change In Payables And Accrued Expense": -191000000.0,
      "Change In Payable": -191000000.0,
      "Change In Account Payable": -191000000.0,
      "Change In Inventory": -18000000.0,
      "Change In Receivables": 71000000.0,
      "Changes In Account Receivables": 71000000.0,
      "Other Non Cash Items": 411000000.0,
      "Asset Impairment Charge": null,
      "Deferred Tax": -288000000.0,
      "Deferred Income Tax": -288000000.0,
      "Depreciation Amortization Depletion": 1817000000.0,
      "Depreciation And Amortization": 1817000000.0,
      "Operating Gains Losses": -547000000.0,
      "Pension And Employee Benefit Expense": -418000000.0,
      "Gain Loss On Sale Of PPE": -129000000.0,
      "Net Income From Continuing Operations": 5625000000.0
    },
    "2022-12-31T00:00:00": {
      "Free Cash Flow": 3917000000.0,
      "Repurchase Of Capital Stock": -4814000000.0,
      "Repayment Of Debt": -12059000000.0,
      "Issuance Of Debt": 14138000000.0,
      "Capital Expenditure": -2750000000.0,
      "Interest Paid Supplemental Data": 542000000.0,
      "Income Tax Paid Supplemental Data": 1288000000.0,
      "End Cash Position": 834000000.0,
      "Beginning Cash Position": 1341000000.0,
      "Effect Of Exchange Rate Changes": 3000000.0,
      "Changes In Cash": -510000000.0,
      "Financing Cash Flow": -4667000000.0,
      "Cash Flow From Continuing Financing Activities": -4667000000.0,
      "Net Other Financing Charges": 35000000.0,
      "Proceeds From Stock Option Exercised": 37000000.0,
      "Cash Dividends Paid": -2004000000.0,
      "Common Stock Dividend Paid": -2004000000.0,
      "Net Common Stock Issuance": -4814000000.0,
      "Common Stock Payments": -4814000000.0,
      "Net Issuance Payments Of Debt": 2079000000.0,
      "Net Short Term Debt Issuance": 563000000.0,
      "Short Term Debt Payments": -11676000000.0,
      "Short Term Debt Issuance": 12239000000.0,
      "Net Long Term Debt Issuance": 1516000000.0,
      "Long Term Debt Payments": -383000000.0,
      "Long Term Debt Issuance": 1899000000.0,
      "Investing Cash Flow": -2510000000.0,
      "Cash Flow From Continuing Investing Activities": -2510000000.0,
      "Net Other Investing Changes": 240000000.0,
      "Net Business Purchase And Sale": 0.0,
      "Sale Of Business": 0.0,
      "Purchase Of Business": 0.0,
      "Net PPE Purchase And Sale": -2750000000.0,
      "Sale Of PPE": 0.0,
      "Purchase Of PPE": -2750000000.0,
      "Operating Cash Flow": 6667000000.0,
      "Cash Flow From Continuing Operating Activities": 6667000000.0,
      "Change In Working Capital": -411000000.0,
      "Change In Other Current Assets": -30000000.0,
      "Change In Payables And Accrued Expense": -9000000.0,
      "Change In Payable": -9000000.0,
      "Change In Account Payable": -9000000.0,
      "Change In Inventory": -82000000.0,
      "Change In Receivables": -290000000.0,
      "Changes In Account Receivables": -290000000.0,
      "Other Non Cash Items": 214000000.0,
      "Asset Impairment Charge": null,
      "Deferred Tax": 404000000.0,
      "Deferred Income Tax": 404000000.0,
      "Depreciation Amortization Depletion": 1729000000.0,
      "Depreciation And Amortization": 1729000000.0,
      "Operating Gains Losses": -387000000.0,
      "Pension And Employee Benefit Expense": -387000000.0,
      "Gain Loss On Sale Of PPE": 0.0,
      "Net Income From Continuing Operations": 5118000000.0
    },
    "2021-12-31T00:00:00": {
      "Free Cash Flow": null,
      "Repurchase Of Capital Stock": null,
      "Repayment Of Debt": null,
      "Issuance Of Debt": null,
      "Capital Expenditure": null,
      "Interest Paid Supplemental Data": null,
      "Income Tax Paid Supplemental Data": null,
      "End Cash Position": null,
      "Beginning Cash Position": null,
      "Effect Of Exchange Rate Changes": null,
      "Changes In Cash": null,
      "Financing Cash Flow": null,
      "Cash Flow From Continuing Financing Activities": null,
      "Net Other Financing Charges": null,
      "Proceeds From Stock Option Exercised": null,
      "Cash Dividends Paid": null,
      "Common Stock Dividend Paid": null,
      "Net Common Stock Issuance": null,
      "Common Stock Payments": null,
      "Net Issuance Payments Of Debt": null,
      "Net Short Term Debt Issuance": null,
      "Short Term Debt Payments": null,
      "Short Term Debt Issuance": null,
      "Net Long Term Debt Issuance": null,
      "Long Term Debt Payments": null,
      "Long Term Debt Issuance": null,
      "Investing Cash Flow": null,
      "Cash Flow From Continuing Investing Activities": null,
      "Net Other Investing Changes": null,
      "Net Business Purchase And Sale": null,
      "Sale Of Business": 886000000.0,
      "Purchase Of Business": null,
      "Net PPE Purchase And Sale": null,
      "Sale Of PPE": null,
      "Purchase Of PPE": null,
      "Operating Cash Flow": null,
      "Cash Flow From Continuing Operating Activities": null,
      "Change In Working Capital": null,
      "Change In Other Current Assets": null,
      "Change In Payables And Accrued Expense": null,
      "Change In Payable": null,
      "Change In Account Payable": null,
      "Change In Inventory": null,
      "Change In Receivables": null,
      "Changes In Account Receivables": null,
      "Other Non Cash Items": null,
      "Asset Impairment Charge": -137000000.0,
      "Deferred Tax": null,
      "Deferred Income Tax": null,
      "Depreciation Amortization Depletion": null,
      "Depreciation And Amortization": null,
      "Operating Gains Losses": null,
      "Pension And Employee Benefit Expense": null,
      "Gain Loss On Sale Of PPE": null,
      "Net Income From Continuing Operations": null
    }
  },
  "earnings_estimate": {
    "avg": {
      "0q": 1.77756,
      "+1q": 1.94351,
      "0y": 7.87085,
      "+1y": 8.78008
    },
    "low": {
      "0q": 1.7,
      "+1q": 1.83,
      "0y": 7.7,
      "+1y": 8.37
    },
    "high": {
      "0q": 1.89,
      "+1q": 2.11,
      "0y": 8.2,
      "+1y": 9.46
    },
    "yearAgoEps": {
      "0q": 1.85,
      "+1q": 1.87,
      "0y": 7.63,
      "+1y": 7.87085
    },
    "numberOfAnalysts": {
      "0q": 23,
      "+1q": 21,
      "0y": 27,
      "+1y": 27
    },
    "growth": {
      "0q": -0.0392,
      "+1q": 0.039300002,
      "0y": 0.031600002,
      "+1y": 0.1155
    }
  },
  "revenue_estimate": {
    "avg": {
      "0q": 4304730500,
      "+1q": 4378684860,
      "0y": 17632641030,
      "+1y": 18527126640
    },
    "low": {
      "0q": 4129000000,
      "+1q": 4244952880,
      "0y": 17391000000,
      "+1y": 18071000000
    },
    "high": {
      "0q": 4413000000,
      "+1q": 4564000000,
      "0y": 17933000000,
      "+1y": 19060000000
    },
    "numberOfAnalysts": {
      "0q": 22,
      "+1q": 19,
      "0y": 25,
      "+1y": 26
    },
    "yearAgoRevenue": {
      "0q": 4403000000,
      "+1q": 4272000000,
      "0y": 17304000000,
      "+1y": 17632641030
    },
    "growth": {
      "0q": -0.0223,
      "+1q": 0.025,
      "0y": 0.019,
      "+1y": 0.0507
    }
  },
  "growth_estimates": {
    "stockTrend": {
      "0q": -0.0392,
      "+1q": 0.039300002,
      "0y": 0.031600002,
      "+1y": 0.1155,
      "LTG": null
    },
    "indexTrend": {
      "0q": 0.1273,
      "+1q": 0.103599995,
      "0y": 0.14310001,
      "+1y": 0.1557,
      "LTG": 0.122
    }
  },
  "revenue_forecasts": null,
  "dividend_rate": 3.66,
  "trailing_dividend_rate": 3.55
}