{
  "ticker": "COST",
  "name": "Costco",
  "country": "usa",
  "currency": "USD",
  "last_fetched": "2026-02-26T20:45:25.370335",
  "market_cap": 438993911808,
  "revenue": 280390991872,
  "net_income": 8302000128,
  "pe_ratio": 52.878033,
  "forward_pe": 44.42307,
  "dividend_yield": 0.52,
  "profit_margin": 0.02961,
  "roe": 0.30325,
  "debt_to_equity": 26.968,
  "beta": 1.008,
  "ev_to_ebitda": 32.955,
  "sector": "Consumer Defensive",
  "industry": "Discount Stores",
  "summary": "Costco Wholesale Corporation, together with its subsidiaries, engages in the operation of membership warehouses in the United States, Puerto Rico, Canada, Mexico, Japan, the United Kingdom, Korea, Australia, Taiwan, China, Spain, France, Iceland, New Zealand, and Sweden. It offers merchandise, including sundries, dry groceries, candies, coolers, freezers, deli, liquor, and tobacco; non-food merchandise comprising appliances, small electronics, health and beauty aids, hardware, lawn and garden, sporting goods, tires, toys and seasonal, automotive, stamps, tickets, apparel, furniture, domestics, housewares, special order kiosks, and jewelry; and fresh food, such as meat, produce, service deli, and bakery products. The company is also involved in warehouse ancillary operations, which include gasoline, pharmacies, optical, food courts, hearing-aid centers, and tire installation centers. In addition, it engages in e-commerce, business centers, travel, and other businesses. The company was formerly known as Costco Companies, Inc. and changed its name to Costco Wholesale Corporation in August 1999. Costco Wholesale Corporation was founded in 1976 and is based in Issaquah, Washington.",
  "website": "https://www.costco.com",
  "employees": 341000,
  "target_high": 1205.0,
  "target_low": 650.0,
  "target_mean": 1046.7188,
  "target_median": 1050.0,
  "recommendation": "buy",
  "num_analysts": 32,
  "income_stmt": {
    "2025-08-31T00:00:00": {
      "Tax Effect Of Unusual Items": 21084000.0,
      "Tax Rate For Calcs": 0.251,
      "Normalized EBITDA": 13314000000.0,
      "Total Unusual Items": 84000000.0,
      "Total Unusual Items Excluding Goodwill": 84000000.0,
      "Net Income From Continuing Operation Net Minority Interest": 8099000000.0,
      "Reconciled Depreciation": 2426000000.0,
      "Reconciled Cost Of Revenue": 239886000000.0,
      "EBITDA": 13398000000.0,
      "EBIT": 10972000000.0,
      "Net Interest Income": 351000000.0,
      "Interest Expense": 154000000.0,
      "Interest Income": 505000000.0,
      "Normalized Income": 8036084000.0,
      "Net Income From Continuing And Discontinued Operation": 8099000000.0,
      "Total Expenses": 264852000000.0,
      "Total Operating Income As Reported": 10383000000.0,
      "Diluted Average Shares": 444803000.0,
      "Basic Average Shares": 443985000.0,
      "Diluted EPS": 18.21,
      "Basic EPS": 18.24,
      "Diluted NI Availto Com Stockholders": 8099000000.0,
      "Net Income Common Stockholders": 8099000000.0,
      "Net Income": 8099000000.0,
      "Minority Interests": null,
      "Net Income Including Noncontrolling Interests": 8099000000.0,
      "Net Income Continuous Operations": 8099000000.0,
      "Tax Provision": 2719000000.0,
      "Pretax Income": 10818000000.0,
      "Other Income Expense": 84000000.0,
      "Other Non Operating Income Expenses": null,
      "Gain On Sale Of Security": 84000000.0,
      "Net Non Operating Interest Income Expense": 351000000.0,
      "Total Other Finance Cost": null,
      "Interest Expense Non Operating": 154000000.0,
      "Interest Income Non Operating": 505000000.0,
      "Operating Income": 10383000000.0,
      "Operating Expense": 24966000000.0,
      "Other Operating Expenses": null,
      "Selling General And Administration": 24966000000.0,
      "Gross Profit": 35349000000.0,
      "Cost Of Revenue": 239886000000.0,
      "Total Revenue": 275235000000.0,
      "Operating Revenue": 275235000000.0
    },
    "2024-08-31T00:00:00": {
      "Tax Effect Of Unusual Items": 6344000.0,
      "Tax Rate For Calcs": 0.244,
      "Normalized EBITDA": 12120000000.0,
      "Total Unusual Items": 26000000.0,
      "Total Unusual Items Excluding Goodwill": 26000000.0,
      "Net Income From Continuing Operation Net Minority Interest": 7367000000.0,
      "Reconciled Depreciation": 2237000000.0,
      "Reconciled Cost Of Revenue": 222358000000.0,
      "EBITDA": 12146000000.0,
      "EBIT": 9909000000.0,
      "Net Interest Income": 429000000.0,
      "Interest Expense": 169000000.0,
      "Interest Income": 533000000.0,
      "Normalized Income": 7347344000.0,
      "Net Income From Continuing And Discontinued Operation": 7367000000.0,
      "Total Expenses": 245168000000.0,
      "Total Operating Income As Reported": 9285000000.0,
      "Diluted Average Shares": 444759000.0,
      "Basic Average Shares": 443914000.0,
      "Diluted EPS": 16.56,
      "Basic EPS": 16.59,
      "Diluted NI Availto Com Stockholders": 7367000000.0,
      "Net Income Common Stockholders": 7367000000.0,
      "Net Income": 7367000000.0,
      "Minority Interests": 0.0,
      "Net Income Including Noncontrolling Interests": 7367000000.0,
      "Net Income Continuous Operations": 7367000000.0,
      "Tax Provision": 2373000000.0,
      "Pretax Income": 9740000000.0,
      "Other Income Expense": 26000000.0,
      "Other Non Operating Income Expenses": null,
      "Gain On Sale Of Security": 26000000.0,
      "Net Non Operating Interest Income Expense": 429000000.0,
      "Total Other Finance Cost": -65000000.0,
      "Interest Expense Non Operating": 169000000.0,
      "Interest Income Non Operating": 533000000.0,
      "Operating Income": 9285000000.0,
      "Operating Expense": 22810000000.0,
      "Other Operating Expenses": null,
      "Selling General And Administration": 22810000000.0,
      "Gross Profit": 32095000000.0,
      "Cost Of Revenue": 222358000000.0,
      "Total Revenue": 254453000000.0,
      "Operating Revenue": 254453000000.0
    },
    "2023-08-31T00:00:00": {
      "Tax Effect Of Unusual Items": 7511000.0,
      "Tax Rate For Calcs": 0.259,
      "Normalized EBITDA": 10695000000.0,
      "Total Unusual Items": 29000000.0,
      "Total Unusual Items Excluding Goodwill": 29000000.0,
      "Net Income From Continuing Operation Net Minority Interest": 6292000000.0,
      "Reconciled Depreciation": 2077000000.0,
      "Reconciled Cost Of Revenue": 212586000000.0,
      "EBITDA": 10724000000.0,
      "EBIT": 8647000000.0,
      "Net Interest Income": 344000000.0,
      "Interest Expense": 160000000.0,
      "Interest Income": 470000000.0,
      "Normalized Income": 6270511000.0,
      "Net Income From Continuing And Discontinued Operation": 6292000000.0,
      "Total Expenses": 234176000000.0,
      "Total Operating Income As Reported": 8114000000.0,
      "Diluted Average Shares": 444452000.0,
      "Basic Average Shares": 443854000.0,
      "Diluted EPS": 14.16,
      "Basic EPS": 14.18,
      "Diluted NI Availto Com Stockholders": 6292000000.0,
      "Net Income Common Stockholders": 6292000000.0,
      "Net Income": 6292000000.0,
      "Minority Interests": 0.0,
      "Net Income Including Noncontrolling Interests": 6292000000.0,
      "Net Income Continuous Operations": 6292000000.0,
      "Tax Provision": 2195000000.0,
      "Pretax Income": 8487000000.0,
      "Other Income Expense": 29000000.0,
      "Other Non Operating Income Expenses": null,
      "Gain On Sale Of Security": 29000000.0,
      "Net Non Operating Interest Income Expense": 344000000.0,
      "Total Other Finance Cost": -34000000.0,
      "Interest Expense Non Operating": 160000000.0,
      "Interest Income Non Operating": 470000000.0,
      "Operating Income": 8114000000.0,
      "Operating Expense": 21590000000.0,
      "Other Operating Expenses": null,
      "Selling General And Administration": 21590000000.0,
      "Gross Profit": 29704000000.0,
      "Cost Of Revenue": 212586000000.0,
      "Total Revenue": 242290000000.0,
      "Operating Revenue": 242290000000.0
    },
    "2022-08-31T00:00:00": {
      "Tax Effect Of Unusual Items": 26076000.0,
      "Tax Rate For Calcs": 0.246,
      "Normalized EBITDA": 9792000000.0,
      "Total Unusual Items": 106000000.0,
      "Total Unusual Items Excluding Goodwill": 106000000.0,
      "Net Income From Continuing Operation Net Minority Interest": 5844000000.0,
      "Reconciled Depreciation": 1900000000.0,
      "Reconciled Cost Of Revenue": 199382000000.0,
      "EBITDA": 9898000000.0,
      "EBIT": 7998000000.0,
      "Net Interest Income": -59000000.0,
      "Interest Expense": 158000000.0,
      "Interest Income": 61000000.0,
      "Normalized Income": 5764076000.0,
      "Net Income From Continuing And Discontinued Operation": 5844000000.0,
      "Total Expenses": 219161000000.0,
      "Total Operating Income As Reported": 7793000000.0,
      "Diluted Average Shares": 444757000.0,
      "Basic Average Shares": 443651000.0,
      "Diluted EPS": 13.14,
      "Basic EPS": 13.17,
      "Diluted NI Availto Com Stockholders": 5844000000.0,
      "Net Income Common Stockholders": 5844000000.0,
      "Net Income": 5844000000.0,
      "Minority Interests": -71000000.0,
      "Net Income Including Noncontrolling Interests": 5915000000.0,
      "Net Income Continuous Operations": 5915000000.0,
      "Tax Provision": 1925000000.0,
      "Pretax Income": 7840000000.0,
      "Other Income Expense": 106000000.0,
      "Other Non Operating Income Expenses": 38000000.0,
      "Gain On Sale Of Security": 106000000.0,
      "Net Non Operating Interest Income Expense": -59000000.0,
      "Total Other Finance Cost": -38000000.0,
      "Interest Expense Non Operating": 158000000.0,
      "Interest Income Non Operating": 61000000.0,
      "Operating Income": 7793000000.0,
      "Operating Expense": 19779000000.0,
      "Other Operating Expenses": null,
      "Selling General And Administration": 19779000000.0,
      "Gross Profit": 27572000000.0,
      "Cost Of Revenue": 199382000000.0,
      "Total Revenue": 226954000000.0,
      "Operating Revenue": 226954000000.0
    },
    "2021-08-31T00:00:00": {
      "Tax Effect Of Unusual Items": null,
      "Tax Rate For Calcs": null,
      "Normalized EBITDA": null,
      "Total Unusual Items": null,
      "Total Unusual Items Excluding Goodwill": null,
      "Net Income From Continuing Operation Net Minority Interest": null,
      "Reconciled Depreciation": null,
      "Reconciled Cost Of Revenue": null,
      "EBITDA": null,
      "EBIT": null,
      "Net Interest Income": null,
      "Interest Expense": null,
      "Interest Income": null,
      "Normalized Income": null,
      "Net Income From Continuing And Discontinued Operation": null,
      "Total Expenses": null,
      "Total Operating Income As Reported": null,
      "Diluted Average Shares": null,
      "Basic Average Shares": null,
      "Diluted EPS": null,
      "Basic EPS": null,
      "Diluted NI Availto Com Stockholders": null,
      "Net Income Common Stockholders": null,
      "Net Income": null,
      "Minority Interests": -72000000.0,
      "Net Income Including Noncontrolling Interests": null,
      "Net Income Continuous Operations": null,
      "Tax Provision": null,
      "Pretax Income": null,
      "Other Income Expense": null,
      "Other Non Operating Income Expenses": 46000000.0,
      "Gain On Sale Of Security": null,
      "Net Non Operating Interest Income Expense": null,
      "Total Other Finance Cost": -46000000.0,
      "Interest Expense Non Operating": null,
      "Interest Income Non Operating": null,
      "Operating Income": null,
      "Operating Expense": null,
      "Other Operating Expenses": 76000000.0,
      "Selling General And Administration": null,
      "Gross Profit": null,
      "Cost Of Revenue": null,
      "Total Revenue": null,
      "Operating Revenue": null
    }
  },
  "quarterly_income": {
    "2025-11-30T00:00:00": {
      "Tax Effect Of Unusual Items": 5625000.0,
      "Tax Rate For Calcs": 0.225,
      "Normalized EBITDA": 3190000000.0,
      "Total Unusual Items": 25000000.0,
      "Total Unusual Items Excluding Goodwill": 25000000.0,
      "Net Income From Continuing Operation Net Minority Interest": 2001000000.0,
      "Reconciled Depreciation": 597000000.0,
      "Reconciled Cost Of Revenue": 58510000000.0,
      "EBITDA": 3215000000.0,
      "EBIT": 2618000000.0,
      "Net Interest Income": 95000000.0,
      "Interest Expense": 35000000.0,
      "Interest Income": 130000000.0,
      "Normalized Income": 1981625000.0,
      "Net Income From Continuing And Discontinued Operation": 2001000000.0,
      "Total Expenses": 64844000000.0,
      "Total Operating Income As Reported": 2463000000.0,
      "Diluted Average Shares": 444515000.0,
      "Basic Average Shares": 443961000.0,
      "Diluted EPS": 4.5,
      "Basic EPS": 4.51,
      "Diluted NI Availto Com Stockholders": 2001000000.0,
      "Net Income Common Stockholders": 2001000000.0,
      "Net Income": 2001000000.0,
      "Net Income Including Noncontrolling Interests": 2001000000.0,
      "Net Income Continuous Operations": 2001000000.0,
      "Tax Provision": 582000000.0,
      "Pretax Income": 2583000000.0,
      "Other Income Expense": 25000000.0,
      "Gain On Sale Of Security": 25000000.0,
      "Net Non Operating Interest Income Expense": 95000000.0,
      "Total Other Finance Cost": null,
      "Interest Expense Non Operating": 35000000.0,
      "Interest Income Non Operating": 130000000.0,
      "Operating Income": 2463000000.0,
      "Operating Expense": 6334000000.0,
      "Selling General And Administration": 6334000000.0,
      "Gross Profit": 8797000000.0,
      "Cost Of Revenue": 58510000000.0,
      "Total Revenue": 67307000000.0,
      "Operating Revenue": 67307000000.0
    },
    "2025-08-31T00:00:00": {
      "Tax Effect Of Unusual Items": 8974358.974359,
      "Tax Rate For Calcs": 0.25641,
      "Normalized EBITDA": 4295000000.0,
      "Total Unusual Items": 35000000.0,
      "Total Unusual Items Excluding Goodwill": 35000000.0,
      "Net Income From Continuing Operation Net Minority Interest": 2610000000.0,
      "Reconciled Depreciation": 774000000.0,
      "Reconciled Cost Of Revenue": 75037000000.0,
      "EBITDA": 4330000000.0,
      "EBIT": 3556000000.0,
      "Net Interest Income": 134000000.0,
      "Interest Expense": 46000000.0,
      "Interest Income": 180000000.0,
      "Normalized Income": 2583974358.974359,
      "Net Income From Continuing And Discontinued Operation": 2610000000.0,
      "Total Expenses": 82815000000.0,
      "Total Operating Income As Reported": 3341000000.0,
      "Diluted Average Shares": 444706000.0,
      "Basic Average Shares": 444007000.0,
      "Diluted EPS": 5.87,
      "Basic EPS": 5.88,
      "Diluted NI Availto Com Stockholders": 2610000000.0,
      "Net Income Common Stockholders": 2610000000.0,
      "Net Income": 2610000000.0,
      "Net Income Including Noncontrolling Interests": 2610000000.0,
      "Net Income Continuous Operations": 2610000000.0,
      "Tax Provision": 900000000.0,
      "Pretax Income": 3510000000.0,
      "Other Income Expense": 35000000.0,
      "Gain On Sale Of Security": 35000000.0,
      "Net Non Operating Interest Income Expense": 134000000.0,
      "Total Other Finance Cost": null,
      "Interest Expense Non Operating": 46000000.0,
      "Interest Income Non Operating": 180000000.0,
      "Operating Income": 3341000000.0,
      "Operating Expense": 7778000000.0,
      "Selling General And Administration": 7778000000.0,
      "Gross Profit": 11119000000.0,
      "Cost Of Revenue": 75037000000.0,
      "Total Revenue": 86156000000.0,
      "Operating Revenue": 86156000000.0
    },
    "2025-05-31T00:00:00": {
      "Tax Effect Of Unusual Items": -4454000.0,
      "Tax Rate For Calcs": 0.262,
      "Normalized EBITDA": 3184000000.0,
      "Total Unusual Items": -17000000.0,
      "Total Unusual Items Excluding Goodwill": -17000000.0,
      "Net Income From Continuing Operation Net Minority Interest": 1903000000.0,
      "Reconciled Depreciation": 552000000.0,
      "Reconciled Cost Of Revenue": 54996000000.0,
      "EBITDA": 3167000000.0,
      "EBIT": 2615000000.0,
      "Net Interest Income": 67000000.0,
      "Interest Expense": 35000000.0,
      "Interest Income": 95000000.0,
      "Normalized Income": 1915546000.0,
      "Net Income From Continuing And Discontinued Operation": 1903000000.0,
      "Total Expenses": 60675000000.0,
      "Total Operating Income As Reported": 2530000000.0,
      "Diluted Average Shares": 444762000.0,
      "Basic Average Shares": 443958000.0,
      "Diluted EPS": 4.28,
      "Basic EPS": 4.29,
      "Diluted NI Availto Com Stockholders": 1903000000.0,
      "Net Income Common Stockholders": 1903000000.0,
      "Net Income": 1903000000.0,
      "Net Income Including Noncontrolling Interests": 1903000000.0,
      "Net Income Continuous Operations": 1903000000.0,
      "Tax Provision": 677000000.0,
      "Pretax Income": 2580000000.0,
      "Other Income Expense": -17000000.0,
      "Gain On Sale Of Security": -17000000.0,
      "Net Non Operating Interest Income Expense": 67000000.0,
      "Total Other Finance Cost": -7000000.0,
      "Interest Expense Non Operating": 35000000.0,
      "Interest Income Non Operating": 95000000.0,
      "Operating Income": 2530000000.0,
      "Operating Expense": 5679000000.0,
      "Selling General And Administration": 5679000000.0,
      "Gross Profit": 8209000000.0,
      "Cost Of Revenue": 54996000000.0,
      "Total Revenue": 63205000000.0,
      "Operating Revenue": 63205000000.0
    },
    "2025-02-28T00:00:00": {
      "Tax Effect Of Unusual Items": 6026000.0,
      "Tax Rate For Calcs": 0.262,
      "Normalized EBITDA": 2987000000.0,
      "Total Unusual Items": 23000000.0,
      "Total Unusual Items Excluding Goodwill": 23000000.0,
      "Net Income From Continuing Operation Net Minority Interest": 1788000000.0,
      "Reconciled Depreciation": 552000000.0,
      "Reconciled Cost Of Revenue": 55744000000.0,
      "EBITDA": 3010000000.0,
      "EBIT": 2458000000.0,
      "Net Interest Income": 83000000.0,
      "Interest Expense": 36000000.0,
      "Interest Income": 109000000.0,
      "Normalized Income": 1771026000.0,
      "Net Income From Continuing And Discontinued Operation": 1788000000.0,
      "Total Expenses": 61407000000.0,
      "Total Operating Income As Reported": 2316000000.0,
      "Diluted Average Shares": 444886000.0,
      "Basic Average Shares": 443982000.0,
      "Diluted EPS": 4.02,
      "Basic EPS": 4.03,
      "Diluted NI Availto Com Stockholders": 1788000000.0,
      "Net Income Common Stockholders": 1788000000.0,
      "Net Income": 1788000000.0,
      "Net Income Including Noncontrolling Interests": 1788000000.0,
      "Net Income Continuous Operations": 1788000000.0,
      "Tax Provision": 634000000.0,
      "Pretax Income": 2422000000.0,
      "Other Income Expense": 23000000.0,
      "Gain On Sale Of Security": 23000000.0,
      "Net Non Operating Interest Income Expense": 83000000.0,
      "Total Other Finance Cost": -10000000.0,
      "Interest Expense Non Operating": 36000000.0,
      "Interest Income Non Operating": 109000000.0,
      "Operating Income": 2316000000.0,
      "Operating Expense": 5663000000.0,
      "Selling General And Administration": 5663000000.0,
      "Gross Profit": 7979000000.0,
      "Cost Of Revenue": 55744000000.0,
      "Total Revenue": 63723000000.0,
      "Operating Revenue": 63723000000.0
    },
    "2024-11-30T00:00:00": {
      "Tax Effect Of Unusual Items": 9460000.0,
      "Tax Rate For Calcs": 0.22,
      "Normalized EBITDA": 2848000000.0,
      "Total Unusual Items": 43000000.0,
      "Total Unusual Items Excluding Goodwill": 43000000.0,
      "Net Income From Continuing Operation Net Minority Interest": 1798000000.0,
      "Reconciled Depreciation": 548000000.0,
      "Reconciled Cost Of Revenue": 54109000000.0,
      "EBITDA": 2891000000.0,
      "EBIT": 2343000000.0,
      "Net Interest Income": 67000000.0,
      "Interest Expense": 37000000.0,
      "Interest Income": 96000000.0,
      "Normalized Income": 1764460000.0,
      "Net Income From Continuing And Discontinued Operation": 1798000000.0,
      "Total Expenses": 59955000000.0,
      "Total Operating Income As Reported": 2196000000.0,
      "Diluted Average Shares": 444891000.0,
      "Basic Average Shares": 443988000.0,
      "Diluted EPS": 4.04,
      "Basic EPS": 4.05,
      "Diluted NI Availto Com Stockholders": 1798000000.0,
      "Net Income Common Stockholders": 1798000000.0,
      "Net Income": 1798000000.0,
      "Net Income Including Noncontrolling Interests": 1798000000.0,
      "Net Income Continuous Operations": 1798000000.0,
      "Tax Provision": 508000000.0,
      "Pretax Income": 2306000000.0,
      "Other Income Expense": 43000000.0,
      "Gain On Sale Of Security": 43000000.0,
      "Net Non Operating Interest Income Expense": 67000000.0,
      "Total Other Finance Cost": -8000000.0,
      "Interest Expense Non Operating": 37000000.0,
      "Interest Income Non Operating": 96000000.0,
      "Operating Income": 2196000000.0,
      "Operating Expense": 5846000000.0,
      "Selling General And Administration": 5846000000.0,
      "Gross Profit": 8042000000.0,
      "Cost Of Revenue": 54109000000.0,
      "Total Revenue": 62151000000.0,
      "Operating Revenue": 62151000000.0
    },
    "2024-08-31T00:00:00": {
      "Tax Effect Of Unusual Items": null,
      "Tax Rate For Calcs": null,
      "Normalized EBITDA": null,
      "Total Unusual Items": null,
      "Total Unusual Items Excluding Goodwill": null,
      "Net Income From Continuing Operation Net Minority Interest": null,
      "Reconciled Depreciation": null,
      "Reconciled Cost Of Revenue": null,
      "EBITDA": null,
      "EBIT": null,
      "Net Interest Income": null,
      "Interest Expense": null,
      "Interest Income": null,
      "Normalized Income": null,
      "Net Income From Continuing And Discontinued Operation": null,
      "Total Expenses": null,
      "Total Operating Income As Reported": null,
      "Diluted Average Shares": null,
      "Basic Average Shares": null,
      "Diluted EPS": null,
      "Basic EPS": null,
      "Diluted NI Availto Com Stockholders": null,
      "Net Income Common Stockholders": null,
      "Net Income": null,
      "Net Income Including Noncontrolling Interests": null,
      "Net Income Continuous Operations": null,
      "Tax Provision": null,
      "Pretax Income": null,
      "Other Income Expense": null,
      "Gain On Sale Of Security": null,
      "Net Non Operating Interest Income Expense": null,
      "Total Other Finance Cost": -10000000.0,
      "Interest Expense Non Operating": null,
      "Interest Income Non Operating": null,
      "Operating Income": null,
      "Operating Expense": null,
      "Selling General And Administration": null,
      "Gross Profit": null,
      "Cost Of Revenue": null,
      "Total Revenue": null,
      "Operating Revenue": null
    },
    "2024-05-31T00:00:00": {
      "Tax Effect Of Unusual Items": null,
      "Tax Rate For Calcs": null,
      "Normalized EBITDA": null,
      "Total Unusual Items": null,
      "Total Unusual Items Excluding Goodwill": null,
      "Net Income From Continuing Operation Net Minority Interest": null,
      "Reconciled Depreciation": null,
      "Reconciled Cost Of Revenue": null,
      "EBITDA": null,
      "EBIT": null,
      "Net Interest Income": null,
      "Interest Expense": null,
      "Interest Income": null,
      "Normalized Income": null,
      "Net Income From Continuing And Discontinued Operation": null,
      "Total Expenses": null,
      "Total Operating Income As Reported": null,
      "Diluted Average Shares": null,
      "Basic Average Shares": null,
      "Diluted EPS": null,
      "Basic EPS": null,
      "Diluted NI Availto Com Stockholders": null,
      "Net Income Common Stockholders": null,
      "Net Income": null,
      "Net Income Including Noncontrolling Interests": null,
      "Net Income Continuous Operations": null,
      "Tax Provision": null,
      "Pretax Income": null,
      "Other Income Expense": null,
      "Gain On Sale Of Security": null,
      "Net Non Operating Interest Income Expense": null,
      "Total Other Finance Cost": -14000000.0,
      "Interest Expense Non Operating": null,
      "Interest Income Non Operating": null,
      "Operating Income": null,
      "Operating Expense": null,
      "Selling General And Administration": null,
      "Gross Profit": null,
      "Cost Of Revenue": null,
      "Total Revenue": null,
      "Operating Revenue": null
    }
  },
  "balance_sheet": {
    "2025-08-31T00:00:00": {
      "Ordinary Shares Number": 443237000.0,
      "Share Issued": 443237000.0,
      "Total Debt": 8173000000.0,
      "Tangible Book Value": 29164000000.0,
      "Invested Capital": 34877000000.0,
      "Working Capital": 1272000000.0,
      "Net Tangible Assets": 29164000000.0,
      "Capital Lease Obligations": 2460000000.0,
      "Common Stock Equity": 29164000000.0,
      "Total Capitalization": 34877000000.0,
      "Total Equity Gross Minority Interest": 29164000000.0,
      "Minority Interest": 0.0,
      "Stockholders Equity": 29164000000.0,
      "Gains Losses Not Affecting Retained Earnings": -1770000000.0,
      "Other Equity Adjustments": -1770000000.0,
      "Retained Earnings": 22650000000.0,
      "Additional Paid In Capital": 8282000000.0,
      "Capital Stock": 2000000.0,
      "Common Stock": 2000000.0,
      "Preferred Stock": 0.0,
      "Total Liabilities Net Minority Interest": 47935000000.0,
      "Total Non Current Liabilities Net Minority Interest": 10827000000.0,
      "Other Non Current Liabilities": 2654000000.0,
      "Long Term Debt And Capital Lease Obligation": 8173000000.0,
      "Long Term Capital Lease Obligation": 2460000000.0,
      "Long Term Debt": 5713000000.0,
      "Current Liabilities": 37108000000.0,
      "Other Current Liabilities": 6589000000.0,
      "Current Deferred Liabilities": 2854000000.0,
      "Current Debt And Capital Lease Obligation": null,
      "Current Debt": null,
      "Payables And Accrued Expenses": 27665000000.0,
      "Current Accrued Expenses": 7882000000.0,
      "Payables": 19783000000.0,
      "Accounts Payable": 19783000000.0,
      "Total Assets": 77099000000.0,
      "Total Non Current Assets": 38719000000.0,
      "Other Non Current Assets": 4085000000.0,
      "Net PPE": 34634000000.0,
      "Accumulated Depreciation": -18931000000.0,
      "Gross PPE": 53565000000.0,
      "Construction In Progress": 1882000000.0,
      "Other Properties": 2725000000.0,
      "Machinery Furniture Equipment": 13127000000.0,
      "Buildings And Improvements": 25508000000.0,
      "Land And Improvements": 10323000000.0,
      "Properties": 0.0,
      "Current Assets": 38380000000.0,
      "Other Current Assets": 1777000000.0,
      "Inventory": 18116000000.0,
      "Finished Goods": 18116000000.0,
      "Receivables": 3203000000.0,
      "Accounts Receivable": 3203000000.0,
      "Cash Cash Equivalents And Short Term Investments": 15284000000.0,
      "Other Short Term Investments": 1123000000.0,
      "Cash And Cash Equivalents": 14161000000.0
    },
    "2024-08-31T00:00:00": {
      "Ordinary Shares Number": 443126000.0,
      "Share Issued": 443126000.0,
      "Total Debt": 8169000000.0,
      "Tangible Book Value": 23622000000.0,
      "Invested Capital": 29416000000.0,
      "Working Capital": -1218000000.0,
      "Net Tangible Assets": 23622000000.0,
      "Capital Lease Obligations": 2375000000.0,
      "Common Stock Equity": 23622000000.0,
      "Total Capitalization": 29416000000.0,
      "Total Equity Gross Minority Interest": 23622000000.0,
      "Minority Interest": 0.0,
      "Stockholders Equity": 23622000000.0,
      "Gains Losses Not Affecting Retained Earnings": -1828000000.0,
      "Other Equity Adjustments": -1828000000.0,
      "Retained Earnings": 17619000000.0,
      "Additional Paid In Capital": 7829000000.0,
      "Capital Stock": 2000000.0,
      "Common Stock": 2000000.0,
      "Preferred Stock": 0.0,
      "Total Liabilities Net Minority Interest": 46209000000.0,
      "Total Non Current Liabilities Net Minority Interest": 10745000000.0,
      "Other Non Current Liabilities": 2576000000.0,
      "Long Term Debt And Capital Lease Obligation": 8169000000.0,
      "Long Term Capital Lease Obligation": 2375000000.0,
      "Long Term Debt": 5794000000.0,
      "Current Liabilities": 35464000000.0,
      "Other Current Liabilities": 6313000000.0,
      "Current Deferred Liabilities": 2501000000.0,
      "Current Debt And Capital Lease Obligation": 103000000.0,
      "Current Debt": 103000000.0,
      "Payables And Accrued Expenses": 26650000000.0,
      "Current Accrued Expenses": 7229000000.0,
      "Payables": 19421000000.0,
      "Accounts Payable": 19421000000.0,
      "Total Assets": 69831000000.0,
      "Total Non Current Assets": 35585000000.0,
      "Other Non Current Assets": 3936000000.0,
      "Net PPE": 31649000000.0,
      "Accumulated Depreciation": -17918000000.0,
      "Gross PPE": 49567000000.0,
      "Construction In Progress": 1389000000.0,
      "Other Properties": 2617000000.0,
      "Machinery Furniture Equipment": 12387000000.0,
      "Buildings And Improvements": 23727000000.0,
      "Land And Improvements": 9447000000.0,
      "Properties": 0.0,
      "Current Assets": 34246000000.0,
      "Other Current Assets": 1734000000.0,
      "Inventory": 18647000000.0,
      "Finished Goods": 18647000000.0,
      "Receivables": 2721000000.0,
      "Accounts Receivable": 2721000000.0,
      "Cash Cash Equivalents And Short Term Investments": 11144000000.0,
      "Other Short Term Investments": 1238000000.0,
      "Cash And Cash Equivalents": 9906000000.0
    },
    "2023-08-31T00:00:00": {
      "Ordinary Shares Number": 442793000.0,
      "Share Issued": 442793000.0,
      "Total Debt": 8884000000.0,
      "Tangible Book Value": 25058000000.0,
      "Invested Capital": 31516000000.0,
      "Working Capital": 2296000000.0,
      "Net Tangible Assets": 25058000000.0,
      "Capital Lease Obligations": 2426000000.0,
      "Common Stock Equity": 25058000000.0,
      "Total Capitalization": 30435000000.0,
      "Total Equity Gross Minority Interest": 25058000000.0,
      "Minority Interest": 0.0,
      "Stockholders Equity": 25058000000.0,
      "Gains Losses Not Affecting Retained Earnings": -1805000000.0,
      "Other Equity Adjustments": -1805000000.0,
      "Retained Earnings": 19521000000.0,
      "Additional Paid In Capital": 7340000000.0,
      "Capital Stock": 2000000.0,
      "Common Stock": 2000000.0,
      "Preferred Stock": 0.0,
      "Total Liabilities Net Minority Interest": 43936000000.0,
      "Total Non Current Liabilities Net Minority Interest": 10353000000.0,
      "Other Non Current Liabilities": 2550000000.0,
      "Long Term Debt And Capital Lease Obligation": 7803000000.0,
      "Long Term Capital Lease Obligation": 2426000000.0,
      "Long Term Debt": 5377000000.0,
      "Current Liabilities": 33583000000.0,
      "Other Current Liabilities": 6254000000.0,
      "Current Deferred Liabilities": 2337000000.0,
      "Current Debt And Capital Lease Obligation": 1081000000.0,
      "Current Debt": 1081000000.0,
      "Payables And Accrued Expenses": 23911000000.0,
      "Current Accrued Expenses": 6428000000.0,
      "Payables": 17483000000.0,
      "Accounts Payable": 17483000000.0,
      "Total Assets": 68994000000.0,
      "Total Non Current Assets": 33115000000.0,
      "Other Non Current Assets": 3718000000.0,
      "Net PPE": 29397000000.0,
      "Accumulated Depreciation": -16685000000.0,
      "Gross PPE": 46082000000.0,
      "Construction In Progress": 1266000000.0,
      "Other Properties": 2713000000.0,
      "Machinery Furniture Equipment": 11512000000.0,
      "Buildings And Improvements": 22001000000.0,
      "Land And Improvements": 8590000000.0,
      "Properties": 0.0,
      "Current Assets": 35879000000.0,
      "Other Current Assets": 1709000000.0,
      "Inventory": 16651000000.0,
      "Finished Goods": 16651000000.0,
      "Receivables": 2285000000.0,
      "Accounts Receivable": 2285000000.0,
      "Cash Cash Equivalents And Short Term Investments": 15234000000.0,
      "Other Short Term Investments": 1534000000.0,
      "Cash And Cash Equivalents": 13700000000.0
    },
    "2022-08-31T00:00:00": {
      "Ordinary Shares Number": 442664000.0,
      "Share Issued": 442664000.0,
      "Total Debt": 9039000000.0,
      "Tangible Book Value": 20642000000.0,
      "Invested Capital": 27199000000.0,
      "Working Capital": 698000000.0,
      "Net Tangible Assets": 20642000000.0,
      "Capital Lease Obligations": 2482000000.0,
      "Common Stock Equity": 20642000000.0,
      "Total Capitalization": 27126000000.0,
      "Total Equity Gross Minority Interest": 20647000000.0,
      "Minority Interest": 5000000.0,
      "Stockholders Equity": 20642000000.0,
      "Gains Losses Not Affecting Retained Earnings": -1829000000.0,
      "Other Equity Adjustments": -1829000000.0,
      "Retained Earnings": 15585000000.0,
      "Additional Paid In Capital": 6884000000.0,
      "Capital Stock": 2000000.0,
      "Common Stock": 2000000.0,
      "Preferred Stock": 0.0,
      "Total Liabilities Net Minority Interest": 43519000000.0,
      "Total Non Current Liabilities Net Minority Interest": 11521000000.0,
      "Other Non Current Liabilities": 2555000000.0,
      "Long Term Debt And Capital Lease Obligation": 8966000000.0,
      "Long Term Capital Lease Obligation": 2482000000.0,
      "Long Term Debt": 6484000000.0,
      "Current Liabilities": 31998000000.0,
      "Other Current Liabilities": 5611000000.0,
      "Current Deferred Liabilities": 2174000000.0,
      "Current Debt And Capital Lease Obligation": 73000000.0,
      "Current Debt": 73000000.0,
      "Payables And Accrued Expenses": 24140000000.0,
      "Current Accrued Expenses": 6292000000.0,
      "Payables": 17848000000.0,
      "Accounts Payable": 17848000000.0,
      "Total Assets": 64166000000.0,
      "Total Non Current Assets": 31470000000.0,
      "Other Non Current Assets": 4050000000.0,
      "Net PPE": 27420000000.0,
      "Accumulated Depreciation": -15286000000.0,
      "Gross PPE": 42706000000.0,
      "Construction In Progress": 1582000000.0,
      "Other Properties": 2774000000.0,
      "Machinery Furniture Equipment": 10275000000.0,
      "Buildings And Improvements": 20120000000.0,
      "Land And Improvements": 7955000000.0,
      "Properties": 0.0,
      "Current Assets": 32696000000.0,
      "Other Current Assets": 1499000000.0,
      "Inventory": 17907000000.0,
      "Finished Goods": 17907000000.0,
      "Receivables": 2241000000.0,
      "Accounts Receivable": 2241000000.0,
      "Cash Cash Equivalents And Short Term Investments": 11049000000.0,
      "Other Short Term Investments": 846000000.0,
      "Cash And Cash Equivalents": 10203000000.0
    },
    "2021-08-31T00:00:00": {
      "Ordinary Shares Number": null,
      "Share Issued": null,
      "Total Debt": null,
      "Tangible Book Value": null,
      "Invested Capital": null,
      "Working Capital": null,
      "Net Tangible Assets": null,
      "Capital Lease Obligations": null,
      "Common Stock Equity": null,
      "Total Capitalization": null,
      "Total Equity Gross Minority Interest": null,
      "Minority Interest": null,
      "Stockholders Equity": null,
      "Gains Losses Not Affecting Retained Earnings": null,
      "Other Equity Adjustments": null,
      "Retained Earnings": null,
      "Additional Paid In Capital": null,
      "Capital Stock": null,
      "Common Stock": null,
      "Preferred Stock": null,
      "Total Liabilities Net Minority Interest": null,
      "Total Non Current Liabilities Net Minority Interest": null,
      "Other Non Current Liabilities": null,
      "Long Term Debt And Capital Lease Obligation": null,
      "Long Term Capital Lease Obligation": null,
      "Long Term Debt": null,
      "Current Liabilities": null,
      "Other Current Liabilities": null,
      "Current Deferred Liabilities": null,
      "Current Debt And Capital Lease Obligation": 799000000.0,
      "Current Debt": 799000000.0,
      "Payables And Accrued Expenses": null,
      "Current Accrued Expenses": null,
      "Payables": null,
      "Accounts Payable": null,
      "Total Assets": null,
      "Total Non Current Assets": null,
      "Other Non Current Assets": null,
      "Net PPE": null,
      "Accumulated Depreciation": null,
      "Gross PPE": null,
      "Construction In Progress": null,
      "Other Properties": null,
      "Machinery Furniture Equipment": null,
      "Buildings And Improvements": null,
      "Land And Improvements": null,
      "Properties": null,
      "Current Assets": null,
      "Other Current Assets": null,
      "Inventory": null,
      "Finished Goods": null,
      "Receivables": null,
      "Accounts Receivable": null,
      "Cash Cash Equivalents And Short Term Investments": null,
      "Other Short Term Investments": null,
      "Cash And Cash Equivalents": null
    }
  },
  "cashflow": {
    "2025-08-31T00:00:00": {
      "Free Cash Flow": 7837000000.0,
      "Repurchase Of Capital Stock": -903000000.0,
      "Repayment Of Debt": -1112000000.0,
      "Issuance Of Debt": 816000000.0,
      "Capital Expenditure": -5498000000.0,
      "Interest Paid Supplemental Data": 106000000.0,
      "Income Tax Paid Supplemental Data": 2917000000.0,
      "End Cash Position": 14161000000.0,
      "Beginning Cash Position": 9906000000.0,
      "Effect Of Exchange Rate Changes": 6000000.0,
      "Changes In Cash": 4249000000.0,
      "Financing Cash Flow": -3775000000.0,
      "Cash Flow From Continuing Financing Activities": -3775000000.0,
      "Net Other Financing Charges": -393000000.0,
      "Cash Dividends Paid": -2183000000.0,
      "Common Stock Dividend Paid": null,
      "Net Common Stock Issuance": -903000000.0,
      "Common Stock Payments": -903000000.0,
      "Net Issuance Payments Of Debt": -296000000.0,
      "Net Short Term Debt Issuance": -46000000.0,
      "Short Term Debt Payments": -862000000.0,
      "Short Term Debt Issuance": 816000000.0,
      "Net Long Term Debt Issuance": -250000000.0,
      "Long Term Debt Payments": -250000000.0,
      "Long Term Debt Issuance": 0.0,
      "Investing Cash Flow": -5311000000.0,
      "Cash Flow From Continuing Investing Activities": -5311000000.0,
      "Net Other Investing Changes": 74000000.0,
      "Net Investment Purchase And Sale": 113000000.0,
      "Sale Of Investment": 1141000000.0,
      "Purchase Of Investment": -1028000000.0,
      "Net Business Purchase And Sale": null,
      "Purchase Of Business": null,
      "Net PPE Purchase And Sale": -5498000000.0,
      "Purchase Of PPE": -5498000000.0,
      "Operating Cash Flow": 13335000000.0,
      "Cash Flow From Continuing Operating Activities": 13335000000.0,
      "Change In Working Capital": 1764000000.0,
      "Change In Other Working Capital": 801000000.0,
      "Change In Payables And Accrued Expense": 404000000.0,
      "Change In Payable": 404000000.0,
      "Change In Account Payable": 404000000.0,
      "Change In Inventory": 559000000.0,
      "Other Non Cash Items": 303000000.0,
      "Stock Based Compensation": 860000000.0,
      "Asset Impairment Charge": -117000000.0,
      "Deferred Tax": null,
      "Deferred Income Tax": null,
      "Depreciation Amortization Depletion": 2426000000.0,
      "Depreciation And Amortization": 2426000000.0,
      "Net Income From Continuing Operations": 8099000000.0
    },
    "2024-08-31T00:00:00": {
      "Free Cash Flow": 6629000000.0,
      "Repurchase Of Capital Stock": -700000000.0,
      "Repayment Of Debt": -2134000000.0,
      "Issuance Of Debt": 1426000000.0,
      "Capital Expenditure": -4710000000.0,
      "Interest Paid Supplemental Data": 129000000.0,
      "Income Tax Paid Supplemental Data": 2319000000.0,
      "End Cash Position": 9906000000.0,
      "Beginning Cash Position": 13700000000.0,
      "Effect Of Exchange Rate Changes": 40000000.0,
      "Changes In Cash": -3834000000.0,
      "Financing Cash Flow": -10764000000.0,
      "Cash Flow From Continuing Financing Activities": -10764000000.0,
      "Net Other Financing Charges": -315000000.0,
      "Cash Dividends Paid": -9041000000.0,
      "Common Stock Dividend Paid": null,
      "Net Common Stock Issuance": -700000000.0,
      "Common Stock Payments": -700000000.0,
      "Net Issuance Payments Of Debt": -708000000.0,
      "Net Short Term Debt Issuance": 8000000.0,
      "Short Term Debt Payments": -920000000.0,
      "Short Term Debt Issuance": 928000000.0,
      "Net Long Term Debt Issuance": -716000000.0,
      "Long Term Debt Payments": -1214000000.0,
      "Long Term Debt Issuance": 498000000.0,
      "Investing Cash Flow": -4409000000.0,
      "Cash Flow From Continuing Investing Activities": -4409000000.0,
      "Net Other Investing Changes": -19000000.0,
      "Net Investment Purchase And Sale": 320000000.0,
      "Sale Of Investment": 1790000000.0,
      "Purchase Of Investment": -1470000000.0,
      "Net Business Purchase And Sale": null,
      "Purchase Of Business": null,
      "Net PPE Purchase And Sale": -4710000000.0,
      "Purchase Of PPE": -4710000000.0,
      "Operating Cash Flow": 11339000000.0,
      "Cash Flow From Continuing Operating Activities": 11339000000.0,
      "Change In Working Capital": 611000000.0,
      "Change In Other Working Capital": 741000000.0,
      "Change In Payables And Accrued Expense": 1938000000.0,
      "Change In Payable": 1938000000.0,
      "Change In Account Payable": 1938000000.0,
      "Change In Inventory": -2068000000.0,
      "Other Non Cash Items": 315000000.0,
      "Stock Based Compensation": 818000000.0,
      "Asset Impairment Charge": -9000000.0,
      "Deferred Tax": null,
      "Deferred Income Tax": null,
      "Depreciation Amortization Depletion": 2237000000.0,
      "Depreciation And Amortization": 2237000000.0,
      "Net Income From Continuing Operations": 7367000000.0
    },
    "2023-08-31T00:00:00": {
      "Free Cash Flow": 6745000000.0,
      "Repurchase Of Capital Stock": -676000000.0,
      "Repayment Of Debt": -1301000000.0,
      "Issuance Of Debt": 917000000.0,
      "Capital Expenditure": -4323000000.0,
      "Interest Paid Supplemental Data": 125000000.0,
      "Income Tax Paid Supplemental Data": 2234000000.0,
      "End Cash Position": 13700000000.0,
      "Beginning Cash Position": 10203000000.0,
      "Effect Of Exchange Rate Changes": 15000000.0,
      "Changes In Cash": 3482000000.0,
      "Financing Cash Flow": -2614000000.0,
      "Cash Flow From Continuing Financing Activities": -2614000000.0,
      "Net Other Financing Charges": -303000000.0,
      "Cash Dividends Paid": -1251000000.0,
      "Common Stock Dividend Paid": -1251000000.0,
      "Net Common Stock Issuance": -676000000.0,
      "Common Stock Payments": -676000000.0,
      "Net Issuance Payments Of Debt": -384000000.0,
      "Net Short Term Debt Issuance": -18000000.0,
      "Short Term Debt Payments": -935000000.0,
      "Short Term Debt Issuance": 917000000.0,
      "Net Long Term Debt Issuance": -366000000.0,
      "Long Term Debt Payments": -366000000.0,
      "Long Term Debt Issuance": 0.0,
      "Investing Cash Flow": -4972000000.0,
      "Cash Flow From Continuing Investing Activities": -4972000000.0,
      "Net Other Investing Changes": 36000000.0,
      "Net Investment Purchase And Sale": -685000000.0,
      "Sale Of Investment": 937000000.0,
      "Purchase Of Investment": -1622000000.0,
      "Net Business Purchase And Sale": null,
      "Purchase Of Business": null,
      "Net PPE Purchase And Sale": -4323000000.0,
      "Purchase Of PPE": -4323000000.0,
      "Operating Cash Flow": 11068000000.0,
      "Cash Flow From Continuing Operating Activities": 11068000000.0,
      "Change In Working Capital": 1018000000.0,
      "Change In Other Working Capital": 172000000.0,
      "Change In Payables And Accrued Expense": -382000000.0,
      "Change In Payable": -382000000.0,
      "Change In Account Payable": -382000000.0,
      "Change In Inventory": 1228000000.0,
      "Other Non Cash Items": 412000000.0,
      "Stock Based Compensation": 774000000.0,
      "Asset Impairment Charge": 495000000.0,
      "Deferred Tax": null,
      "Deferred Income Tax": null,
      "Depreciation Amortization Depletion": 2077000000.0,
      "Depreciation And Amortization": 2077000000.0,
      "Net Income From Continuing Operations": 6292000000.0
    },
    "2022-08-31T00:00:00": {
      "Free Cash Flow": 3501000000.0,
      "Repurchase Of Capital Stock": -439000000.0,
      "Repayment Of Debt": -986000000.0,
      "Issuance Of Debt": 53000000.0,
      "Capital Expenditure": -3891000000.0,
      "Interest Paid Supplemental Data": 145000000.0,
      "Income Tax Paid Supplemental Data": 1940000000.0,
      "End Cash Position": 10203000000.0,
      "Beginning Cash Position": 11258000000.0,
      "Effect Of Exchange Rate Changes": -249000000.0,
      "Changes In Cash": -806000000.0,
      "Financing Cash Flow": -4283000000.0,
      "Cash Flow From Continuing Financing Activities": -4283000000.0,
      "Net Other Financing Charges": -1413000000.0,
      "Cash Dividends Paid": -1498000000.0,
      "Common Stock Dividend Paid": -1498000000.0,
      "Net Common Stock Issuance": -439000000.0,
      "Common Stock Payments": -439000000.0,
      "Net Issuance Payments Of Debt": -933000000.0,
      "Net Short Term Debt Issuance": 47000000.0,
      "Short Term Debt Payments": -6000000.0,
      "Short Term Debt Issuance": 53000000.0,
      "Net Long Term Debt Issuance": -980000000.0,
      "Long Term Debt Payments": -980000000.0,
      "Long Term Debt Issuance": 0.0,
      "Investing Cash Flow": -3915000000.0,
      "Cash Flow From Continuing Investing Activities": -3915000000.0,
      "Net Other Investing Changes": -48000000.0,
      "Net Investment Purchase And Sale": 24000000.0,
      "Sale Of Investment": 1145000000.0,
      "Purchase Of Investment": -1121000000.0,
      "Net Business Purchase And Sale": 0.0,
      "Purchase Of Business": 0.0,
      "Net PPE Purchase And Sale": -3891000000.0,
      "Purchase Of PPE": -3891000000.0,
      "Operating Cash Flow": 7392000000.0,
      "Cash Flow From Continuing Operating Activities": 7392000000.0,
      "Change In Working Capital": -1563000000.0,
      "Change In Other Working Capital": 549000000.0,
      "Change In Payables And Accrued Expense": 1891000000.0,
      "Change In Payable": 1891000000.0,
      "Change In Account Payable": 1891000000.0,
      "Change In Inventory": -4003000000.0,
      "Other Non Cash Items": 377000000.0,
      "Stock Based Compensation": 724000000.0,
      "Asset Impairment Charge": 39000000.0,
      "Deferred Tax": -37000000.0,
      "Deferred Income Tax": -37000000.0,
      "Depreciation Amortization Depletion": 1900000000.0,
      "Depreciation And Amortization": 1900000000.0,
      "Net Income From Continuing Operations": 5915000000.0
    },
    "2021-08-31T00:00:00": {
      "Free Cash Flow": null,
      "Repurchase Of Capital Stock": null,
      "Repayment Of Debt": null,
      "Issuance Of Debt": null,
      "Capital Expenditure": null,
      "Interest Paid Supplemental Data": null,
      "Income Tax Paid Supplemental Data": null,
      "End Cash Position": null,
      "Beginning Cash Position": null,
      "Effect Of Exchange Rate Changes": null,
      "Changes In Cash": null,
      "Financing Cash Flow": null,
      "Cash Flow From Continuing Financing Activities": null,
      "Net Other Financing Charges": null,
      "Cash Dividends Paid": null,
      "Common Stock Dividend Paid": -5748000000.0,
      "Net Common Stock Issuance": null,
      "Common Stock Payments": null,
      "Net Issuance Payments Of Debt": null,
      "Net Short Term Debt Issuance": null,
      "Short Term Debt Payments": null,
      "Short Term Debt Issuance": null,
      "Net Long Term Debt Issuance": null,
      "Long Term Debt Payments": null,
      "Long Term Debt Issuance": null,
      "Investing Cash Flow": null,
      "Cash Flow From Continuing Investing Activities": null,
      "Net Other Investing Changes": null,
      "Net Investment Purchase And Sale": null,
      "Sale Of Investment": null,
      "Purchase Of Investment": null,
      "Net Business Purchase And Sale": 0.0,
      "Purchase Of Business": 0.0,
      "Net PPE Purchase And Sale": null,
      "Purchase Of PPE": null,
      "Operating Cash Flow": null,
      "Cash Flow From Continuing Operating Activities": null,
      "Change In Working Capital": null,
      "Change In Other Working Capital": null,
      "Change In Payables And Accrued Expense": null,
      "Change In Payable": null,
      "Change In Account Payable": null,
      "Change In Inventory": null,
      "Other Non Cash Items": null,
      "Stock Based Compensation": null,
      "Asset Impairment Charge": null,
      "Deferred Tax": 59000000.0,
      "Deferred Income Tax": 59000000.0,
      "Depreciation Amortization Depletion": null,
      "Depreciation And Amortization": null,
      "Net Income From Continuing Operations": null
    }
  },
  "earnings_estimate": {
    "avg": {
      "0q": 4.53014,
      "+1q": 4.87865,
      "0y": 20.36506,
      "+1y": 22.3202
    },
    "low": {
      "0q": 4.32,
      "+1q": 4.6,
      "0y": 19.8,
      "+1y": 21.4
    },
    "high": {
      "0q": 4.69,
      "+1q": 5.28314,
      "0y": 21.82835,
      "+1y": 24.85217
    },
    "yearAgoEps": {
      "0q": 4.02,
      "+1q": 4.28,
      "0y": 18.21,
      "+1y": 20.36506
    },
    "numberOfAnalysts": {
      "0q": 29,
      "+1q": 29,
      "0y": 31,
      "+1y": 34
    },
    "growth": {
      "0q": 0.1269,
      "+1q": 0.1399,
      "0y": 0.1183,
      "+1y": 0.096
    }
  },
  "revenue_estimate": {
    "avg": {
      "0q": 69264403120,
      "+1q": 68511732319,
      "0y": 297601232130,
      "+1y": 319791256990
    },
    "low": {
      "0q": 66600000000,
      "+1q": 66327000000,
      "0y": 292400000000,
      "+1y": 302600000000
    },
    "high": {
      "0q": 70485000000,
      "+1q": 72023000000,
      "0y": 300509000000,
      "+1y": 327002000000
    },
    "numberOfAnalysts": {
      "0q": 25,
      "+1q": 25,
      "0y": 30,
      "+1y": 30
    },
    "yearAgoRevenue": {
      "0q": 63723000000,
      "+1q": 63205000000,
      "0y": 275235000000,
      "+1y": 297601232130
    },
    "growth": {
      "0q": 0.087,
      "+1q": 0.084,
      "0y": 0.0813,
      "+1y": 0.0746
    }
  },
  "growth_estimates": {
    "stockTrend": {
      "0q": 0.1249,
      "+1q": 0.1375,
      "0y": 0.1178,
      "+1y": 0.0935,
      "LTG": null
    },
    "indexTrend": {
      "0q": 0.1273,
      "+1q": 0.103599995,
      "0y": 0.14310001,
      "+1y": 0.1557,
      "LTG": 0.122
    }
  },
  "revenue_forecasts": null,
  "dividend_rate": 5.2,
  "trailing_dividend_rate": 5.06
}