{
  "ticker": "CP.TO",
  "name": "CPKC",
  "country": "canada",
  "currency": "CAD",
  "last_fetched": "2026-02-26T20:51:46.011255",
  "market_cap": 107415117824,
  "revenue": 15077999616,
  "net_income": 4140999936,
  "pe_ratio": 26.439022,
  "forward_pe": 20.28557,
  "dividend_yield": 0.78,
  "profit_margin": 0.27464,
  "roe": 0.08644,
  "debt_to_equity": 49.521,
  "beta": 1.09,
  "ev_to_ebitda": 15.931,
  "sector": "Industrials",
  "industry": "Railroads",
  "summary": "Canadian Pacific Kansas City Limited, together with its subsidiaries, owns and operates a transcontinental freight railway in Canada, the United States, and Mexico. The transports bulk commodities, including grain, coal, potash, fertilizers, and sulphur; merchandise freight, such as forest products, energy, chemicals and plastics, metals, minerals, consumer products, and automotive; and intermodal traffic comprising retail goods in overseas containers. It also provides rail and intermodal transportation services over a network of approximately 20,000 miles serving business centers. The company was formerly known as Canadian Pacific Railway Limited and changed its name to Canadian Pacific Kansas City Limited in April 2023. Canadian Pacific Kansas City Limited was incorporated in 1881 and is headquartered in Calgary, Canada.",
  "website": "https://www.cpkcr.com",
  "employees": 19479,
  "target_high": 132.0,
  "target_low": 101.0,
  "target_mean": 121.55,
  "target_median": 122.5,
  "recommendation": "buy",
  "num_analysts": 20,
  "income_stmt": {
    "2025-12-31T00:00:00": {
      "Tax Effect Of Unusual Items": null,
      "Tax Rate For Calcs": null,
      "Normalized EBITDA": null,
      "Total Unusual Items": null,
      "Total Unusual Items Excluding Goodwill": null,
      "Net Income From Continuing Operation Net Minority Interest": null,
      "Reconciled Depreciation": null,
      "Reconciled Cost Of Revenue": null,
      "EBITDA": null,
      "EBIT": null,
      "Net Interest Income": null,
      "Interest Expense": null,
      "Interest Income": null,
      "Normalized Income": null,
      "Net Income From Continuing And Discontinued Operation": null,
      "Total Expenses": null,
      "Rent Expense Supplemental": null,
      "Total Operating Income As Reported": null,
      "Diluted Average Shares": 917100000.0,
      "Basic Average Shares": 916200000.0,
      "Diluted EPS": 4.51,
      "Basic EPS": 4.52,
      "Diluted NI Availto Com Stockholders": null,
      "Net Income Common Stockholders": null,
      "Net Income": null,
      "Minority Interests": null,
      "Net Income Including Noncontrolling Interests": null,
      "Net Income Continuous Operations": null,
      "Tax Provision": null,
      "Pretax Income": null,
      "Other Income Expense": null,
      "Other Non Operating Income Expenses": null,
      "Special Income Charges": null,
      "Gain On Sale Of Ppe": null,
      "Gain On Sale Of Business": null,
      "Other Special Charges": null,
      "Restructuring And Mergern Acquisition": null,
      "Earnings From Equity Interest": null,
      "Gain On Sale Of Security": null,
      "Net Non Operating Interest Income Expense": null,
      "Interest Expense Non Operating": null,
      "Interest Income Non Operating": null,
      "Operating Income": null,
      "Operating Expense": null,
      "Other Operating Expenses": null,
      "Other Taxes": null,
      "Selling General And Administration": null,
      "General And Administrative Expense": null,
      "Other Gand A": null,
      "Gross Profit": null,
      "Cost Of Revenue": null,
      "Total Revenue": null,
      "Operating Revenue": null
    },
    "2024-12-31T00:00:00": {
      "Tax Effect Of Unusual Items": 5325600.0,
      "Tax Rate For Calcs": 0.2219,
      "Normalized EBITDA": 7449000000.0,
      "Total Unusual Items": 24000000.0,
      "Total Unusual Items Excluding Goodwill": 24000000.0,
      "Net Income From Continuing Operation Net Minority Interest": 3718000000.0,
      "Reconciled Depreciation": 1900000000.0,
      "Reconciled Cost Of Revenue": 9367000000.0,
      "EBITDA": 7473000000.0,
      "EBIT": 5573000000.0,
      "Net Interest Income": -801000000.0,
      "Interest Expense": 801000000.0,
      "Interest Income": null,
      "Normalized Income": 3699325600.0,
      "Net Income From Continuing And Discontinued Operation": 3718000000.0,
      "Total Expenses": 9367000000.0,
      "Rent Expense Supplemental": 347000000.0,
      "Total Operating Income As Reported": 5179000000.0,
      "Diluted Average Shares": 934600000.0,
      "Basic Average Shares": 933000000.0,
      "Diluted EPS": 3.98,
      "Basic EPS": 3.98,
      "Diluted NI Availto Com Stockholders": 3718000000.0,
      "Net Income Common Stockholders": 3718000000.0,
      "Net Income": 3718000000.0,
      "Minority Interests": 5000000.0,
      "Net Income Including Noncontrolling Interests": 3713000000.0,
      "Net Income Continuous Operations": 3713000000.0,
      "Tax Provision": 1059000000.0,
      "Pretax Income": 4772000000.0,
      "Other Income Expense": 394000000.0,
      "Other Non Operating Income Expenses": 370000000.0,
      "Special Income Charges": 22000000.0,
      "Gain On Sale Of Ppe": null,
      "Gain On Sale Of Business": 0.0,
      "Other Special Charges": -22000000.0,
      "Restructuring And Mergern Acquisition": 0.0,
      "Earnings From Equity Interest": 0.0,
      "Gain On Sale Of Security": 2000000.0,
      "Net Non Operating Interest Income Expense": -801000000.0,
      "Interest Expense Non Operating": 801000000.0,
      "Interest Income Non Operating": null,
      "Operating Income": 5179000000.0,
      "Operating Expense": null,
      "Other Operating Expenses": null,
      "Other Taxes": null,
      "Selling General And Administration": null,
      "General And Administrative Expense": null,
      "Other Gand A": null,
      "Gross Profit": 5179000000.0,
      "Cost Of Revenue": 9367000000.0,
      "Total Revenue": 14546000000.0,
      "Operating Revenue": 14546000000.0
    },
    "2023-12-31T00:00:00": {
      "Tax Effect Of Unusual Items": -2883200000.0,
      "Tax Rate For Calcs": 0.4,
      "Normalized EBITDA": 6469000000.0,
      "Total Unusual Items": -7208000000.0,
      "Total Unusual Items Excluding Goodwill": -7208000000.0,
      "Net Income From Continuing Operation Net Minority Interest": 3927000000.0,
      "Reconciled Depreciation": 1543000000.0,
      "Reconciled Cost Of Revenue": 8167000000.0,
      "EBITDA": -739000000.0,
      "EBIT": -2282000000.0,
      "Net Interest Income": -771000000.0,
      "Interest Expense": 771000000.0,
      "Interest Income": null,
      "Normalized Income": 8251800000.0,
      "Net Income From Continuing And Discontinued Operation": 3927000000.0,
      "Total Expenses": 8167000000.0,
      "Rent Expense Supplemental": 277000000.0,
      "Total Operating Income As Reported": 4388000000.0,
      "Diluted Average Shares": 933700000.0,
      "Basic Average Shares": 931300000.0,
      "Diluted EPS": 4.21,
      "Basic EPS": 4.22,
      "Diluted NI Availto Com Stockholders": 3927000000.0,
      "Net Income Common Stockholders": 3927000000.0,
      "Net Income": 3927000000.0,
      "Minority Interests": 4000000.0,
      "Net Income Including Noncontrolling Interests": 3923000000.0,
      "Net Income Continuous Operations": 3923000000.0,
      "Tax Provision": -6976000000.0,
      "Pretax Income": -3053000000.0,
      "Other Income Expense": -6670000000.0,
      "Other Non Operating Income Expenses": 308000000.0,
      "Special Income Charges": -7181000000.0,
      "Gain On Sale Of Ppe": 3000000.0,
      "Gain On Sale Of Business": -7175000000.0,
      "Other Special Charges": null,
      "Restructuring And Mergern Acquisition": 6000000.0,
      "Earnings From Equity Interest": 230000000.0,
      "Gain On Sale Of Security": -27000000.0,
      "Net Non Operating Interest Income Expense": -771000000.0,
      "Interest Expense Non Operating": 771000000.0,
      "Interest Income Non Operating": null,
      "Operating Income": 4388000000.0,
      "Operating Expense": 1991000000.0,
      "Other Operating Expenses": 1852000000.0,
      "Other Taxes": 139000000.0,
      "Selling General And Administration": null,
      "General And Administrative Expense": null,
      "Other Gand A": null,
      "Gross Profit": 4388000000.0,
      "Cost Of Revenue": 8167000000.0,
      "Total Revenue": 12555000000.0,
      "Operating Revenue": 12555000000.0
    },
    "2022-12-31T00:00:00": {
      "Tax Effect Of Unusual Items": 0.0,
      "Tax Rate For Calcs": 0.151508,
      "Normalized EBITDA": 5650000000.0,
      "Total Unusual Items": 0.0,
      "Total Unusual Items Excluding Goodwill": 0.0,
      "Net Income From Continuing Operation Net Minority Interest": 3517000000.0,
      "Reconciled Depreciation": 853000000.0,
      "Reconciled Cost Of Revenue": 5485000000.0,
      "EBITDA": 5650000000.0,
      "EBIT": 4797000000.0,
      "Net Interest Income": -652000000.0,
      "Interest Expense": 652000000.0,
      "Interest Income": null,
      "Normalized Income": 3517000000.0,
      "Net Income From Continuing And Discontinued Operation": 3517000000.0,
      "Total Expenses": 5485000000.0,
      "Rent Expense Supplemental": 140000000.0,
      "Total Operating Income As Reported": 3329000000.0,
      "Diluted Average Shares": 932900000.0,
      "Basic Average Shares": 930000000.0,
      "Diluted EPS": 3.77,
      "Basic EPS": 3.78,
      "Diluted NI Availto Com Stockholders": 3517000000.0,
      "Net Income Common Stockholders": 3517000000.0,
      "Net Income": 3517000000.0,
      "Minority Interests": 0.0,
      "Net Income Including Noncontrolling Interests": 3517000000.0,
      "Net Income Continuous Operations": 3517000000.0,
      "Tax Provision": 628000000.0,
      "Pretax Income": 4145000000.0,
      "Other Income Expense": 1468000000.0,
      "Other Non Operating Income Expenses": 394000000.0,
      "Special Income Charges": 0.0,
      "Gain On Sale Of Ppe": 24000000.0,
      "Gain On Sale Of Business": 0.0,
      "Other Special Charges": 103000000.0,
      "Restructuring And Mergern Acquisition": 0.0,
      "Earnings From Equity Interest": 1074000000.0,
      "Gain On Sale Of Security": null,
      "Net Non Operating Interest Income Expense": -652000000.0,
      "Interest Expense Non Operating": 652000000.0,
      "Interest Income Non Operating": null,
      "Operating Income": 3329000000.0,
      "Operating Expense": 1286000000.0,
      "Other Operating Expenses": 1153000000.0,
      "Other Taxes": 133000000.0,
      "Selling General And Administration": null,
      "General And Administrative Expense": null,
      "Other Gand A": null,
      "Gross Profit": 3329000000.0,
      "Cost Of Revenue": 5485000000.0,
      "Total Revenue": 8814000000.0,
      "Operating Revenue": 8814000000.0
    },
    "2021-12-31T00:00:00": {
      "Tax Effect Of Unusual Items": 129202209.944751,
      "Tax Rate For Calcs": 0.212155,
      "Normalized EBITDA": 4262000000.0,
      "Total Unusual Items": 609000000.0,
      "Total Unusual Items Excluding Goodwill": 609000000.0,
      "Net Income From Continuing Operation Net Minority Interest": 2852000000.0,
      "Reconciled Depreciation": 811000000.0,
      "Reconciled Cost Of Revenue": 4789000000.0,
      "EBITDA": 4871000000.0,
      "EBIT": 4060000000.0,
      "Net Interest Income": -440000000.0,
      "Interest Expense": 440000000.0,
      "Interest Income": 6000000.0,
      "Normalized Income": 2372202209.944751,
      "Net Income From Continuing And Discontinued Operation": 2852000000.0,
      "Total Expenses": 4789000000.0,
      "Rent Expense Supplemental": 121000000.0,
      "Total Operating Income As Reported": 3206000000.0,
      "Diluted Average Shares": null,
      "Basic Average Shares": null,
      "Diluted EPS": null,
      "Basic EPS": null,
      "Diluted NI Availto Com Stockholders": 2852000000.0,
      "Net Income Common Stockholders": 2852000000.0,
      "Net Income": 2852000000.0,
      "Minority Interests": 0.0,
      "Net Income Including Noncontrolling Interests": 2852000000.0,
      "Net Income Continuous Operations": 2852000000.0,
      "Tax Provision": 768000000.0,
      "Pretax Income": 3620000000.0,
      "Other Income Expense": 854000000.0,
      "Other Non Operating Income Expenses": 386000000.0,
      "Special Income Charges": 598000000.0,
      "Gain On Sale Of Ppe": 89000000.0,
      "Gain On Sale Of Business": 0.0,
      "Other Special Charges": 125000000.0,
      "Restructuring And Mergern Acquisition": -598000000.0,
      "Earnings From Equity Interest": -141000000.0,
      "Gain On Sale Of Security": 11000000.0,
      "Net Non Operating Interest Income Expense": -440000000.0,
      "Interest Expense Non Operating": 440000000.0,
      "Interest Income Non Operating": 6000000.0,
      "Operating Income": 3206000000.0,
      "Operating Expense": 1218000000.0,
      "Other Operating Expenses": 1218000000.0,
      "Other Taxes": 128000000.0,
      "Selling General And Administration": 553000000.0,
      "General And Administrative Expense": 553000000.0,
      "Other Gand A": 553000000.0,
      "Gross Profit": 3206000000.0,
      "Cost Of Revenue": 4789000000.0,
      "Total Revenue": 7995000000.0,
      "Operating Revenue": 7995000000.0
    }
  },
  "quarterly_income": {
    "2025-12-31T00:00:00": {
      "Tax Effect Of Unusual Items": null,
      "Tax Rate For Calcs": null,
      "Normalized EBITDA": null,
      "Total Unusual Items": null,
      "Total Unusual Items Excluding Goodwill": null,
      "Net Income From Continuing Operation Net Minority Interest": null,
      "Reconciled Depreciation": null,
      "Reconciled Cost Of Revenue": null,
      "EBITDA": null,
      "EBIT": null,
      "Net Interest Income": null,
      "Interest Expense": null,
      "Normalized Income": null,
      "Net Income From Continuing And Discontinued Operation": null,
      "Total Expenses": null,
      "Rent Expense Supplemental": null,
      "Total Operating Income As Reported": null,
      "Diluted Average Shares": 898400000.0,
      "Basic Average Shares": 897800000.0,
      "Diluted EPS": 1.2,
      "Basic EPS": 1.2,
      "Diluted NI Availto Com Stockholders": null,
      "Net Income Common Stockholders": null,
      "Net Income": null,
      "Minority Interests": null,
      "Net Income Including Noncontrolling Interests": null,
      "Net Income Continuous Operations": null,
      "Tax Provision": null,
      "Pretax Income": null,
      "Other Income Expense": null,
      "Other Non Operating Income Expenses": null,
      "Special Income Charges": null,
      "Gain On Sale Of Business": null,
      "Earnings From Equity Interest": null,
      "Gain On Sale Of Security": null,
      "Net Non Operating Interest Income Expense": null,
      "Interest Expense Non Operating": null,
      "Operating Income": null,
      "Operating Expense": null,
      "Other Operating Expenses": null,
      "Selling General And Administration": null,
      "General And Administrative Expense": null,
      "Salaries And Wages": null,
      "Gross Profit": null,
      "Cost Of Revenue": null,
      "Total Revenue": null,
      "Operating Revenue": null
    },
    "2025-09-30T00:00:00": {
      "Tax Effect Of Unusual Items": 0.0,
      "Tax Rate For Calcs": 0.244023,
      "Normalized EBITDA": 1938000000.0,
      "Total Unusual Items": null,
      "Total Unusual Items Excluding Goodwill": null,
      "Net Income From Continuing Operation Net Minority Interest": 920000000.0,
      "Reconciled Depreciation": 503000000.0,
      "Reconciled Cost Of Revenue": 2325000000.0,
      "EBITDA": 1938000000.0,
      "EBIT": 1435000000.0,
      "Net Interest Income": -222000000.0,
      "Interest Expense": 222000000.0,
      "Normalized Income": 920000000.0,
      "Net Income From Continuing And Discontinued Operation": 920000000.0,
      "Total Expenses": 2325000000.0,
      "Rent Expense Supplemental": 109000000.0,
      "Total Operating Income As Reported": 1336000000.0,
      "Diluted Average Shares": null,
      "Basic Average Shares": null,
      "Diluted EPS": null,
      "Basic EPS": null,
      "Diluted NI Availto Com Stockholders": 920000000.0,
      "Net Income Common Stockholders": 920000000.0,
      "Net Income": 920000000.0,
      "Minority Interests": 3000000.0,
      "Net Income Including Noncontrolling Interests": 917000000.0,
      "Net Income Continuous Operations": 917000000.0,
      "Tax Provision": 296000000.0,
      "Pretax Income": 1213000000.0,
      "Other Income Expense": 99000000.0,
      "Other Non Operating Income Expenses": 99000000.0,
      "Special Income Charges": null,
      "Gain On Sale Of Business": null,
      "Earnings From Equity Interest": null,
      "Gain On Sale Of Security": null,
      "Net Non Operating Interest Income Expense": -222000000.0,
      "Interest Expense Non Operating": 222000000.0,
      "Operating Income": 1336000000.0,
      "Operating Expense": null,
      "Other Operating Expenses": null,
      "Selling General And Administration": null,
      "General And Administrative Expense": null,
      "Salaries And Wages": null,
      "Gross Profit": 1336000000.0,
      "Cost Of Revenue": 2325000000.0,
      "Total Revenue": 3661000000.0,
      "Operating Revenue": 3661000000.0
    },
    "2025-06-30T00:00:00": {
      "Tax Effect Of Unusual Items": 74720930.232558,
      "Tax Rate For Calcs": 0.224387,
      "Normalized EBITDA": 1959000000.0,
      "Total Unusual Items": 333000000.0,
      "Total Unusual Items Excluding Goodwill": 333000000.0,
      "Net Income From Continuing Operation Net Minority Interest": 1234000000.0,
      "Reconciled Depreciation": 493000000.0,
      "Reconciled Cost Of Revenue": 2356000000.0,
      "EBITDA": 2292000000.0,
      "EBIT": 1799000000.0,
      "Net Interest Income": -208000000.0,
      "Interest Expense": 208000000.0,
      "Normalized Income": 975720930.232558,
      "Net Income From Continuing And Discontinued Operation": 1234000000.0,
      "Total Expenses": 2356000000.0,
      "Rent Expense Supplemental": 103000000.0,
      "Total Operating Income As Reported": 1343000000.0,
      "Diluted Average Shares": 924800000.0,
      "Basic Average Shares": 923800000.0,
      "Diluted EPS": 1.33,
      "Basic EPS": 1.34,
      "Diluted NI Availto Com Stockholders": 1234000000.0,
      "Net Income Common Stockholders": 1234000000.0,
      "Net Income": 1234000000.0,
      "Minority Interests": 0.0,
      "Net Income Including Noncontrolling Interests": 1234000000.0,
      "Net Income Continuous Operations": 1234000000.0,
      "Tax Provision": 357000000.0,
      "Pretax Income": 1591000000.0,
      "Other Income Expense": 456000000.0,
      "Other Non Operating Income Expenses": 123000000.0,
      "Special Income Charges": null,
      "Gain On Sale Of Business": null,
      "Earnings From Equity Interest": null,
      "Gain On Sale Of Security": 333000000.0,
      "Net Non Operating Interest Income Expense": -208000000.0,
      "Interest Expense Non Operating": 208000000.0,
      "Operating Income": 1343000000.0,
      "Operating Expense": null,
      "Other Operating Expenses": null,
      "Selling General And Administration": null,
      "General And Administrative Expense": null,
      "Salaries And Wages": null,
      "Gross Profit": 1343000000.0,
      "Cost Of Revenue": 2356000000.0,
      "Total Revenue": 3699000000.0,
      "Operating Revenue": 3699000000.0
    },
    "2025-03-31T00:00:00": {
      "Tax Effect Of Unusual Items": 0.0,
      "Tax Rate For Calcs": 0.2432,
      "Normalized EBITDA": 1921000000.0,
      "Total Unusual Items": null,
      "Total Unusual Items Excluding Goodwill": null,
      "Net Income From Continuing Operation Net Minority Interest": 910000000.0,
      "Reconciled Depreciation": 504000000.0,
      "Reconciled Cost Of Revenue": 2478000000.0,
      "EBITDA": 1921000000.0,
      "EBIT": 1417000000.0,
      "Net Interest Income": -216000000.0,
      "Interest Expense": 216000000.0,
      "Normalized Income": 910000000.0,
      "Net Income From Continuing And Discontinued Operation": 910000000.0,
      "Total Expenses": 2478000000.0,
      "Rent Expense Supplemental": 99000000.0,
      "Total Operating Income As Reported": 1317000000.0,
      "Diluted Average Shares": 934300000.0,
      "Basic Average Shares": 933200000.0,
      "Diluted EPS": 0.97,
      "Basic EPS": 0.98,
      "Diluted NI Availto Com Stockholders": 910000000.0,
      "Net Income Common Stockholders": 910000000.0,
      "Net Income": 910000000.0,
      "Minority Interests": 1000000.0,
      "Net Income Including Noncontrolling Interests": 909000000.0,
      "Net Income Continuous Operations": 909000000.0,
      "Tax Provision": 292000000.0,
      "Pretax Income": 1201000000.0,
      "Other Income Expense": 100000000.0,
      "Other Non Operating Income Expenses": 100000000.0,
      "Special Income Charges": null,
      "Gain On Sale Of Business": null,
      "Earnings From Equity Interest": null,
      "Gain On Sale Of Security": null,
      "Net Non Operating Interest Income Expense": -216000000.0,
      "Interest Expense Non Operating": 216000000.0,
      "Operating Income": 1317000000.0,
      "Operating Expense": null,
      "Other Operating Expenses": null,
      "Selling General And Administration": null,
      "General And Administrative Expense": null,
      "Salaries And Wages": null,
      "Gross Profit": 1317000000.0,
      "Cost Of Revenue": 2478000000.0,
      "Total Revenue": 3795000000.0,
      "Operating Revenue": 3795000000.0
    },
    "2024-12-31T00:00:00": {
      "Tax Effect Of Unusual Items": 4085813.148789,
      "Tax Rate For Calcs": 0.170242,
      "Normalized EBITDA": 2112000000.0,
      "Total Unusual Items": 24000000.0,
      "Total Unusual Items Excluding Goodwill": 24000000.0,
      "Net Income From Continuing Operation Net Minority Interest": 1201000000.0,
      "Reconciled Depreciation": 488000000.0,
      "Reconciled Cost Of Revenue": 2314000000.0,
      "EBITDA": 2136000000.0,
      "EBIT": 1648000000.0,
      "Net Interest Income": -203000000.0,
      "Interest Expense": 203000000.0,
      "Normalized Income": 1181085813.148789,
      "Net Income From Continuing And Discontinued Operation": 1201000000.0,
      "Total Expenses": 2314000000.0,
      "Rent Expense Supplemental": 94000000.0,
      "Total Operating Income As Reported": 1560000000.0,
      "Diluted Average Shares": 934800000.0,
      "Basic Average Shares": 933400000.0,
      "Diluted EPS": 1.28,
      "Basic EPS": 1.29,
      "Diluted NI Availto Com Stockholders": 1201000000.0,
      "Net Income Common Stockholders": 1201000000.0,
      "Net Income": 1201000000.0,
      "Minority Interests": 2000000.0,
      "Net Income Including Noncontrolling Interests": 1199000000.0,
      "Net Income Continuous Operations": 1199000000.0,
      "Tax Provision": 246000000.0,
      "Pretax Income": 1445000000.0,
      "Other Income Expense": 88000000.0,
      "Other Non Operating Income Expenses": 64000000.0,
      "Special Income Charges": 22000000.0,
      "Gain On Sale Of Business": 0.0,
      "Earnings From Equity Interest": 0.0,
      "Gain On Sale Of Security": null,
      "Net Non Operating Interest Income Expense": -203000000.0,
      "Interest Expense Non Operating": 203000000.0,
      "Operating Income": 1560000000.0,
      "Operating Expense": null,
      "Other Operating Expenses": null,
      "Selling General And Administration": null,
      "General And Administrative Expense": null,
      "Salaries And Wages": null,
      "Gross Profit": 1560000000.0,
      "Cost Of Revenue": 2314000000.0,
      "Total Revenue": 3874000000.0,
      "Operating Revenue": 3874000000.0
    },
    "2024-09-30T00:00:00": {
      "Tax Effect Of Unusual Items": 0.0,
      "Tax Rate For Calcs": 0.238399,
      "Normalized EBITDA": 1763000000.0,
      "Total Unusual Items": 0.0,
      "Total Unusual Items Excluding Goodwill": 0.0,
      "Net Income From Continuing Operation Net Minority Interest": 837000000.0,
      "Reconciled Depreciation": 472000000.0,
      "Reconciled Cost Of Revenue": 2346000000.0,
      "EBITDA": 1763000000.0,
      "EBIT": 1291000000.0,
      "Net Interest Income": -192000000.0,
      "Interest Expense": 192000000.0,
      "Normalized Income": 837000000.0,
      "Net Income From Continuing And Discontinued Operation": 837000000.0,
      "Total Expenses": 2346000000.0,
      "Rent Expense Supplemental": 89000000.0,
      "Total Operating Income As Reported": 1203000000.0,
      "Diluted Average Shares": 935300000.0,
      "Basic Average Shares": 933200000.0,
      "Diluted EPS": 0.9,
      "Basic EPS": 0.9,
      "Diluted NI Availto Com Stockholders": 837000000.0,
      "Net Income Common Stockholders": 837000000.0,
      "Net Income": 837000000.0,
      "Minority Interests": 0.0,
      "Net Income Including Noncontrolling Interests": 837000000.0,
      "Net Income Continuous Operations": 837000000.0,
      "Tax Provision": 262000000.0,
      "Pretax Income": 1099000000.0,
      "Other Income Expense": 88000000.0,
      "Other Non Operating Income Expenses": 88000000.0,
      "Special Income Charges": 0.0,
      "Gain On Sale Of Business": 0.0,
      "Earnings From Equity Interest": 0.0,
      "Gain On Sale Of Security": null,
      "Net Non Operating Interest Income Expense": -192000000.0,
      "Interest Expense Non Operating": 192000000.0,
      "Operating Income": 1203000000.0,
      "Operating Expense": 623000000.0,
      "Other Operating Expenses": 623000000.0,
      "Selling General And Administration": null,
      "General And Administrative Expense": null,
      "Salaries And Wages": null,
      "Gross Profit": 1203000000.0,
      "Cost Of Revenue": 2346000000.0,
      "Total Revenue": 3549000000.0,
      "Operating Revenue": 3549000000.0
    },
    "2024-06-30T00:00:00": {
      "Tax Effect Of Unusual Items": null,
      "Tax Rate For Calcs": null,
      "Normalized EBITDA": null,
      "Total Unusual Items": 0.0,
      "Total Unusual Items Excluding Goodwill": 0.0,
      "Net Income From Continuing Operation Net Minority Interest": null,
      "Reconciled Depreciation": null,
      "Reconciled Cost Of Revenue": null,
      "EBITDA": null,
      "EBIT": null,
      "Net Interest Income": null,
      "Interest Expense": null,
      "Normalized Income": null,
      "Net Income From Continuing And Discontinued Operation": null,
      "Total Expenses": null,
      "Rent Expense Supplemental": null,
      "Total Operating Income As Reported": null,
      "Diluted Average Shares": null,
      "Basic Average Shares": null,
      "Diluted EPS": null,
      "Basic EPS": null,
      "Diluted NI Availto Com Stockholders": null,
      "Net Income Common Stockholders": null,
      "Net Income": null,
      "Minority Interests": null,
      "Net Income Including Noncontrolling Interests": null,
      "Net Income Continuous Operations": null,
      "Tax Provision": null,
      "Pretax Income": null,
      "Other Income Expense": null,
      "Other Non Operating Income Expenses": null,
      "Special Income Charges": 0.0,
      "Gain On Sale Of Business": 0.0,
      "Earnings From Equity Interest": 0.0,
      "Gain On Sale Of Security": null,
      "Net Non Operating Interest Income Expense": null,
      "Interest Expense Non Operating": null,
      "Operating Income": null,
      "Operating Expense": 606000000.0,
      "Other Operating Expenses": 606000000.0,
      "Selling General And Administration": -88000000.0,
      "General And Administrative Expense": -88000000.0,
      "Salaries And Wages": -88000000.0,
      "Gross Profit": null,
      "Cost Of Revenue": null,
      "Total Revenue": null,
      "Operating Revenue": null
    }
  },
  "balance_sheet": {
    "2024-12-31T00:00:00": {
      "Treasury Shares Number": null,
      "Ordinary Shares Number": 933500000.0,
      "Share Issued": 933500000.0,
      "Net Debt": 21884000000.0,
      "Total Debt": 22989000000.0,
      "Tangible Book Value": 23506000000.0,
      "Invested Capital": 70515000000.0,
      "Working Capital": -2277000000.0,
      "Net Tangible Assets": 23506000000.0,
      "Capital Lease Obligations": 366000000.0,
      "Common Stock Equity": 47892000000.0,
      "Total Capitalization": 67696000000.0,
      "Total Equity Gross Minority Interest": 48890000000.0,
      "Minority Interest": 998000000.0,
      "Stockholders Equity": 47892000000.0,
      "Gains Losses Not Affecting Retained Earnings": 2680000000.0,
      "Other Equity Adjustments": 2680000000.0,
      "Retained Earnings": 19429000000.0,
      "Additional Paid In Capital": 94000000.0,
      "Capital Stock": 25689000000.0,
      "Common Stock": 25689000000.0,
      "Total Liabilities Net Minority Interest": 38854000000.0,
      "Total Non Current Liabilities Net Minority Interest": 33193000000.0,
      "Other Non Current Liabilities": 118000000.0,
      "Employee Benefits": 725000000.0,
      "Non Current Pension And Other Postretirement Benefit Plans": 548000000.0,
      "Non Current Deferred Liabilities": 12061000000.0,
      "Non Current Deferred Revenue": 20000000.0,
      "Non Current Deferred Taxes Liabilities": 11974000000.0,
      "Long Term Debt And Capital Lease Obligation": 20058000000.0,
      "Long Term Capital Lease Obligation": 254000000.0,
      "Long Term Debt": 19804000000.0,
      "Long Term Provisions": 231000000.0,
      "Current Liabilities": 5661000000.0,
      "Other Current Liabilities": null,
      "Current Deferred Liabilities": null,
      "Current Deferred Revenue": null,
      "Current Debt And Capital Lease Obligation": 2931000000.0,
      "Current Capital Lease Obligation": 112000000.0,
      "Current Debt": 2819000000.0,
      "Other Current Borrowings": 2819000000.0,
      "Pensionand Other Post Retirement Benefit Plans Current": 58000000.0,
      "Current Provisions": 78000000.0,
      "Payables And Accrued Expenses": 2594000000.0,
      "Current Accrued Expenses": 1149000000.0,
      "Interest Payable": 167000000.0,
      "Payables": 1445000000.0,
      "Other Payable": 121000000.0,
      "Dividends Payable": 177000000.0,
      "Total Tax Payable": 379000000.0,
      "Accounts Payable": 768000000.0,
      "Total Assets": 87744000000.0,
      "Total Non Current Assets": 84360000000.0,
      "Other Non Current Assets": 304000000.0,
      "Defined Pension Benefit": 4586000000.0,
      "Investments And Advances": 586000000.0,
      "Other Investments": 586000000.0,
      "Long Term Equity Investment": null,
      "Investments In Other Ventures Under Equity Method": null,
      "Investmentsin Subsidiariesat Cost": null,
      "Goodwill And Other Intangible Assets": 24386000000.0,
      "Other Intangible Assets": 5036000000.0,
      "Goodwill": 19350000000.0,
      "Net PPE": 54498000000.0,
      "Accumulated Depreciation": -11420000000.0,
      "Gross PPE": 65918000000.0,
      "Other Properties": 51503000000.0,
      "Machinery Furniture Equipment": null,
      "Buildings And Improvements": 1927000000.0,
      "Land And Improvements": 3765000000.0,
      "Current Assets": 3384000000.0,
      "Other Current Assets": 220000000.0,
      "Restricted Cash": null,
      "Inventory": 457000000.0,
      "Receivables": 1968000000.0,
      "Accounts Receivable": 1968000000.0,
      "Allowance For Doubtful Accounts Receivable": -98000000.0,
      "Gross Accounts Receivable": 2066000000.0,
      "Cash Cash Equivalents And Short Term Investments": 739000000.0,
      "Cash And Cash Equivalents": 739000000.0
    },
    "2023-12-31T00:00:00": {
      "Treasury Shares Number": 0.0,
      "Ordinary Shares Number": 932100000.0,
      "Share Issued": 932100000.0,
      "Net Debt": 22030000000.0,
      "Total Debt": 22838000000.0,
      "Tangible Book Value": 19027000000.0,
      "Invested Capital": 63986000000.0,
      "Working Capital": -2708000000.0,
      "Net Tangible Assets": 19027000000.0,
      "Capital Lease Obligations": 344000000.0,
      "Common Stock Equity": 41492000000.0,
      "Total Capitalization": 60843000000.0,
      "Total Equity Gross Minority Interest": 42411000000.0,
      "Minority Interest": 919000000.0,
      "Stockholders Equity": 41492000000.0,
      "Gains Losses Not Affecting Retained Earnings": -618000000.0,
      "Other Equity Adjustments": -618000000.0,
      "Retained Earnings": 16420000000.0,
      "Additional Paid In Capital": 88000000.0,
      "Capital Stock": 25602000000.0,
      "Common Stock": 25602000000.0,
      "Total Liabilities Net Minority Interest": 37491000000.0,
      "Total Non Current Liabilities Net Minority Interest": 31781000000.0,
      "Other Non Current Liabilities": 110000000.0,
      "Employee Benefits": 742000000.0,
      "Non Current Pension And Other Postretirement Benefit Plans": 581000000.0,
      "Non Current Deferred Liabilities": 11136000000.0,
      "Non Current Deferred Revenue": 16000000.0,
      "Non Current Deferred Taxes Liabilities": 11052000000.0,
      "Long Term Debt And Capital Lease Obligation": 19593000000.0,
      "Long Term Capital Lease Obligation": 242000000.0,
      "Long Term Debt": 19351000000.0,
      "Long Term Provisions": 200000000.0,
      "Current Liabilities": 5710000000.0,
      "Other Current Liabilities": 60000000.0,
      "Current Deferred Liabilities": null,
      "Current Deferred Revenue": null,
      "Current Debt And Capital Lease Obligation": 3245000000.0,
      "Current Capital Lease Obligation": 102000000.0,
      "Current Debt": 3143000000.0,
      "Other Current Borrowings": 3143000000.0,
      "Pensionand Other Post Retirement Benefit Plans Current": 50000000.0,
      "Current Provisions": 69000000.0,
      "Payables And Accrued Expenses": 2286000000.0,
      "Current Accrued Expenses": 1043000000.0,
      "Interest Payable": 162000000.0,
      "Payables": 1243000000.0,
      "Other Payable": 131000000.0,
      "Dividends Payable": 177000000.0,
      "Total Tax Payable": 255000000.0,
      "Accounts Payable": 680000000.0,
      "Total Assets": 79902000000.0,
      "Total Non Current Assets": 76900000000.0,
      "Other Non Current Assets": 235000000.0,
      "Defined Pension Benefit": 3338000000.0,
      "Investments And Advances": 533000000.0,
      "Other Investments": 533000000.0,
      "Long Term Equity Investment": 0.0,
      "Investments In Other Ventures Under Equity Method": null,
      "Investmentsin Subsidiariesat Cost": 0.0,
      "Goodwill And Other Intangible Assets": 22465000000.0,
      "Other Intangible Assets": 4736000000.0,
      "Goodwill": 17729000000.0,
      "Net PPE": 50329000000.0,
      "Accumulated Depreciation": -10024000000.0,
      "Gross PPE": 60353000000.0,
      "Other Properties": 47009000000.0,
      "Machinery Furniture Equipment": null,
      "Buildings And Improvements": 1732000000.0,
      "Land And Improvements": 3487000000.0,
      "Current Assets": 3002000000.0,
      "Other Current Assets": 251000000.0,
      "Restricted Cash": null,
      "Inventory": 400000000.0,
      "Receivables": 1887000000.0,
      "Accounts Receivable": 1887000000.0,
      "Allowance For Doubtful Accounts Receivable": -89000000.0,
      "Gross Accounts Receivable": 1976000000.0,
      "Cash Cash Equivalents And Short Term Investments": 464000000.0,
      "Cash And Cash Equivalents": 464000000.0
    },
    "2022-12-31T00:00:00": {
      "Treasury Shares Number": null,
      "Ordinary Shares Number": 930500000.0,
      "Share Issued": 930500000.0,
      "Net Debt": 19200000000.0,
      "Total Debt": 19921000000.0,
      "Tangible Book Value": 38500000000.0,
      "Invested Capital": 58537000000.0,
      "Working Capital": -1324000000.0,
      "Net Tangible Assets": 38500000000.0,
      "Capital Lease Obligations": 270000000.0,
      "Common Stock Equity": 38886000000.0,
      "Total Capitalization": 57027000000.0,
      "Total Equity Gross Minority Interest": 38886000000.0,
      "Minority Interest": 0.0,
      "Stockholders Equity": 38886000000.0,
      "Gains Losses Not Affecting Retained Earnings": 91000000.0,
      "Other Equity Adjustments": 91000000.0,
      "Retained Earnings": 13201000000.0,
      "Additional Paid In Capital": 78000000.0,
      "Capital Stock": 25516000000.0,
      "Common Stock": 25516000000.0,
      "Total Liabilities Net Minority Interest": 34609000000.0,
      "Total Non Current Liabilities Net Minority Interest": 31396000000.0,
      "Other Non Current Liabilities": 68000000.0,
      "Employee Benefits": 663000000.0,
      "Non Current Pension And Other Postretirement Benefit Plans": 538000000.0,
      "Non Current Deferred Liabilities": 12251000000.0,
      "Non Current Deferred Revenue": 39000000.0,
      "Non Current Deferred Taxes Liabilities": 12197000000.0,
      "Long Term Debt And Capital Lease Obligation": 18343000000.0,
      "Long Term Capital Lease Obligation": 202000000.0,
      "Long Term Debt": 18141000000.0,
      "Long Term Provisions": 71000000.0,
      "Current Liabilities": 3213000000.0,
      "Other Current Liabilities": null,
      "Current Deferred Liabilities": null,
      "Current Deferred Revenue": null,
      "Current Debt And Capital Lease Obligation": 1578000000.0,
      "Current Capital Lease Obligation": 68000000.0,
      "Current Debt": 1510000000.0,
      "Other Current Borrowings": 1510000000.0,
      "Pensionand Other Post Retirement Benefit Plans Current": 84000000.0,
      "Current Provisions": 53000000.0,
      "Payables And Accrued Expenses": 1498000000.0,
      "Current Accrued Expenses": 568000000.0,
      "Interest Payable": 143000000.0,
      "Payables": 930000000.0,
      "Other Payable": 73000000.0,
      "Dividends Payable": 177000000.0,
      "Total Tax Payable": 177000000.0,
      "Accounts Payable": 503000000.0,
      "Total Assets": 73495000000.0,
      "Total Non Current Assets": 71606000000.0,
      "Other Non Current Assets": 153000000.0,
      "Defined Pension Benefit": 3101000000.0,
      "Investments And Advances": 45314000000.0,
      "Other Investments": 223000000.0,
      "Long Term Equity Investment": 45091000000.0,
      "Investments In Other Ventures Under Equity Method": 45091000000.0,
      "Investmentsin Subsidiariesat Cost": 45091000000.0,
      "Goodwill And Other Intangible Assets": 386000000.0,
      "Other Intangible Assets": 42000000.0,
      "Goodwill": 344000000.0,
      "Net PPE": 22652000000.0,
      "Accumulated Depreciation": -9295000000.0,
      "Gross PPE": 31947000000.0,
      "Other Properties": 24829000000.0,
      "Machinery Furniture Equipment": null,
      "Buildings And Improvements": 1069000000.0,
      "Land And Improvements": 964000000.0,
      "Current Assets": 1889000000.0,
      "Other Current Assets": 138000000.0,
      "Restricted Cash": 0.0,
      "Inventory": 284000000.0,
      "Receivables": 1016000000.0,
      "Accounts Receivable": 1016000000.0,
      "Allowance For Doubtful Accounts Receivable": -41000000.0,
      "Gross Accounts Receivable": 1057000000.0,
      "Cash Cash Equivalents And Short Term Investments": 451000000.0,
      "Cash And Cash Equivalents": 451000000.0
    },
    "2021-12-31T00:00:00": {
      "Treasury Shares Number": null,
      "Ordinary Shares Number": 929700000.0,
      "Share Issued": 929700000.0,
      "Net Debt": 20058000000.0,
      "Total Debt": 20410000000.0,
      "Tangible Book Value": 33458000000.0,
      "Invested Capital": 53956000000.0,
      "Working Capital": -1807000000.0,
      "Net Tangible Assets": 33458000000.0,
      "Capital Lease Obligations": 283000000.0,
      "Common Stock Equity": 33829000000.0,
      "Total Capitalization": 52406000000.0,
      "Total Equity Gross Minority Interest": 33829000000.0,
      "Minority Interest": null,
      "Stockholders Equity": 33829000000.0,
      "Gains Losses Not Affecting Retained Earnings": -2103000000.0,
      "Other Equity Adjustments": -2103000000.0,
      "Retained Earnings": 10391000000.0,
      "Additional Paid In Capital": 66000000.0,
      "Capital Stock": 25475000000.0,
      "Common Stock": 25475000000.0,
      "Total Liabilities Net Minority Interest": 34348000000.0,
      "Total Non Current Liabilities Net Minority Interest": 31189000000.0,
      "Other Non Current Liabilities": 64000000.0,
      "Employee Benefits": 843000000.0,
      "Non Current Pension And Other Postretirement Benefit Plans": 718000000.0,
      "Non Current Deferred Liabilities": 11413000000.0,
      "Non Current Deferred Revenue": 47000000.0,
      "Non Current Deferred Taxes Liabilities": 11352000000.0,
      "Long Term Debt And Capital Lease Obligation": 18801000000.0,
      "Long Term Capital Lease Obligation": 224000000.0,
      "Long Term Debt": 18577000000.0,
      "Long Term Provisions": 68000000.0,
      "Current Liabilities": 3159000000.0,
      "Other Current Liabilities": null,
      "Current Deferred Liabilities": 34000000.0,
      "Current Deferred Revenue": 34000000.0,
      "Current Debt And Capital Lease Obligation": 1609000000.0,
      "Current Capital Lease Obligation": 59000000.0,
      "Current Debt": 1550000000.0,
      "Other Current Borrowings": 1550000000.0,
      "Pensionand Other Post Retirement Benefit Plans Current": 126000000.0,
      "Current Provisions": 49000000.0,
      "Payables And Accrued Expenses": 1375000000.0,
      "Current Accrued Expenses": 552000000.0,
      "Interest Payable": 141000000.0,
      "Payables": 823000000.0,
      "Other Payable": 50000000.0,
      "Dividends Payable": 177000000.0,
      "Total Tax Payable": 164000000.0,
      "Accounts Payable": 432000000.0,
      "Total Assets": 68177000000.0,
      "Total Non Current Assets": 66825000000.0,
      "Other Non Current Assets": 132000000.0,
      "Defined Pension Benefit": 2317000000.0,
      "Investments And Advances": 42518000000.0,
      "Other Investments": 209000000.0,
      "Long Term Equity Investment": 42309000000.0,
      "Investments In Other Ventures Under Equity Method": 42309000000.0,
      "Investmentsin Subsidiariesat Cost": 42309000000.0,
      "Goodwill And Other Intangible Assets": 371000000.0,
      "Other Intangible Assets": 43000000.0,
      "Goodwill": 328000000.0,
      "Net PPE": 21487000000.0,
      "Accumulated Depreciation": -8651000000.0,
      "Gross PPE": 30138000000.0,
      "Other Properties": 24323000000.0,
      "Machinery Furniture Equipment": 603000000.0,
      "Buildings And Improvements": 1022000000.0,
      "Land And Improvements": null,
      "Current Assets": 1352000000.0,
      "Other Current Assets": 216000000.0,
      "Restricted Cash": 13000000.0,
      "Inventory": 235000000.0,
      "Receivables": 819000000.0,
      "Accounts Receivable": 819000000.0,
      "Allowance For Doubtful Accounts Receivable": -34000000.0,
      "Gross Accounts Receivable": 853000000.0,
      "Cash Cash Equivalents And Short Term Investments": 69000000.0,
      "Cash And Cash Equivalents": 69000000.0
    }
  },
  "cashflow": {
    "2024-12-31T00:00:00": {
      "Free Cash Flow": 2406000000.0,
      "Repurchase Of Capital Stock": null,
      "Repayment Of Debt": -2327000000.0,
      "Issuance Of Debt": 713000000.0,
      "Issuance Of Capital Stock": 69000000.0,
      "Capital Expenditure": -2863000000.0,
      "Interest Paid Supplemental Data": 814000000.0,
      "Income Tax Paid Supplemental Data": 958000000.0,
      "End Cash Position": 739000000.0,
      "Beginning Cash Position": 464000000.0,
      "Effect Of Exchange Rate Changes": 54000000.0,
      "Changes In Cash": 221000000.0,
      "Financing Cash Flow": -2252000000.0,
      "Cash Flow From Continuing Financing Activities": -2252000000.0,
      "Net Other Financing Charges": 2000000.0,
      "Cash Dividends Paid": -709000000.0,
      "Common Stock Dividend Paid": -709000000.0,
      "Net Common Stock Issuance": 69000000.0,
      "Common Stock Payments": null,
      "Common Stock Issuance": 69000000.0,
      "Net Issuance Payments Of Debt": -1614000000.0,
      "Net Short Term Debt Issuance": 713000000.0,
      "Short Term Debt Payments": null,
      "Short Term Debt Issuance": 713000000.0,
      "Net Long Term Debt Issuance": -2327000000.0,
      "Long Term Debt Payments": -2327000000.0,
      "Long Term Debt Issuance": null,
      "Investing Cash Flow": -2796000000.0,
      "Cash Flow From Continuing Investing Activities": -2796000000.0,
      "Net Other Investing Changes": 3000000.0,
      "Net Investment Purchase And Sale": 0.0,
      "Sale Of Investment": 0.0,
      "Purchase Of Investment": 0.0,
      "Net Business Purchase And Sale": 0.0,
      "Sale Of Business": 0.0,
      "Purchase Of Business": null,
      "Net PPE Purchase And Sale": -2799000000.0,
      "Sale Of PPE": 64000000.0,
      "Purchase Of PPE": -2863000000.0,
      "Operating Cash Flow": 5269000000.0,
      "Cash Flow From Continuing Operating Activities": 5269000000.0,
      "Taxes Refund Paid": -12000000.0,
      "Dividend Received Cfo": 0.0,
      "Change In Working Capital": 24000000.0,
      "Change In Other Current Assets": -9000000.0,
      "Change In Payables And Accrued Expense": 202000000.0,
      "Change In Inventory": -36000000.0,
      "Change In Receivables": -133000000.0,
      "Changes In Account Receivables": -133000000.0,
      "Other Non Cash Items": -79000000.0,
      "Deferred Tax": 28000000.0,
      "Deferred Income Tax": 28000000.0,
      "Depreciation Amortization Depletion": 1900000000.0,
      "Depreciation And Amortization": 1900000000.0,
      "Operating Gains Losses": -305000000.0,
      "Pension And Employee Benefit Expense": -305000000.0,
      "Earnings Losses From Equity Investments": 0.0,
      "Net Foreign Currency Exchange Gain Loss": null,
      "Net Income From Continuing Operations": 3713000000.0
    },
    "2023-12-31T00:00:00": {
      "Free Cash Flow": 1638000000.0,
      "Repurchase Of Capital Stock": null,
      "Repayment Of Debt": -2395000000.0,
      "Issuance Of Debt": 1095000000.0,
      "Issuance Of Capital Stock": 69000000.0,
      "Capital Expenditure": -2499000000.0,
      "Interest Paid Supplemental Data": 825000000.0,
      "Income Tax Paid Supplemental Data": 906000000.0,
      "End Cash Position": 464000000.0,
      "Beginning Cash Position": 451000000.0,
      "Effect Of Exchange Rate Changes": -7000000.0,
      "Changes In Cash": 20000000.0,
      "Financing Cash Flow": -1955000000.0,
      "Cash Flow From Continuing Financing Activities": -1955000000.0,
      "Net Other Financing Charges": -17000000.0,
      "Cash Dividends Paid": -707000000.0,
      "Common Stock Dividend Paid": -707000000.0,
      "Net Common Stock Issuance": 69000000.0,
      "Common Stock Payments": null,
      "Common Stock Issuance": 69000000.0,
      "Net Issuance Payments Of Debt": -1300000000.0,
      "Net Short Term Debt Issuance": 1095000000.0,
      "Short Term Debt Payments": null,
      "Short Term Debt Issuance": 1095000000.0,
      "Net Long Term Debt Issuance": -2395000000.0,
      "Long Term Debt Payments": -2395000000.0,
      "Long Term Debt Issuance": 0.0,
      "Investing Cash Flow": -2162000000.0,
      "Cash Flow From Continuing Investing Activities": -2162000000.0,
      "Net Other Investing Changes": -25000000.0,
      "Net Investment Purchase And Sale": 7000000.0,
      "Sale Of Investment": 274000000.0,
      "Purchase Of Investment": -267000000.0,
      "Net Business Purchase And Sale": 298000000.0,
      "Sale Of Business": 298000000.0,
      "Purchase Of Business": 0.0,
      "Net PPE Purchase And Sale": -2442000000.0,
      "Sale Of PPE": 57000000.0,
      "Purchase Of PPE": -2499000000.0,
      "Operating Cash Flow": 4137000000.0,
      "Cash Flow From Continuing Operating Activities": 4137000000.0,
      "Taxes Refund Paid": -135000000.0,
      "Dividend Received Cfo": 300000000.0,
      "Change In Working Capital": -308000000.0,
      "Change In Other Current Assets": -49000000.0,
      "Change In Payables And Accrued Expense": 57000000.0,
      "Change In Inventory": 1000000.0,
      "Change In Receivables": -317000000.0,
      "Changes In Account Receivables": -317000000.0,
      "Other Non Cash Items": 60000000.0,
      "Deferred Tax": -7885000000.0,
      "Deferred Income Tax": -7885000000.0,
      "Depreciation Amortization Depletion": 1543000000.0,
      "Depreciation And Amortization": 1543000000.0,
      "Operating Gains Losses": 6639000000.0,
      "Pension And Employee Benefit Expense": -306000000.0,
      "Earnings Losses From Equity Investments": 6945000000.0,
      "Net Foreign Currency Exchange Gain Loss": 0.0,
      "Net Income From Continuing Operations": 3923000000.0
    },
    "2022-12-31T00:00:00": {
      "Free Cash Flow": 2585000000.0,
      "Repurchase Of Capital Stock": 0.0,
      "Repayment Of Debt": -1622000000.0,
      "Issuance Of Debt": 0.0,
      "Issuance Of Capital Stock": 32000000.0,
      "Capital Expenditure": -1557000000.0,
      "Interest Paid Supplemental Data": 641000000.0,
      "Income Tax Paid Supplemental Data": 408000000.0,
      "End Cash Position": 451000000.0,
      "Beginning Cash Position": 82000000.0,
      "Effect Of Exchange Rate Changes": 20000000.0,
      "Changes In Cash": 349000000.0,
      "Financing Cash Flow": -2297000000.0,
      "Cash Flow From Continuing Financing Activities": -2297000000.0,
      "Net Other Financing Charges": null,
      "Cash Dividends Paid": -707000000.0,
      "Common Stock Dividend Paid": -707000000.0,
      "Net Common Stock Issuance": 32000000.0,
      "Common Stock Payments": 0.0,
      "Common Stock Issuance": 32000000.0,
      "Net Issuance Payments Of Debt": -1622000000.0,
      "Net Short Term Debt Issuance": -415000000.0,
      "Short Term Debt Payments": -415000000.0,
      "Short Term Debt Issuance": 0.0,
      "Net Long Term Debt Issuance": -1207000000.0,
      "Long Term Debt Payments": -1207000000.0,
      "Long Term Debt Issuance": 0.0,
      "Investing Cash Flow": -1496000000.0,
      "Cash Flow From Continuing Investing Activities": -1496000000.0,
      "Net Other Investing Changes": 3000000.0,
      "Net Investment Purchase And Sale": 0.0,
      "Sale Of Investment": 0.0,
      "Purchase Of Investment": 0.0,
      "Net Business Purchase And Sale": 0.0,
      "Sale Of Business": 0.0,
      "Purchase Of Business": 0.0,
      "Net PPE Purchase And Sale": -1499000000.0,
      "Sale Of PPE": 58000000.0,
      "Purchase Of PPE": -1557000000.0,
      "Operating Cash Flow": 4142000000.0,
      "Cash Flow From Continuing Operating Activities": 4142000000.0,
      "Taxes Refund Paid": 0.0,
      "Dividend Received Cfo": 1157000000.0,
      "Change In Working Capital": -92000000.0,
      "Change In Other Current Assets": -13000000.0,
      "Change In Payables And Accrued Expense": 95000000.0,
      "Change In Inventory": -27000000.0,
      "Change In Receivables": -147000000.0,
      "Changes In Account Receivables": -147000000.0,
      "Other Non Cash Items": -67000000.0,
      "Deferred Tax": 136000000.0,
      "Deferred Income Tax": 136000000.0,
      "Depreciation Amortization Depletion": 853000000.0,
      "Depreciation And Amortization": 853000000.0,
      "Operating Gains Losses": -1362000000.0,
      "Pension And Employee Benefit Expense": -288000000.0,
      "Earnings Losses From Equity Investments": -1074000000.0,
      "Net Foreign Currency Exchange Gain Loss": 0.0,
      "Net Income From Continuing Operations": 3517000000.0
    },
    "2021-12-31T00:00:00": {
      "Free Cash Flow": 2156000000.0,
      "Repurchase Of Capital Stock": 0.0,
      "Repayment Of Debt": -359000000.0,
      "Issuance Of Debt": 11306000000.0,
      "Issuance Of Capital Stock": 25000000.0,
      "Capital Expenditure": -1532000000.0,
      "Interest Paid Supplemental Data": 426000000.0,
      "Income Tax Paid Supplemental Data": 552000000.0,
      "End Cash Position": 82000000.0,
      "Beginning Cash Position": 147000000.0,
      "Effect Of Exchange Rate Changes": 41000000.0,
      "Changes In Cash": -106000000.0,
      "Financing Cash Flow": 9936000000.0,
      "Cash Flow From Continuing Financing Activities": 9936000000.0,
      "Net Other Financing Charges": -75000000.0,
      "Cash Dividends Paid": -507000000.0,
      "Common Stock Dividend Paid": -507000000.0,
      "Net Common Stock Issuance": 25000000.0,
      "Common Stock Payments": 0.0,
      "Common Stock Issuance": 25000000.0,
      "Net Issuance Payments Of Debt": 10493000000.0,
      "Net Short Term Debt Issuance": -454000000.0,
      "Short Term Debt Payments": -454000000.0,
      "Short Term Debt Issuance": 0.0,
      "Net Long Term Debt Issuance": 10947000000.0,
      "Long Term Debt Payments": -359000000.0,
      "Long Term Debt Issuance": 11306000000.0,
      "Investing Cash Flow": -13730000000.0,
      "Cash Flow From Continuing Investing Activities": -13730000000.0,
      "Net Other Investing Changes": 5000000.0,
      "Net Investment Purchase And Sale": 0.0,
      "Sale Of Investment": 0.0,
      "Purchase Of Investment": 0.0,
      "Net Business Purchase And Sale": -12299000000.0,
      "Sale Of Business": 0.0,
      "Purchase Of Business": -12299000000.0,
      "Net PPE Purchase And Sale": -1436000000.0,
      "Sale Of PPE": 96000000.0,
      "Purchase Of PPE": -1532000000.0,
      "Operating Cash Flow": 3688000000.0,
      "Cash Flow From Continuing Operating Activities": 3688000000.0,
      "Taxes Refund Paid": 0.0,
      "Dividend Received Cfo": 0.0,
      "Change In Working Capital": -66000000.0,
      "Change In Other Current Assets": 24000000.0,
      "Change In Payables And Accrued Expense": -108000000.0,
      "Change In Inventory": -14000000.0,
      "Change In Receivables": 32000000.0,
      "Changes In Account Receivables": 32000000.0,
      "Other Non Cash Items": -36000000.0,
      "Deferred Tax": 242000000.0,
      "Deferred Income Tax": 242000000.0,
      "Depreciation Amortization Depletion": 811000000.0,
      "Depreciation And Amortization": 811000000.0,
      "Operating Gains Losses": -115000000.0,
      "Pension And Employee Benefit Expense": -249000000.0,
      "Earnings Losses From Equity Investments": 141000000.0,
      "Net Foreign Currency Exchange Gain Loss": -7000000.0,
      "Net Income From Continuing Operations": 2852000000.0
    }
  },
  "earnings_estimate": {
    "avg": {
      "0q": 1.12087,
      "+1q": 1.258,
      "0y": 5.15586,
      "+1y": 5.87807
    },
    "low": {
      "0q": 1.06705,
      "+1q": 1.16507,
      "0y": 4.67,
      "+1y": 5.22
    },
    "high": {
      "0q": 1.18,
      "+1q": 1.31,
      "0y": 5.29,
      "+1y": 6.13
    },
    "yearAgoEps": {
      "0q": 1.06,
      "+1q": 1.12,
      "0y": 4.61,
      "+1y": 5.15586
    },
    "numberOfAnalysts": {
      "0q": 22,
      "+1q": 22,
      "0y": 28,
      "+1y": 28
    },
    "growth": {
      "0q": 0.0574,
      "+1q": 0.1232,
      "0y": 0.1184,
      "+1y": 0.1401
    }
  },
  "revenue_estimate": {
    "avg": {
      "0q": 3792430030,
      "+1q": 3924079770,
      "0y": 15842645930,
      "+1y": 16846401230
    },
    "low": {
      "0q": 3682000000,
      "+1q": 3812291100,
      "0y": 15148000000,
      "+1y": 15959000000
    },
    "high": {
      "0q": 3908000000,
      "+1q": 4011000000,
      "0y": 16111100750,
      "+1y": 17317632600
    },
    "numberOfAnalysts": {
      "0q": 19,
      "+1q": 17,
      "0y": 25,
      "+1y": 25
    },
    "yearAgoRevenue": {
      "0q": 3795000000,
      "+1q": 3699000000,
      "0y": 15078000000,
      "+1y": 15842645930
    },
    "growth": {
      "0q": -0.0007,
      "+1q": 0.0608,
      "0y": 0.0507,
      "+1y": 0.0634
    }
  },
  "growth_estimates": {
    "stockTrend": {
      "0q": 0.0574,
      "+1q": 0.1232,
      "0y": 0.1184,
      "+1y": 0.1401,
      "LTG": null
    },
    "indexTrend": {
      "0q": 0.1273,
      "+1q": 0.103599995,
      "0y": 0.14310001,
      "+1y": 0.1557,
      "LTG": 0.122
    }
  },
  "revenue_forecasts": null,
  "dividend_rate": 0.91,
  "trailing_dividend_rate": 0.874
}