{
  "ticker": "CVX",
  "name": "Chevron",
  "country": "usa",
  "currency": "USD",
  "last_fetched": "2026-02-26T20:45:44.239159",
  "market_cap": 368640819200,
  "revenue": 184654004224,
  "net_income": 12298999808,
  "pe_ratio": 27.809956,
  "forward_pe": 20.136736,
  "dividend_yield": 3.86,
  "profit_margin": 0.06661,
  "roe": 0.07231,
  "debt_to_equity": 24.323,
  "beta": 0.672,
  "ev_to_ebitda": 10.995,
  "sector": "Energy",
  "industry": "Oil & Gas Integrated",
  "summary": "Chevron Corporation, through its subsidiaries, engages in the integrated energy and chemicals operations in the United States and internationally. It operates through Upstream, Downstream, and All Other segments. The Upstream segment engages in the exploration for, development, production, and transportation of crude oil and natural gas; processing, liquefaction, transportation, and regasification of liquefied natural gas; transportation of crude oil through pipelines; transportation, storage, and marketing of natural gas; carbon capture and storage; and operation of a gas-to-liquids plant. Its Downstream segment refines crude oil into petroleum products; markets crude oil, refined products, and lubricants; manufactures and markets renewable fuels; transports crude oil and refined products through pipeline, marine vessel, motor equipment, and rail car; and manufactures and markets commodity petrochemicals, plastics for industrial uses, and fuel and lubricant additives. The All Other segment engages in cash management and debt financing; insurance; real estate; and technology activities. It has operations in North America, South America, Europe, Africa, Asia, and Australia. The company was formerly known as ChevronTexaco Corporation and changed its name to Chevron Corporation in May 2005. Chevron Corporation was founded in 1879 and is headquartered in Houston, Texas.",
  "website": "https://www.chevron.com",
  "employees": null,
  "target_high": 212.0,
  "target_low": 165.0,
  "target_mean": 183.45833,
  "target_median": 180.0,
  "recommendation": "buy",
  "num_analysts": 24,
  "income_stmt": {
    "2025-12-31T00:00:00": {
      "Tax Effect Of Unusual Items": null,
      "Tax Rate For Calcs": null,
      "Normalized EBITDA": null,
      "Net Income From Continuing Operation Net Minority Interest": null,
      "Reconciled Depreciation": null,
      "Reconciled Cost Of Revenue": null,
      "EBITDA": null,
      "EBIT": null,
      "Net Interest Income": null,
      "Interest Expense": null,
      "Normalized Income": null,
      "Net Income From Continuing And Discontinued Operation": null,
      "Total Expenses": null,
      "Diluted Average Shares": 1855637000.0,
      "Basic Average Shares": 1849217000.0,
      "Diluted EPS": 6.63,
      "Basic EPS": 6.65,
      "Diluted NI Availto Com Stockholders": null,
      "Net Income Common Stockholders": null,
      "Net Income": null,
      "Minority Interests": null,
      "Net Income Including Noncontrolling Interests": null,
      "Net Income Continuous Operations": null,
      "Tax Provision": null,
      "Pretax Income": null,
      "Other Income Expense": null,
      "Other Non Operating Income Expenses": null,
      "Earnings From Equity Interest": null,
      "Net Non Operating Interest Income Expense": null,
      "Interest Expense Non Operating": null,
      "Operating Income": null,
      "Operating Expense": null,
      "Other Operating Expenses": null,
      "Other Taxes": null,
      "Selling General And Administration": null,
      "Gross Profit": null,
      "Cost Of Revenue": null,
      "Total Revenue": null,
      "Operating Revenue": null
    },
    "2024-12-31T00:00:00": {
      "Tax Effect Of Unusual Items": 0.0,
      "Tax Rate For Calcs": 0.355,
      "Normalized EBITDA": 44725000000.0,
      "Net Income From Continuing Operation Net Minority Interest": 17661000000.0,
      "Reconciled Depreciation": 16625000000.0,
      "Reconciled Cost Of Revenue": 136488000000.0,
      "EBITDA": 44725000000.0,
      "EBIT": 28100000000.0,
      "Net Interest Income": -594000000.0,
      "Interest Expense": 594000000.0,
      "Normalized Income": 17661000000.0,
      "Net Income From Continuing And Discontinued Operation": 17661000000.0,
      "Total Expenses": 174497000000.0,
      "Diluted Average Shares": 1816602000.0,
      "Basic Average Shares": 1809583000.0,
      "Diluted EPS": 9.72,
      "Basic EPS": 9.76,
      "Diluted NI Availto Com Stockholders": 17661000000.0,
      "Net Income Common Stockholders": 17661000000.0,
      "Net Income": 17661000000.0,
      "Minority Interests": -88000000.0,
      "Net Income Including Noncontrolling Interests": 17749000000.0,
      "Net Income Continuous Operations": 17749000000.0,
      "Tax Provision": 9757000000.0,
      "Pretax Income": 27506000000.0,
      "Other Income Expense": 9183000000.0,
      "Other Non Operating Income Expenses": 4587000000.0,
      "Earnings From Equity Interest": 4596000000.0,
      "Net Non Operating Interest Income Expense": -594000000.0,
      "Interest Expense Non Operating": 594000000.0,
      "Operating Income": 18917000000.0,
      "Operating Expense": 38009000000.0,
      "Other Operating Expenses": 28459000000.0,
      "Other Taxes": 4716000000.0,
      "Selling General And Administration": 4834000000.0,
      "Gross Profit": 56926000000.0,
      "Cost Of Revenue": 136488000000.0,
      "Total Revenue": 193414000000.0,
      "Operating Revenue": 193414000000.0
    },
    "2023-12-31T00:00:00": {
      "Tax Effect Of Unusual Items": 0.0,
      "Tax Rate For Calcs": 0.276,
      "Normalized EBITDA": 45042000000.0,
      "Net Income From Continuing Operation Net Minority Interest": 21369000000.0,
      "Reconciled Depreciation": 14989000000.0,
      "Reconciled Cost Of Revenue": 136522000000.0,
      "EBITDA": 45042000000.0,
      "EBIT": 30053000000.0,
      "Net Interest Income": -469000000.0,
      "Interest Expense": 469000000.0,
      "Normalized Income": 21369000000.0,
      "Net Income From Continuing And Discontinued Operation": 21369000000.0,
      "Total Expenses": 170684000000.0,
      "Diluted Average Shares": 1880307000.0,
      "Basic Average Shares": 1872737000.0,
      "Diluted EPS": 11.36,
      "Basic EPS": 11.41,
      "Diluted NI Availto Com Stockholders": 21369000000.0,
      "Net Income Common Stockholders": 21369000000.0,
      "Net Income": 21369000000.0,
      "Minority Interests": -42000000.0,
      "Net Income Including Noncontrolling Interests": 21411000000.0,
      "Net Income Continuous Operations": 21411000000.0,
      "Tax Provision": 8173000000.0,
      "Pretax Income": 29584000000.0,
      "Other Income Expense": 3824000000.0,
      "Other Non Operating Income Expenses": -1307000000.0,
      "Earnings From Equity Interest": 5131000000.0,
      "Net Non Operating Interest Income Expense": -469000000.0,
      "Interest Expense Non Operating": 469000000.0,
      "Operating Income": 26229000000.0,
      "Operating Expense": 34162000000.0,
      "Other Operating Expenses": 25801000000.0,
      "Other Taxes": 4220000000.0,
      "Selling General And Administration": 4141000000.0,
      "Gross Profit": 60391000000.0,
      "Cost Of Revenue": 136522000000.0,
      "Total Revenue": 196913000000.0,
      "Operating Revenue": 196913000000.0
    },
    "2022-12-31T00:00:00": {
      "Tax Effect Of Unusual Items": 0.0,
      "Tax Rate For Calcs": 0.283,
      "Normalized EBITDA": 65485000000.0,
      "Net Income From Continuing Operation Net Minority Interest": 35465000000.0,
      "Reconciled Depreciation": 15295000000.0,
      "Reconciled Cost Of Revenue": 161735000000.0,
      "EBITDA": 65485000000.0,
      "EBIT": 50190000000.0,
      "Net Interest Income": -516000000.0,
      "Interest Expense": 516000000.0,
      "Normalized Income": 35465000000.0,
      "Net Income From Continuing And Discontinued Operation": 35465000000.0,
      "Total Expenses": 195767000000.0,
      "Diluted Average Shares": 1940277000.0,
      "Basic Average Shares": 1931486000.0,
      "Diluted EPS": 18.28,
      "Basic EPS": 18.36,
      "Diluted NI Availto Com Stockholders": 35465000000.0,
      "Net Income Common Stockholders": 35465000000.0,
      "Net Income": 35465000000.0,
      "Minority Interests": -143000000.0,
      "Net Income Including Noncontrolling Interests": 35608000000.0,
      "Net Income Continuous Operations": 35608000000.0,
      "Tax Provision": 14066000000.0,
      "Pretax Income": 49674000000.0,
      "Other Income Expense": 10240000000.0,
      "Other Non Operating Income Expenses": 1655000000.0,
      "Earnings From Equity Interest": 8585000000.0,
      "Net Non Operating Interest Income Expense": -516000000.0,
      "Interest Expense Non Operating": 516000000.0,
      "Operating Income": 39950000000.0,
      "Operating Expense": 34032000000.0,
      "Other Operating Expenses": 25688000000.0,
      "Other Taxes": 4032000000.0,
      "Selling General And Administration": 4312000000.0,
      "Gross Profit": 73982000000.0,
      "Cost Of Revenue": 161735000000.0,
      "Total Revenue": 235717000000.0,
      "Operating Revenue": 235717000000.0
    },
    "2021-12-31T00:00:00": {
      "Tax Effect Of Unusual Items": 0.0,
      "Tax Rate For Calcs": 0.275,
      "Normalized EBITDA": 39364000000.0,
      "Net Income From Continuing Operation Net Minority Interest": 15625000000.0,
      "Reconciled Depreciation": 17013000000.0,
      "Reconciled Cost Of Revenue": 110174000000.0,
      "EBITDA": 39364000000.0,
      "EBIT": 22351000000.0,
      "Net Interest Income": -712000000.0,
      "Interest Expense": 712000000.0,
      "Normalized Income": 15625000000.0,
      "Net Income From Continuing And Discontinued Operation": 15625000000.0,
      "Total Expenses": 139426000000.0,
      "Diluted Average Shares": null,
      "Basic Average Shares": null,
      "Diluted EPS": null,
      "Basic EPS": null,
      "Diluted NI Availto Com Stockholders": 15625000000.0,
      "Net Income Common Stockholders": 15625000000.0,
      "Net Income": 15625000000.0,
      "Minority Interests": -64000000.0,
      "Net Income Including Noncontrolling Interests": 15689000000.0,
      "Net Income Continuous Operations": 15689000000.0,
      "Tax Provision": 5950000000.0,
      "Pretax Income": 21639000000.0,
      "Other Income Expense": 6171000000.0,
      "Other Non Operating Income Expenses": 514000000.0,
      "Earnings From Equity Interest": 5657000000.0,
      "Net Non Operating Interest Income Expense": -712000000.0,
      "Interest Expense Non Operating": 712000000.0,
      "Operating Income": 16180000000.0,
      "Operating Expense": 29252000000.0,
      "Other Operating Expenses": 21275000000.0,
      "Other Taxes": 3963000000.0,
      "Selling General And Administration": 4014000000.0,
      "Gross Profit": 45432000000.0,
      "Cost Of Revenue": 110174000000.0,
      "Total Revenue": 155606000000.0,
      "Operating Revenue": 155606000000.0
    }
  },
  "quarterly_income": {
    "2025-12-31T00:00:00": {
      "Tax Effect Of Unusual Items": null,
      "Tax Rate For Calcs": null,
      "Normalized EBITDA": null,
      "Net Income From Continuing Operation Net Minority Interest": null,
      "Reconciled Depreciation": null,
      "Reconciled Cost Of Revenue": null,
      "EBITDA": null,
      "EBIT": null,
      "Net Interest Income": null,
      "Interest Expense": null,
      "Normalized Income": null,
      "Net Income From Continuing And Discontinued Operation": null,
      "Total Expenses": null,
      "Diluted Average Shares": 1996984000.0,
      "Basic Average Shares": 1990448000.0,
      "Diluted EPS": 1.39,
      "Basic EPS": 1.39,
      "Diluted NI Availto Com Stockholders": null,
      "Net Income Common Stockholders": null,
      "Net Income": null,
      "Minority Interests": null,
      "Net Income Including Noncontrolling Interests": null,
      "Net Income Continuous Operations": null,
      "Tax Provision": null,
      "Pretax Income": null,
      "Other Income Expense": null,
      "Other Non Operating Income Expenses": null,
      "Earnings From Equity Interest": null,
      "Net Non Operating Interest Income Expense": null,
      "Interest Expense Non Operating": null,
      "Operating Income": null,
      "Operating Expense": null,
      "Other Operating Expenses": null,
      "Other Taxes": null,
      "Selling General And Administration": null,
      "Gross Profit": null,
      "Cost Of Revenue": null,
      "Total Revenue": null,
      "Operating Revenue": null
    },
    "2025-09-30T00:00:00": {
      "Tax Effect Of Unusual Items": 0.0,
      "Tax Rate For Calcs": 0.332656,
      "Normalized EBITDA": 11633000000.0,
      "Net Income From Continuing Operation Net Minority Interest": 3539000000.0,
      "Reconciled Depreciation": 5849000000.0,
      "Reconciled Cost Of Revenue": 33179000000.0,
      "EBITDA": 11633000000.0,
      "EBIT": 5784000000.0,
      "Net Interest Income": -370000000.0,
      "Interest Expense": 370000000.0,
      "Normalized Income": 3539000000.0,
      "Net Income From Continuing And Discontinued Operation": 3539000000.0,
      "Total Expenses": 43872000000.0,
      "Diluted Average Shares": 1946035000.0,
      "Basic Average Shares": 1938922000.0,
      "Diluted EPS": 1.82,
      "Basic EPS": 1.83,
      "Diluted NI Availto Com Stockholders": 3539000000.0,
      "Net Income Common Stockholders": 3539000000.0,
      "Net Income": 3539000000.0,
      "Minority Interests": -74000000.0,
      "Net Income Including Noncontrolling Interests": 3613000000.0,
      "Net Income Continuous Operations": 3613000000.0,
      "Tax Provision": 1801000000.0,
      "Pretax Income": 5414000000.0,
      "Other Income Expense": 1487000000.0,
      "Other Non Operating Income Expenses": 506000000.0,
      "Earnings From Equity Interest": 981000000.0,
      "Net Non Operating Interest Income Expense": -370000000.0,
      "Interest Expense Non Operating": 370000000.0,
      "Operating Income": 4297000000.0,
      "Operating Expense": 10693000000.0,
      "Other Operating Expenses": 7822000000.0,
      "Other Taxes": 1347000000.0,
      "Selling General And Administration": 1524000000.0,
      "Gross Profit": 14990000000.0,
      "Cost Of Revenue": 33179000000.0,
      "Total Revenue": 48169000000.0,
      "Operating Revenue": 48169000000.0
    },
    "2025-06-30T00:00:00": {
      "Tax Effect Of Unusual Items": 0.0,
      "Tax Rate For Calcs": 0.39,
      "Normalized EBITDA": 8830000000.0,
      "Net Income From Continuing Operation Net Minority Interest": 2490000000.0,
      "Reconciled Depreciation": 4409000000.0,
      "Reconciled Cost Of Revenue": 31202000000.0,
      "EBITDA": 8830000000.0,
      "EBIT": 4421000000.0,
      "Net Interest Income": -274000000.0,
      "Interest Expense": 274000000.0,
      "Normalized Income": 2490000000.0,
      "Net Income From Continuing And Discontinued Operation": 2490000000.0,
      "Total Expenses": 40318000000.0,
      "Diluted Average Shares": 1724397000.0,
      "Basic Average Shares": 1719184000.0,
      "Diluted EPS": 1.45,
      "Basic EPS": 1.45,
      "Diluted NI Availto Com Stockholders": 2490000000.0,
      "Net Income Common Stockholders": 2490000000.0,
      "Net Income": 2490000000.0,
      "Minority Interests": -25000000.0,
      "Net Income Including Noncontrolling Interests": 2515000000.0,
      "Net Income Continuous Operations": 2515000000.0,
      "Tax Provision": 1632000000.0,
      "Pretax Income": 4147000000.0,
      "Other Income Expense": 364000000.0,
      "Other Non Operating Income Expenses": -172000000.0,
      "Earnings From Equity Interest": 536000000.0,
      "Net Non Operating Interest Income Expense": -274000000.0,
      "Interest Expense Non Operating": 274000000.0,
      "Operating Income": 4057000000.0,
      "Operating Expense": 9116000000.0,
      "Other Operating Expenses": 6926000000.0,
      "Other Taxes": 1301000000.0,
      "Selling General And Administration": 889000000.0,
      "Gross Profit": 13173000000.0,
      "Cost Of Revenue": 31202000000.0,
      "Total Revenue": 44375000000.0,
      "Operating Revenue": 44375000000.0
    },
    "2025-03-31T00:00:00": {
      "Tax Effect Of Unusual Items": 0.0,
      "Tax Rate For Calcs": 0.37,
      "Normalized EBITDA": 10030000000.0,
      "Net Income From Continuing Operation Net Minority Interest": 3500000000.0,
      "Reconciled Depreciation": 4235000000.0,
      "Reconciled Cost Of Revenue": 32733000000.0,
      "EBITDA": 10030000000.0,
      "EBIT": 5795000000.0,
      "Net Interest Income": -212000000.0,
      "Interest Expense": 212000000.0,
      "Normalized Income": 3500000000.0,
      "Net Income From Continuing And Discontinued Operation": 3500000000.0,
      "Total Expenses": 41804000000.0,
      "Diluted Average Shares": 1751441000.0,
      "Basic Average Shares": 1744628000.0,
      "Diluted EPS": 2.0,
      "Basic EPS": 2.01,
      "Diluted NI Availto Com Stockholders": 3500000000.0,
      "Net Income Common Stockholders": 3500000000.0,
      "Net Income": 3500000000.0,
      "Minority Interests": -12000000.0,
      "Net Income Including Noncontrolling Interests": 3512000000.0,
      "Net Income Continuous Operations": 3512000000.0,
      "Tax Provision": 2071000000.0,
      "Pretax Income": 5583000000.0,
      "Other Income Expense": 1498000000.0,
      "Other Non Operating Income Expenses": 678000000.0,
      "Earnings From Equity Interest": 820000000.0,
      "Net Non Operating Interest Income Expense": -212000000.0,
      "Interest Expense Non Operating": 212000000.0,
      "Operating Income": 4297000000.0,
      "Operating Expense": 9071000000.0,
      "Other Operating Expenses": 6595000000.0,
      "Other Taxes": 1255000000.0,
      "Selling General And Administration": 1221000000.0,
      "Gross Profit": 13368000000.0,
      "Cost Of Revenue": 32733000000.0,
      "Total Revenue": 46101000000.0,
      "Operating Revenue": 46101000000.0
    },
    "2024-12-31T00:00:00": {
      "Tax Effect Of Unusual Items": 0.0,
      "Tax Rate For Calcs": 0.21,
      "Normalized EBITDA": 10349000000.0,
      "Net Income From Continuing Operation Net Minority Interest": 3239000000.0,
      "Reconciled Depreciation": 4091000000.0,
      "Reconciled Cost Of Revenue": 35121000000.0,
      "EBITDA": 10349000000.0,
      "EBIT": 6258000000.0,
      "Net Interest Income": -199000000.0,
      "Interest Expense": 199000000.0,
      "Normalized Income": 3239000000.0,
      "Net Income From Continuing And Discontinued Operation": 3239000000.0,
      "Total Expenses": 45918000000.0,
      "Diluted Average Shares": 1777366000.0,
      "Basic Average Shares": 1770310000.0,
      "Diluted EPS": 1.84,
      "Basic EPS": 1.85,
      "Diluted NI Availto Com Stockholders": 3239000000.0,
      "Net Income Common Stockholders": 3239000000.0,
      "Net Income": 3239000000.0,
      "Minority Interests": -20000000.0,
      "Net Income Including Noncontrolling Interests": 3259000000.0,
      "Net Income Continuous Operations": 3259000000.0,
      "Tax Provision": 2800000000.0,
      "Pretax Income": 6059000000.0,
      "Other Income Expense": 3842000000.0,
      "Other Non Operating Income Expenses": 3154000000.0,
      "Earnings From Equity Interest": 688000000.0,
      "Net Non Operating Interest Income Expense": -199000000.0,
      "Interest Expense Non Operating": 199000000.0,
      "Operating Income": 2416000000.0,
      "Operating Expense": 10797000000.0,
      "Other Operating Expenses": 8071000000.0,
      "Other Taxes": 1141000000.0,
      "Selling General And Administration": 1585000000.0,
      "Gross Profit": 13213000000.0,
      "Cost Of Revenue": 35121000000.0,
      "Total Revenue": 48334000000.0,
      "Operating Revenue": 48334000000.0
    },
    "2024-09-30T00:00:00": {
      "Tax Effect Of Unusual Items": 0.0,
      "Tax Rate For Calcs": 0.307135,
      "Normalized EBITDA": 10883000000.0,
      "Net Income From Continuing Operation Net Minority Interest": 4487000000.0,
      "Reconciled Depreciation": 4230000000.0,
      "Reconciled Cost Of Revenue": 34664000000.0,
      "EBITDA": 10883000000.0,
      "EBIT": 6653000000.0,
      "Net Interest Income": -164000000.0,
      "Interest Expense": 164000000.0,
      "Normalized Income": 4487000000.0,
      "Net Income From Continuing And Discontinued Operation": 4487000000.0,
      "Total Expenses": 43967000000.0,
      "Diluted Average Shares": null,
      "Basic Average Shares": null,
      "Diluted EPS": null,
      "Basic EPS": null,
      "Diluted NI Availto Com Stockholders": 4487000000.0,
      "Net Income Common Stockholders": 4487000000.0,
      "Net Income": 4487000000.0,
      "Minority Interests": -9000000.0,
      "Net Income Including Noncontrolling Interests": 4496000000.0,
      "Net Income Continuous Operations": 4496000000.0,
      "Tax Provision": 1993000000.0,
      "Pretax Income": 6489000000.0,
      "Other Income Expense": 1694000000.0,
      "Other Non Operating Income Expenses": 433000000.0,
      "Earnings From Equity Interest": 1261000000.0,
      "Net Non Operating Interest Income Expense": -164000000.0,
      "Interest Expense Non Operating": 164000000.0,
      "Operating Income": 4959000000.0,
      "Operating Expense": 9303000000.0,
      "Other Operating Expenses": 6849000000.0,
      "Other Taxes": 1263000000.0,
      "Selling General And Administration": 1191000000.0,
      "Gross Profit": 14262000000.0,
      "Cost Of Revenue": 34664000000.0,
      "Total Revenue": 48926000000.0,
      "Operating Revenue": 48926000000.0
    }
  },
  "balance_sheet": {
    "2024-12-31T00:00:00": {
      "Treasury Shares Number": 673664306.0,
      "Ordinary Shares Number": 1769012274.0,
      "Share Issued": 2442676580.0,
      "Net Debt": 17156000000.0,
      "Total Debt": 24541000000.0,
      "Tangible Book Value": 147740000000.0,
      "Invested Capital": 176255000000.0,
      "Working Capital": 2353000000.0,
      "Net Tangible Assets": 147740000000.0,
      "Capital Lease Obligations": 604000000.0,
      "Common Stock Equity": 152318000000.0,
      "Total Capitalization": 171907000000.0,
      "Total Equity Gross Minority Interest": 153157000000.0,
      "Minority Interest": 839000000.0,
      "Stockholders Equity": 152318000000.0,
      "Gains Losses Not Affecting Retained Earnings": -3000000000.0,
      "Other Equity Adjustments": -14000000.0,
      "Foreign Currency Translation Adjustments": -259000000.0,
      "Minimum Pension Liabilities": -2708000000.0,
      "Unrealized Gain Loss": -19000000.0,
      "Treasury Stock": 74037000000.0,
      "Retained Earnings": 205852000000.0,
      "Additional Paid In Capital": 21671000000.0,
      "Capital Stock": 1832000000.0,
      "Common Stock": 1832000000.0,
      "Preferred Stock": 0.0,
      "Total Liabilities Net Minority Interest": 103781000000.0,
      "Total Non Current Liabilities Net Minority Interest": 65223000000.0,
      "Other Non Current Liabilities": 22094000000.0,
      "Employee Benefits": 3857000000.0,
      "Non Current Deferred Liabilities": 19137000000.0,
      "Non Current Deferred Revenue": null,
      "Non Current Deferred Taxes Liabilities": 19137000000.0,
      "Long Term Debt And Capital Lease Obligation": 20135000000.0,
      "Long Term Capital Lease Obligation": 546000000.0,
      "Long Term Debt": 19589000000.0,
      "Current Liabilities": 38558000000.0,
      "Current Debt And Capital Lease Obligation": 4406000000.0,
      "Current Capital Lease Obligation": 58000000.0,
      "Current Debt": 4348000000.0,
      "Other Current Borrowings": 4348000000.0,
      "Payables And Accrued Expenses": 34152000000.0,
      "Current Accrued Expenses": 8486000000.0,
      "Payables": 25666000000.0,
      "Total Tax Payable": 3587000000.0,
      "Income Tax Payable": 1872000000.0,
      "Accounts Payable": 22079000000.0,
      "Total Assets": 256938000000.0,
      "Total Non Current Assets": 216027000000.0,
      "Other Non Current Assets": 15335000000.0,
      "Non Current Deferred Assets": null,
      "Non Current Accounts Receivable": 877000000.0,
      "Investments And Advances": 47438000000.0,
      "Goodwill And Other Intangible Assets": 4578000000.0,
      "Goodwill": 4578000000.0,
      "Net PPE": 147799000000.0,
      "Accumulated Depreciation": -198134000000.0,
      "Gross PPE": 345933000000.0,
      "Current Assets": 40911000000.0,
      "Other Current Assets": 4368000000.0,
      "Prepaid Assets": null,
      "Inventory": 9074000000.0,
      "Finished Goods": 6992000000.0,
      "Raw Materials": 2082000000.0,
      "Receivables": 20684000000.0,
      "Accounts Receivable": 20684000000.0,
      "Allowance For Doubtful Accounts Receivable": -259000000.0,
      "Gross Accounts Receivable": 20943000000.0,
      "Cash Cash Equivalents And Short Term Investments": 6785000000.0,
      "Other Short Term Investments": 4000000.0,
      "Cash And Cash Equivalents": 6781000000.0
    },
    "2023-12-31T00:00:00": {
      "Treasury Shares Number": 591196776.0,
      "Ordinary Shares Number": 1851479804.0,
      "Share Issued": 2442676580.0,
      "Net Debt": 12024000000.0,
      "Total Debt": 20836000000.0,
      "Tangible Book Value": 156235000000.0,
      "Invested Capital": 181159000000.0,
      "Working Capital": 8870000000.0,
      "Net Tangible Assets": 156235000000.0,
      "Capital Lease Obligations": 634000000.0,
      "Common Stock Equity": 160957000000.0,
      "Total Capitalization": 180690000000.0,
      "Total Equity Gross Minority Interest": 161929000000.0,
      "Minority Interest": 972000000.0,
      "Stockholders Equity": 160957000000.0,
      "Gains Losses Not Affecting Retained Earnings": -3200000000.0,
      "Other Equity Adjustments": 5000000.0,
      "Foreign Currency Translation Adjustments": -192000000.0,
      "Minimum Pension Liabilities": -3002000000.0,
      "Unrealized Gain Loss": -11000000.0,
      "Treasury Stock": 59065000000.0,
      "Retained Earnings": 200025000000.0,
      "Additional Paid In Capital": 21365000000.0,
      "Capital Stock": 1832000000.0,
      "Common Stock": 1832000000.0,
      "Preferred Stock": 0.0,
      "Total Liabilities Net Minority Interest": 99703000000.0,
      "Total Non Current Liabilities Net Minority Interest": 67445000000.0,
      "Other Non Current Liabilities": 24226000000.0,
      "Employee Benefits": 4082000000.0,
      "Non Current Deferred Liabilities": 18830000000.0,
      "Non Current Deferred Revenue": null,
      "Non Current Deferred Taxes Liabilities": 18830000000.0,
      "Long Term Debt And Capital Lease Obligation": 20307000000.0,
      "Long Term Capital Lease Obligation": 574000000.0,
      "Long Term Debt": 19733000000.0,
      "Current Liabilities": 32258000000.0,
      "Current Debt And Capital Lease Obligation": 529000000.0,
      "Current Capital Lease Obligation": 60000000.0,
      "Current Debt": 469000000.0,
      "Other Current Borrowings": 469000000.0,
      "Payables And Accrued Expenses": 31729000000.0,
      "Current Accrued Expenses": 7655000000.0,
      "Payables": 24074000000.0,
      "Total Tax Payable": 3651000000.0,
      "Income Tax Payable": 1863000000.0,
      "Accounts Payable": 20423000000.0,
      "Total Assets": 261632000000.0,
      "Total Non Current Assets": 220504000000.0,
      "Other Non Current Assets": 14409000000.0,
      "Non Current Deferred Assets": null,
      "Non Current Accounts Receivable": 942000000.0,
      "Investments And Advances": 46812000000.0,
      "Goodwill And Other Intangible Assets": 4722000000.0,
      "Goodwill": 4722000000.0,
      "Net PPE": 153619000000.0,
      "Accumulated Depreciation": -192462000000.0,
      "Gross PPE": 346081000000.0,
      "Current Assets": 41128000000.0,
      "Other Current Assets": 4372000000.0,
      "Prepaid Assets": null,
      "Inventory": 8612000000.0,
      "Finished Goods": 6465000000.0,
      "Raw Materials": 2147000000.0,
      "Receivables": 19921000000.0,
      "Accounts Receivable": 19921000000.0,
      "Allowance For Doubtful Accounts Receivable": -301000000.0,
      "Gross Accounts Receivable": 20222000000.0,
      "Cash Cash Equivalents And Short Term Investments": 8223000000.0,
      "Other Short Term Investments": 45000000.0,
      "Cash And Cash Equivalents": 8178000000.0
    },
    "2022-12-31T00:00:00": {
      "Treasury Shares Number": 541628237.0,
      "Ordinary Shares Number": 1901048343.0,
      "Share Issued": 2442676580.0,
      "Net Debt": 5213000000.0,
      "Total Debt": 23339000000.0,
      "Tangible Book Value": 154560000000.0,
      "Invested Capital": 182173000000.0,
      "Working Capital": 16135000000.0,
      "Net Tangible Assets": 154560000000.0,
      "Capital Lease Obligations": 448000000.0,
      "Common Stock Equity": 159282000000.0,
      "Total Capitalization": 180254000000.0,
      "Total Equity Gross Minority Interest": 160242000000.0,
      "Minority Interest": 960000000.0,
      "Stockholders Equity": 159282000000.0,
      "Gains Losses Not Affecting Retained Earnings": -3038000000.0,
      "Other Equity Adjustments": -12000000.0,
      "Foreign Currency Translation Adjustments": -203000000.0,
      "Minimum Pension Liabilities": -2811000000.0,
      "Unrealized Gain Loss": -12000000.0,
      "Treasury Stock": 48196000000.0,
      "Retained Earnings": 190024000000.0,
      "Additional Paid In Capital": 18660000000.0,
      "Capital Stock": 1832000000.0,
      "Common Stock": 1832000000.0,
      "Preferred Stock": 0.0,
      "Total Liabilities Net Minority Interest": 97467000000.0,
      "Total Non Current Liabilities Net Minority Interest": 63259000000.0,
      "Other Non Current Liabilities": 20396000000.0,
      "Employee Benefits": 4357000000.0,
      "Non Current Deferred Liabilities": 17131000000.0,
      "Non Current Deferred Revenue": 20396000000.0,
      "Non Current Deferred Taxes Liabilities": 17131000000.0,
      "Long Term Debt And Capital Lease Obligation": 21375000000.0,
      "Long Term Capital Lease Obligation": 403000000.0,
      "Long Term Debt": 20972000000.0,
      "Current Liabilities": 34208000000.0,
      "Current Debt And Capital Lease Obligation": 1964000000.0,
      "Current Capital Lease Obligation": 45000000.0,
      "Current Debt": 1919000000.0,
      "Other Current Borrowings": 1919000000.0,
      "Payables And Accrued Expenses": 32244000000.0,
      "Current Accrued Expenses": 7486000000.0,
      "Payables": 24758000000.0,
      "Total Tax Payable": 5803000000.0,
      "Income Tax Payable": 4381000000.0,
      "Accounts Payable": 18955000000.0,
      "Total Assets": 257709000000.0,
      "Total Non Current Assets": 207366000000.0,
      "Other Non Current Assets": 12746000000.0,
      "Non Current Deferred Assets": 12310000000.0,
      "Non Current Accounts Receivable": 1069000000.0,
      "Investments And Advances": 45238000000.0,
      "Goodwill And Other Intangible Assets": 4722000000.0,
      "Goodwill": 4722000000.0,
      "Net PPE": 143591000000.0,
      "Accumulated Depreciation": -184194000000.0,
      "Gross PPE": 327785000000.0,
      "Current Assets": 50343000000.0,
      "Other Current Assets": 3739000000.0,
      "Prepaid Assets": 3739000000.0,
      "Inventory": 8247000000.0,
      "Finished Goods": 6381000000.0,
      "Raw Materials": 1866000000.0,
      "Receivables": 20456000000.0,
      "Accounts Receivable": 20456000000.0,
      "Allowance For Doubtful Accounts Receivable": -457000000.0,
      "Gross Accounts Receivable": 20913000000.0,
      "Cash Cash Equivalents And Short Term Investments": 17901000000.0,
      "Other Short Term Investments": 223000000.0,
      "Cash And Cash Equivalents": 17678000000.0
    },
    "2021-12-31T00:00:00": {
      "Treasury Shares Number": 527038523.0,
      "Ordinary Shares Number": 1915638057.0,
      "Share Issued": 2442676580.0,
      "Net Debt": 25232000000.0,
      "Total Debt": 31369000000.0,
      "Tangible Book Value": 134682000000.0,
      "Invested Capital": 169939000000.0,
      "Working Capital": 6947000000.0,
      "Net Tangible Assets": 134682000000.0,
      "Capital Lease Obligations": 497000000.0,
      "Common Stock Equity": 139067000000.0,
      "Total Capitalization": 169731000000.0,
      "Total Equity Gross Minority Interest": 139940000000.0,
      "Minority Interest": 873000000.0,
      "Stockholders Equity": 139067000000.0,
      "Gains Losses Not Affecting Retained Earnings": -4129000000.0,
      "Other Equity Adjustments": -3889000000.0,
      "Foreign Currency Translation Adjustments": -162000000.0,
      "Minimum Pension Liabilities": -3956000000.0,
      "Unrealized Gain Loss": -11000000.0,
      "Treasury Stock": 41464000000.0,
      "Retained Earnings": 165546000000.0,
      "Additional Paid In Capital": 17282000000.0,
      "Capital Stock": 1832000000.0,
      "Common Stock": 1832000000.0,
      "Preferred Stock": 0.0,
      "Total Liabilities Net Minority Interest": 99595000000.0,
      "Total Non Current Liabilities Net Minority Interest": 72804000000.0,
      "Other Non Current Liabilities": 20778000000.0,
      "Employee Benefits": 6248000000.0,
      "Non Current Deferred Liabilities": 14665000000.0,
      "Non Current Deferred Revenue": 20778000000.0,
      "Non Current Deferred Taxes Liabilities": 14665000000.0,
      "Long Term Debt And Capital Lease Obligation": 31113000000.0,
      "Long Term Capital Lease Obligation": 449000000.0,
      "Long Term Debt": 30664000000.0,
      "Current Liabilities": 26791000000.0,
      "Current Debt And Capital Lease Obligation": 256000000.0,
      "Current Capital Lease Obligation": 48000000.0,
      "Current Debt": 208000000.0,
      "Other Current Borrowings": 208000000.0,
      "Payables And Accrued Expenses": 26535000000.0,
      "Current Accrued Expenses": 6972000000.0,
      "Payables": 19563000000.0,
      "Total Tax Payable": 3109000000.0,
      "Income Tax Payable": 1700000000.0,
      "Accounts Payable": 16454000000.0,
      "Total Assets": 239535000000.0,
      "Total Non Current Assets": 205797000000.0,
      "Other Non Current Assets": 13152000000.0,
      "Non Current Deferred Assets": 12384000000.0,
      "Non Current Accounts Receivable": 603000000.0,
      "Investments And Advances": 40696000000.0,
      "Goodwill And Other Intangible Assets": 4385000000.0,
      "Goodwill": 4385000000.0,
      "Net PPE": 146961000000.0,
      "Accumulated Depreciation": -189084000000.0,
      "Gross PPE": 336045000000.0,
      "Current Assets": 33738000000.0,
      "Other Current Assets": 2849000000.0,
      "Prepaid Assets": 2849000000.0,
      "Inventory": 6795000000.0,
      "Finished Goods": 4813000000.0,
      "Raw Materials": 1982000000.0,
      "Receivables": 18419000000.0,
      "Accounts Receivable": 18419000000.0,
      "Allowance For Doubtful Accounts Receivable": -303000000.0,
      "Gross Accounts Receivable": 18722000000.0,
      "Cash Cash Equivalents And Short Term Investments": 5675000000.0,
      "Other Short Term Investments": 35000000.0,
      "Cash And Cash Equivalents": 5640000000.0
    }
  },
  "cashflow": {
    "2024-12-31T00:00:00": {
      "Free Cash Flow": 15044000000.0,
      "Repurchase Of Capital Stock": -15229000000.0,
      "Repayment Of Debt": -2618000000.0,
      "Issuance Of Debt": 6186000000.0,
      "Capital Expenditure": -16448000000.0,
      "Interest Paid Supplemental Data": 587000000.0,
      "Income Tax Paid Supplemental Data": 8458000000.0,
      "End Cash Position": 8262000000.0,
      "Beginning Cash Position": 9275000000.0,
      "Effect Of Exchange Rate Changes": -97000000.0,
      "Changes In Cash": -916000000.0,
      "Financing Cash Flow": -23472000000.0,
      "Cash Flow From Continuing Financing Activities": -23472000000.0,
      "Net Other Financing Charges": -340000000.0,
      "Proceeds From Stock Option Exercised": 330000000.0,
      "Cash Dividends Paid": -11801000000.0,
      "Common Stock Dividend Paid": -11801000000.0,
      "Net Common Stock Issuance": -15229000000.0,
      "Common Stock Payments": -15229000000.0,
      "Net Issuance Payments Of Debt": 3568000000.0,
      "Net Short Term Debt Issuance": 4868000000.0,
      "Short Term Debt Payments": -840000000.0,
      "Short Term Debt Issuance": 5708000000.0,
      "Net Long Term Debt Issuance": -1300000000.0,
      "Long Term Debt Payments": -1778000000.0,
      "Long Term Debt Issuance": 478000000.0,
      "Investing Cash Flow": -8936000000.0,
      "Cash Flow From Continuing Investing Activities": -8936000000.0,
      "Net Other Investing Changes": 7276000000.0,
      "Net Investment Purchase And Sale": 41000000.0,
      "Sale Of Investment": 47000000.0,
      "Purchase Of Investment": -6000000.0,
      "Net Business Purchase And Sale": 195000000.0,
      "Sale Of Business": 195000000.0,
      "Purchase Of Business": 0.0,
      "Capital Expenditure Reported": -16448000000.0,
      "Operating Cash Flow": 31492000000.0,
      "Cash Flow From Continuing Operating Activities": 31492000000.0,
      "Dividend Received Cfo": 4230000000.0,
      "Change In Working Capital": 100000000.0,
      "Change In Other Working Capital": -1225000000.0,
      "Change In Payables And Accrued Expense": 2733000000.0,
      "Change In Payable": 2733000000.0,
      "Change In Account Payable": 2569000000.0,
      "Change In Tax Payable": 164000000.0,
      "Change In Income Tax Payable": 164000000.0,
      "Change In Prepaid Assets": -16000000.0,
      "Change In Inventory": -574000000.0,
      "Change In Receivables": -818000000.0,
      "Changes In Account Receivables": -932000000.0,
      "Other Non Cash Items": -3727000000.0,
      "Asset Impairment Charge": 500000000.0,
      "Deferred Tax": 1240000000.0,
      "Deferred Income Tax": 1240000000.0,
      "Depreciation Amortization Depletion": 16625000000.0,
      "Depletion": 429000000.0,
      "Depreciation And Amortization": 16196000000.0,
      "Depreciation": 16196000000.0,
      "Operating Gains Losses": -5225000000.0,
      "Earnings Losses From Equity Investments": -4596000000.0,
      "Gain Loss On Investment Securities": null,
      "Net Foreign Currency Exchange Gain Loss": -629000000.0,
      "Net Income From Continuing Operations": 17749000000.0
    },
    "2023-12-31T00:00:00": {
      "Free Cash Flow": 19780000000.0,
      "Repurchase Of Capital Stock": -14939000000.0,
      "Repayment Of Debt": -4340000000.0,
      "Issuance Of Debt": 285000000.0,
      "Capital Expenditure": -15829000000.0,
      "Interest Paid Supplemental Data": 465000000.0,
      "Income Tax Paid Supplemental Data": 10416000000.0,
      "End Cash Position": 9275000000.0,
      "Beginning Cash Position": 19121000000.0,
      "Effect Of Exchange Rate Changes": -114000000.0,
      "Changes In Cash": -9732000000.0,
      "Financing Cash Flow": -30109000000.0,
      "Cash Flow From Continuing Financing Activities": -30109000000.0,
      "Net Other Financing Charges": -40000000.0,
      "Proceeds From Stock Option Exercised": 261000000.0,
      "Cash Dividends Paid": -11336000000.0,
      "Common Stock Dividend Paid": -11336000000.0,
      "Net Common Stock Issuance": -14939000000.0,
      "Common Stock Payments": -14939000000.0,
      "Net Issuance Payments Of Debt": -4055000000.0,
      "Net Short Term Debt Issuance": 135000000.0,
      "Short Term Debt Payments": 0.0,
      "Short Term Debt Issuance": 135000000.0,
      "Net Long Term Debt Issuance": -4190000000.0,
      "Long Term Debt Payments": -4340000000.0,
      "Long Term Debt Issuance": 150000000.0,
      "Investing Cash Flow": -15232000000.0,
      "Cash Flow From Continuing Investing Activities": -15232000000.0,
      "Net Other Investing Changes": 144000000.0,
      "Net Investment Purchase And Sale": 175000000.0,
      "Sale Of Investment": 464000000.0,
      "Purchase Of Investment": -289000000.0,
      "Net Business Purchase And Sale": 278000000.0,
      "Sale Of Business": 278000000.0,
      "Purchase Of Business": null,
      "Capital Expenditure Reported": -15829000000.0,
      "Operating Cash Flow": 35609000000.0,
      "Cash Flow From Continuing Operating Activities": 35609000000.0,
      "Dividend Received Cfo": 4246000000.0,
      "Change In Working Capital": -3335000000.0,
      "Change In Other Working Capital": -300000000.0,
      "Change In Payables And Accrued Expense": -2850000000.0,
      "Change In Payable": -2850000000.0,
      "Change In Account Payable": -49000000.0,
      "Change In Tax Payable": -2801000000.0,
      "Change In Income Tax Payable": -2801000000.0,
      "Change In Prepaid Assets": -1202000000.0,
      "Change In Inventory": -320000000.0,
      "Change In Receivables": 1337000000.0,
      "Changes In Account Receivables": 1187000000.0,
      "Other Non Cash Items": 373000000.0,
      "Asset Impairment Charge": 2180000000.0,
      "Deferred Tax": 298000000.0,
      "Deferred Income Tax": 298000000.0,
      "Depreciation Amortization Depletion": 14989000000.0,
      "Depletion": 436000000.0,
      "Depreciation And Amortization": 14553000000.0,
      "Depreciation": 14553000000.0,
      "Operating Gains Losses": -4553000000.0,
      "Earnings Losses From Equity Investments": -5131000000.0,
      "Gain Loss On Investment Securities": null,
      "Net Foreign Currency Exchange Gain Loss": 578000000.0,
      "Net Income From Continuing Operations": 21411000000.0
    },
    "2022-12-31T00:00:00": {
      "Free Cash Flow": 37628000000.0,
      "Repurchase Of Capital Stock": -11255000000.0,
      "Repayment Of Debt": -8742000000.0,
      "Issuance Of Debt": 263000000.0,
      "Capital Expenditure": -11974000000.0,
      "Interest Paid Supplemental Data": 525000000.0,
      "Income Tax Paid Supplemental Data": 9148000000.0,
      "End Cash Position": 19121000000.0,
      "Beginning Cash Position": 6795000000.0,
      "Effect Of Exchange Rate Changes": -190000000.0,
      "Changes In Cash": 12516000000.0,
      "Financing Cash Flow": -24978000000.0,
      "Cash Flow From Continuing Financing Activities": -24978000000.0,
      "Net Other Financing Charges": -114000000.0,
      "Proceeds From Stock Option Exercised": 5838000000.0,
      "Cash Dividends Paid": -10968000000.0,
      "Common Stock Dividend Paid": -10968000000.0,
      "Net Common Stock Issuance": -11255000000.0,
      "Common Stock Payments": -11255000000.0,
      "Net Issuance Payments Of Debt": -8479000000.0,
      "Net Short Term Debt Issuance": 263000000.0,
      "Short Term Debt Payments": 0.0,
      "Short Term Debt Issuance": 263000000.0,
      "Net Long Term Debt Issuance": -8742000000.0,
      "Long Term Debt Payments": -8742000000.0,
      "Long Term Debt Issuance": 0.0,
      "Investing Cash Flow": -12108000000.0,
      "Cash Flow From Continuing Investing Activities": -12108000000.0,
      "Net Other Investing Changes": 1411000000.0,
      "Net Investment Purchase And Sale": 117000000.0,
      "Sale Of Investment": 124000000.0,
      "Purchase Of Investment": -7000000.0,
      "Net Business Purchase And Sale": -1662000000.0,
      "Sale Of Business": 1200000000.0,
      "Purchase Of Business": -2862000000.0,
      "Capital Expenditure Reported": -11974000000.0,
      "Operating Cash Flow": 49602000000.0,
      "Cash Flow From Continuing Operating Activities": 49602000000.0,
      "Dividend Received Cfo": 3855000000.0,
      "Change In Working Capital": 2066000000.0,
      "Change In Other Working Capital": -212000000.0,
      "Change In Payables And Accrued Expense": 5598000000.0,
      "Change In Payable": 5598000000.0,
      "Change In Account Payable": 2750000000.0,
      "Change In Tax Payable": 2848000000.0,
      "Change In Income Tax Payable": 2848000000.0,
      "Change In Prepaid Assets": -226000000.0,
      "Change In Inventory": -930000000.0,
      "Change In Receivables": -2164000000.0,
      "Changes In Account Receivables": -2317000000.0,
      "Other Non Cash Items": -1299000000.0,
      "Asset Impairment Charge": 950000000.0,
      "Deferred Tax": 2124000000.0,
      "Deferred Income Tax": 2124000000.0,
      "Depreciation Amortization Depletion": 15295000000.0,
      "Depletion": 486000000.0,
      "Depreciation And Amortization": 14809000000.0,
      "Depreciation": 14809000000.0,
      "Operating Gains Losses": -8997000000.0,
      "Earnings Losses From Equity Investments": -8585000000.0,
      "Gain Loss On Investment Securities": 3855000000.0,
      "Net Foreign Currency Exchange Gain Loss": -412000000.0,
      "Net Income From Continuing Operations": 35608000000.0
    },
    "2021-12-31T00:00:00": {
      "Free Cash Flow": 21131000000.0,
      "Repurchase Of Capital Stock": -1383000000.0,
      "Repayment Of Debt": -17384000000.0,
      "Issuance Of Debt": 4448000000.0,
      "Capital Expenditure": -8056000000.0,
      "Interest Paid Supplemental Data": 699000000.0,
      "Income Tax Paid Supplemental Data": 4355000000.0,
      "End Cash Position": 6795000000.0,
      "Beginning Cash Position": 6737000000.0,
      "Effect Of Exchange Rate Changes": -151000000.0,
      "Changes In Cash": 209000000.0,
      "Financing Cash Flow": -23113000000.0,
      "Cash Flow From Continuing Financing Activities": -23113000000.0,
      "Net Other Financing Charges": -36000000.0,
      "Proceeds From Stock Option Exercised": 1421000000.0,
      "Cash Dividends Paid": -10179000000.0,
      "Common Stock Dividend Paid": -10179000000.0,
      "Net Common Stock Issuance": -1383000000.0,
      "Common Stock Payments": -1383000000.0,
      "Net Issuance Payments Of Debt": -12936000000.0,
      "Net Short Term Debt Issuance": -5572000000.0,
      "Short Term Debt Payments": -10020000000.0,
      "Short Term Debt Issuance": 4448000000.0,
      "Net Long Term Debt Issuance": -7364000000.0,
      "Long Term Debt Payments": -7364000000.0,
      "Long Term Debt Issuance": 0.0,
      "Investing Cash Flow": -5865000000.0,
      "Cash Flow From Continuing Investing Activities": -5865000000.0,
      "Net Other Investing Changes": 1753000000.0,
      "Net Investment Purchase And Sale": -1000000.0,
      "Sale Of Investment": 3000000.0,
      "Purchase Of Investment": -4000000.0,
      "Net Business Purchase And Sale": 439000000.0,
      "Sale Of Business": 439000000.0,
      "Purchase Of Business": 0.0,
      "Capital Expenditure Reported": -8056000000.0,
      "Operating Cash Flow": 29187000000.0,
      "Cash Flow From Continuing Operating Activities": 29187000000.0,
      "Dividend Received Cfo": 3659000000.0,
      "Change In Working Capital": -1660000000.0,
      "Change In Other Working Capital": -320000000.0,
      "Change In Payables And Accrued Expense": 6698000000.0,
      "Change In Payable": 6698000000.0,
      "Change In Account Payable": 5475000000.0,
      "Change In Tax Payable": 1223000000.0,
      "Change In Income Tax Payable": 1223000000.0,
      "Change In Prepaid Assets": 19000000.0,
      "Change In Inventory": -530000000.0,
      "Change In Receivables": -7527000000.0,
      "Changes In Account Receivables": -7548000000.0,
      "Other Non Cash Items": -964000000.0,
      "Asset Impairment Charge": 414000000.0,
      "Deferred Tax": 700000000.0,
      "Deferred Income Tax": 700000000.0,
      "Depreciation Amortization Depletion": 17013000000.0,
      "Depletion": 118000000.0,
      "Depreciation And Amortization": 16895000000.0,
      "Depreciation": 16895000000.0,
      "Operating Gains Losses": -5664000000.0,
      "Earnings Losses From Equity Investments": -5657000000.0,
      "Gain Loss On Investment Securities": 3659000000.0,
      "Net Foreign Currency Exchange Gain Loss": -7000000.0,
      "Net Income From Continuing Operations": 15689000000.0
    }
  },
  "earnings_estimate": {
    "avg": {
      "0q": 1.5006,
      "+1q": 1.66111,
      "0y": 6.79117,
      "+1y": 9.1564
    },
    "low": {
      "0q": 1.01,
      "+1q": 1.27,
      "0y": 4.7,
      "+1y": 6.19
    },
    "high": {
      "0q": 1.79,
      "+1q": 2.0,
      "0y": 8.11,
      "+1y": 12.61
    },
    "yearAgoEps": {
      "0q": 2.18,
      "+1q": 1.77,
      "0y": 7.29,
      "+1y": 6.79117
    },
    "numberOfAnalysts": {
      "0q": 16,
      "+1q": 16,
      "0y": 25,
      "+1y": 23
    },
    "growth": {
      "0q": -0.3117,
      "+1q": -0.0615,
      "0y": -0.0684,
      "+1y": 0.3483
    }
  },
  "revenue_estimate": {
    "avg": {
      "0q": 46696217960,
      "+1q": 47785463580,
      "0y": 184209208630,
      "+1y": 190825371480
    },
    "low": {
      "0q": 42202638000,
      "+1q": 42202638000,
      "0y": 162187000000,
      "+1y": 168323769210
    },
    "high": {
      "0q": 51121000000,
      "+1q": 54998000000,
      "0y": 204622241050,
      "+1y": 219040000000
    },
    "numberOfAnalysts": {
      "0q": 8,
      "+1q": 8,
      "0y": 12,
      "+1y": 12
    },
    "yearAgoRevenue": {
      "0q": 47610000000,
      "+1q": 44822000000,
      "0y": 189031000000,
      "+1y": 184209208630
    },
    "growth": {
      "0q": -0.019199999,
      "+1q": 0.0661,
      "0y": -0.0255,
      "+1y": 0.0359
    }
  },
  "growth_estimates": {
    "stockTrend": {
      "0q": -0.3117,
      "+1q": -0.0615,
      "0y": -0.0684,
      "+1y": 0.3483,
      "LTG": null
    },
    "indexTrend": {
      "0q": 0.1273,
      "+1q": 0.103599995,
      "0y": 0.14310001,
      "+1y": 0.1557,
      "LTG": 0.122
    }
  },
  "revenue_forecasts": null,
  "dividend_rate": 7.12,
  "trailing_dividend_rate": 6.84
}