{
  "ticker": "DB1.DE",
  "name": "Deutsche Börse",
  "country": "germany",
  "currency": "EUR",
  "last_fetched": "2026-02-26T20:48:00.819371",
  "market_cap": 41511419904,
  "revenue": 7379999744,
  "net_income": 1995000064,
  "pe_ratio": 20.76077,
  "forward_pe": 17.81771,
  "dividend_yield": 1.92,
  "profit_margin": 0.27033,
  "roe": 0.18225999,
  "debt_to_equity": 46.775,
  "beta": 0.355,
  "ev_to_ebitda": 13.781,
  "sector": "Financial Services",
  "industry": "Financial Data & Stock Exchanges",
  "summary": "Deutsche Börse AG operates as an international exchange organization in Germany, rest of Europe, the United States, and the Asia-Pacific. It operates through four segments: Investment Management Solutions; Trading & Clearing; Fund Services; and Securities Services. The company offers investment management solutions that include indices and research, such as ISS solutions, STOXX and DAX indices, index licensing, customized indices, and index calculation services; software and analytics services; pre-IPO and listing, including market structure, growth financing, going and being public, private market, and statistics/circulars; and cash, spot, and derivatives market and foreign exchange services, as well as real time market data, analytics, historical market data, and reference data. It also operates in the cash market through Xetra, Börse Frankfurt, and Tradegate trading venues; and offers Eurex and European commodity clearing services. In addition, the company offers securities services, including issuance of securities, settlement, and asset services; clearstream fund centre, which provides fund processing services; and Kneip that provides fund data management and reporting solutions for the asset management industry. Further, it engages in the operation of third clearing house Nodal Clear; and specialized software as a service platform for trading participants; and API platform, as well as provision of information technology solutions, including financial market, commodities market, and network connectivity solutions under the Deutsche Börse and 7 Market Technology brands. The company was founded in 1585 and is headquartered in Frankfurt am Main, Germany.",
  "website": "https://deutsche-boerse.com/dbg-de/",
  "employees": null,
  "target_high": 300.0,
  "target_low": 210.0,
  "target_mean": 260.53845,
  "target_median": 255.0,
  "recommendation": "hold",
  "num_analysts": 13,
  "income_stmt": {
    "2025-12-31T00:00:00": {
      "Tax Effect Of Unusual Items": null,
      "Tax Rate For Calcs": null,
      "Normalized EBITDA": null,
      "Total Unusual Items": null,
      "Total Unusual Items Excluding Goodwill": null,
      "Net Income From Continuing Operation Net Minority Interest": null,
      "Reconciled Depreciation": null,
      "Reconciled Cost Of Revenue": null,
      "EBITDA": null,
      "EBIT": null,
      "Net Interest Income": null,
      "Interest Expense": null,
      "Interest Income": null,
      "Normalized Income": null,
      "Net Income From Continuing And Discontinued Operation": null,
      "Total Expenses": null,
      "Rent Expense Supplemental": null,
      "Diluted Average Shares": 183100000.0,
      "Basic Average Shares": 183100000.0,
      "Diluted EPS": 10.9,
      "Basic EPS": 10.9,
      "Diluted NI Availto Com Stockholders": null,
      "Net Income Common Stockholders": null,
      "Otherunder Preferred Stock Dividend": null,
      "Net Income": null,
      "Minority Interests": null,
      "Net Income Including Noncontrolling Interests": null,
      "Net Income Continuous Operations": null,
      "Tax Provision": null,
      "Pretax Income": null,
      "Other Non Operating Income Expenses": null,
      "Special Income Charges": null,
      "Other Special Charges": null,
      "Write Off": null,
      "Net Non Operating Interest Income Expense": null,
      "Total Other Finance Cost": null,
      "Interest Expense Non Operating": null,
      "Interest Income Non Operating": null,
      "Operating Income": null,
      "Operating Expense": null,
      "Other Operating Expenses": null,
      "Depreciation And Amortization In Income Statement": null,
      "Depreciation Income Statement": null,
      "Selling General And Administration": null,
      "Selling And Marketing Expense": null,
      "General And Administrative Expense": null,
      "Rent And Landing Fees": null,
      "Gross Profit": null,
      "Cost Of Revenue": null,
      "Total Revenue": null,
      "Operating Revenue": null
    },
    "2024-12-31T00:00:00": {
      "Tax Effect Of Unusual Items": 6400500.0,
      "Tax Rate For Calcs": 0.255,
      "Normalized EBITDA": 3399200000.0,
      "Total Unusual Items": 25100000.0,
      "Total Unusual Items Excluding Goodwill": 25100000.0,
      "Net Income From Continuing Operation Net Minority Interest": 1948500000.0,
      "Reconciled Depreciation": 495800000.0,
      "Reconciled Cost Of Revenue": 2925600000.0,
      "EBITDA": 3424300000.0,
      "EBIT": 2928500000.0,
      "Net Interest Income": -141600000.0,
      "Interest Expense": 183300000.0,
      "Interest Income": 50400000.0,
      "Normalized Income": 1929800500.0,
      "Net Income From Continuing And Discontinued Operation": 1948500000.0,
      "Total Expenses": 4157800000.0,
      "Rent Expense Supplemental": 54000000.0,
      "Diluted Average Shares": 184226044.0,
      "Basic Average Shares": 183819548.0,
      "Diluted EPS": 10.58,
      "Basic EPS": 10.6,
      "Diluted NI Availto Com Stockholders": 1948500000.0,
      "Net Income Common Stockholders": 1948500000.0,
      "Otherunder Preferred Stock Dividend": 0.0,
      "Net Income": 1948500000.0,
      "Minority Interests": -97900000.0,
      "Net Income Including Noncontrolling Interests": 2046300000.0,
      "Net Income Continuous Operations": 2046300000.0,
      "Tax Provision": 698900000.0,
      "Pretax Income": 2745200000.0,
      "Other Non Operating Income Expenses": null,
      "Special Income Charges": 3100000.0,
      "Other Special Charges": null,
      "Write Off": -3100000.0,
      "Net Non Operating Interest Income Expense": -141600000.0,
      "Total Other Finance Cost": 8700000.0,
      "Interest Expense Non Operating": 183300000.0,
      "Interest Income Non Operating": 50400000.0,
      "Operating Income": 2865600000.0,
      "Operating Expense": 1232200000.0,
      "Other Operating Expenses": 145500000.0,
      "Depreciation And Amortization In Income Statement": 495800000.0,
      "Depreciation Income Statement": 495800000.0,
      "Selling General And Administration": 64900000.0,
      "Selling And Marketing Expense": 35500000.0,
      "General And Administrative Expense": 29400000.0,
      "Rent And Landing Fees": 54000000.0,
      "Gross Profit": 4097800000.0,
      "Cost Of Revenue": 2925600000.0,
      "Total Revenue": 7023400000.0,
      "Operating Revenue": 7023400000.0
    },
    "2023-12-31T00:00:00": {
      "Tax Effect Of Unusual Items": 1415682.35582,
      "Tax Rate For Calcs": 0.26711,
      "Normalized EBITDA": 2978600000.0,
      "Total Unusual Items": 5300000.0,
      "Total Unusual Items Excluding Goodwill": 5300000.0,
      "Net Income From Continuing Operation Net Minority Interest": 1724000000.0,
      "Reconciled Depreciation": 418500000.0,
      "Reconciled Cost Of Revenue": 2489000000.0,
      "EBITDA": 2983900000.0,
      "EBIT": 2565400000.0,
      "Net Interest Income": -77700000.0,
      "Interest Expense": 113600000.0,
      "Interest Income": 43000000.0,
      "Normalized Income": 1720115682.35582,
      "Net Income From Continuing And Discontinued Operation": 1724000000.0,
      "Total Expenses": 3558500000.0,
      "Rent Expense Supplemental": 50800000.0,
      "Diluted Average Shares": 184589068.0,
      "Basic Average Shares": 184298877.0,
      "Diluted EPS": 9.34,
      "Basic EPS": 9.35,
      "Diluted NI Availto Com Stockholders": 1724000000.0,
      "Net Income Common Stockholders": 1724000000.0,
      "Otherunder Preferred Stock Dividend": 0.0,
      "Net Income": 1724000000.0,
      "Minority Interests": -72800000.0,
      "Net Income Including Noncontrolling Interests": 1796800000.0,
      "Net Income Continuous Operations": 1796900000.0,
      "Tax Provision": 654900000.0,
      "Pretax Income": 2451800000.0,
      "Other Non Operating Income Expenses": 1200000.0,
      "Special Income Charges": 2000000.0,
      "Other Special Charges": null,
      "Write Off": -2000000.0,
      "Net Non Operating Interest Income Expense": -77700000.0,
      "Total Other Finance Cost": 7100000.0,
      "Interest Expense Non Operating": 113600000.0,
      "Interest Income Non Operating": 43000000.0,
      "Operating Income": 2537600000.0,
      "Operating Expense": 1069500000.0,
      "Other Operating Expenses": 135500000.0,
      "Depreciation And Amortization In Income Statement": 418500000.0,
      "Depreciation Income Statement": 418500000.0,
      "Selling General And Administration": 59300000.0,
      "Selling And Marketing Expense": 28300000.0,
      "General And Administrative Expense": 31000000.0,
      "Rent And Landing Fees": 50800000.0,
      "Gross Profit": 3607100000.0,
      "Cost Of Revenue": 2489000000.0,
      "Total Revenue": 6096100000.0,
      "Operating Revenue": 6096100000.0
    },
    "2022-12-31T00:00:00": {
      "Tax Effect Of Unusual Items": 2347800.0,
      "Tax Rate For Calcs": 0.258,
      "Normalized EBITDA": 2536700000.0,
      "Total Unusual Items": 9100000.0,
      "Total Unusual Items Excluding Goodwill": 9100000.0,
      "Net Income From Continuing Operation Net Minority Interest": 1494400000.0,
      "Reconciled Depreciation": 355600000.0,
      "Reconciled Cost Of Revenue": 2230000000.0,
      "EBITDA": 2545800000.0,
      "EBIT": 2190200000.0,
      "Net Interest Income": -68500000.0,
      "Interest Expense": 83700000.0,
      "Interest Income": 14600000.0,
      "Normalized Income": 1487647800.0,
      "Net Income From Continuing And Discontinued Operation": 1494400000.0,
      "Total Expenses": 3065900000.0,
      "Rent Expense Supplemental": 44100000.0,
      "Diluted Average Shares": 183985520.0,
      "Basic Average Shares": 183630715.0,
      "Diluted EPS": 8.12,
      "Basic EPS": 8.14,
      "Diluted NI Availto Com Stockholders": 1494400000.0,
      "Net Income Common Stockholders": 1494400000.0,
      "Otherunder Preferred Stock Dividend": 0.0,
      "Net Income": 1494400000.0,
      "Minority Interests": -68800000.0,
      "Net Income Including Noncontrolling Interests": 1563200000.0,
      "Net Income Continuous Operations": 1563200000.0,
      "Tax Provision": 543300000.0,
      "Pretax Income": 2106500000.0,
      "Other Non Operating Income Expenses": 700000.0,
      "Special Income Charges": 2900000.0,
      "Other Special Charges": -61200000.0,
      "Write Off": -2900000.0,
      "Net Non Operating Interest Income Expense": -68500000.0,
      "Total Other Finance Cost": -600000.0,
      "Interest Expense Non Operating": 83700000.0,
      "Interest Income Non Operating": 14600000.0,
      "Operating Income": 2159400000.0,
      "Operating Expense": 835900000.0,
      "Other Operating Expenses": 124300000.0,
      "Depreciation And Amortization In Income Statement": 355600000.0,
      "Depreciation Income Statement": 355600000.0,
      "Selling General And Administration": 52600000.0,
      "Selling And Marketing Expense": 26500000.0,
      "General And Administrative Expense": 26100000.0,
      "Rent And Landing Fees": 44100000.0,
      "Gross Profit": 2995300000.0,
      "Cost Of Revenue": 2230000000.0,
      "Total Revenue": 5225300000.0,
      "Operating Revenue": 5225300000.0
    },
    "2021-12-31T00:00:00": {
      "Tax Effect Of Unusual Items": -1398600.0,
      "Tax Rate For Calcs": 0.259,
      "Normalized EBITDA": 2079000000.0,
      "Total Unusual Items": -5400000.0,
      "Total Unusual Items Excluding Goodwill": -5400000.0,
      "Net Income From Continuing Operation Net Minority Interest": 1209700000.0,
      "Reconciled Depreciation": 293700000.0,
      "Reconciled Cost Of Revenue": 2113600000.0,
      "EBITDA": 2073600000.0,
      "EBIT": 1779900000.0,
      "Net Interest Income": -40000000.0,
      "Interest Expense": 70600000.0,
      "Interest Income": 32900000.0,
      "Normalized Income": 1213701400.0,
      "Net Income From Continuing And Discontinued Operation": 1209700000.0,
      "Total Expenses": 2701300000.0,
      "Rent Expense Supplemental": 40300000.0,
      "Diluted Average Shares": null,
      "Basic Average Shares": null,
      "Diluted EPS": null,
      "Basic EPS": null,
      "Diluted NI Availto Com Stockholders": 1209700000.0,
      "Net Income Common Stockholders": 1209700000.0,
      "Otherunder Preferred Stock Dividend": 0.0,
      "Net Income": 1209700000.0,
      "Minority Interests": -55200000.0,
      "Net Income Including Noncontrolling Interests": 1264900000.0,
      "Net Income Continuous Operations": 1264900000.0,
      "Tax Provision": 444400000.0,
      "Pretax Income": 1709300000.0,
      "Other Non Operating Income Expenses": 800000.0,
      "Special Income Charges": 1100000.0,
      "Other Special Charges": null,
      "Write Off": -1100000.0,
      "Net Non Operating Interest Income Expense": -40000000.0,
      "Total Other Finance Cost": 2300000.0,
      "Interest Expense Non Operating": 70600000.0,
      "Interest Income Non Operating": 32900000.0,
      "Operating Income": 1662100000.0,
      "Operating Expense": 587700000.0,
      "Other Operating Expenses": 100500000.0,
      "Depreciation And Amortization In Income Statement": 293700000.0,
      "Depreciation Income Statement": 293700000.0,
      "Selling General And Administration": 45000000.0,
      "Selling And Marketing Expense": 15900000.0,
      "General And Administrative Expense": 29100000.0,
      "Rent And Landing Fees": 40300000.0,
      "Gross Profit": 2249800000.0,
      "Cost Of Revenue": 2113600000.0,
      "Total Revenue": 4363400000.0,
      "Operating Revenue": 4363400000.0
    }
  },
  "quarterly_income": {
    "2025-12-31T00:00:00": {
      "Tax Effect Of Unusual Items": null,
      "Tax Rate For Calcs": null,
      "Normalized EBITDA": null,
      "Total Unusual Items": null,
      "Total Unusual Items Excluding Goodwill": null,
      "Net Income From Continuing Operation Net Minority Interest": null,
      "Reconciled Depreciation": null,
      "Reconciled Cost Of Revenue": null,
      "EBITDA": null,
      "EBIT": null,
      "Net Interest Income": null,
      "Normalized Income": null,
      "Net Income From Continuing And Discontinued Operation": null,
      "Total Expenses": null,
      "Diluted Average Shares": 182089552.0,
      "Basic Average Shares": 182089552.0,
      "Diluted EPS": 2.68,
      "Basic EPS": 2.68,
      "Diluted NI Availto Com Stockholders": null,
      "Net Income Common Stockholders": null,
      "Otherunder Preferred Stock Dividend": null,
      "Net Income": null,
      "Minority Interests": null,
      "Net Income Including Noncontrolling Interests": null,
      "Net Income Continuous Operations": null,
      "Tax Provision": null,
      "Pretax Income": null,
      "Net Non Operating Interest Income Expense": null,
      "Operating Income": null,
      "Operating Expense": null,
      "Other Operating Expenses": null,
      "Depreciation And Amortization In Income Statement": null,
      "Depreciation Income Statement": null,
      "Gross Profit": null,
      "Cost Of Revenue": null,
      "Total Revenue": null,
      "Operating Revenue": null
    },
    "2025-06-30T00:00:00": {
      "Tax Effect Of Unusual Items": 808825.554179,
      "Tax Rate For Calcs": 0.260911,
      "Normalized EBITDA": 919000000.0,
      "Total Unusual Items": 3100000.0,
      "Total Unusual Items Excluding Goodwill": 3100000.0,
      "Net Income From Continuing Operation Net Minority Interest": 508700000.0,
      "Reconciled Depreciation": 125100000.0,
      "Reconciled Cost Of Revenue": 987400000.0,
      "EBITDA": 922100000.0,
      "EBIT": 797000000.0,
      "Net Interest Income": -39200000.0,
      "Normalized Income": 506408825.554179,
      "Net Income From Continuing And Discontinued Operation": 508700000.0,
      "Total Expenses": 1041700000.0,
      "Diluted Average Shares": null,
      "Basic Average Shares": null,
      "Diluted EPS": null,
      "Basic EPS": null,
      "Diluted NI Availto Com Stockholders": 508700000.0,
      "Net Income Common Stockholders": 508700000.0,
      "Otherunder Preferred Stock Dividend": 0.0,
      "Net Income": 508700000.0,
      "Minority Interests": -28100000.0,
      "Net Income Including Noncontrolling Interests": 536800000.0,
      "Net Income Continuous Operations": 536800000.0,
      "Tax Provision": 189500000.0,
      "Pretax Income": 726300000.0,
      "Net Non Operating Interest Income Expense": -39200000.0,
      "Operating Income": 759400000.0,
      "Operating Expense": 54300000.0,
      "Other Operating Expenses": -113000000.0,
      "Depreciation And Amortization In Income Statement": 125100000.0,
      "Depreciation Income Statement": 125100000.0,
      "Gross Profit": 813700000.0,
      "Cost Of Revenue": 987400000.0,
      "Total Revenue": 1801100000.0,
      "Operating Revenue": 1801100000.0
    },
    "2025-03-31T00:00:00": {
      "Tax Effect Of Unusual Items": 1650401.176785,
      "Tax Rate For Calcs": 0.261968,
      "Normalized EBITDA": 899700000.0,
      "Total Unusual Items": 6300000.0,
      "Total Unusual Items Excluding Goodwill": 6300000.0,
      "Net Income From Continuing Operation Net Minority Interest": 524900000.0,
      "Reconciled Depreciation": 125800000.0,
      "Reconciled Cost Of Revenue": 796100000.0,
      "EBITDA": 906000000.0,
      "EBIT": 780200000.0,
      "Net Interest Income": -38700000.0,
      "Normalized Income": 520250401.176785,
      "Net Income From Continuing And Discontinued Operation": 524900000.0,
      "Total Expenses": 1086500000.0,
      "Diluted Average Shares": 183531469.0,
      "Basic Average Shares": 183531469.0,
      "Diluted EPS": 2.86,
      "Basic EPS": 2.86,
      "Diluted NI Availto Com Stockholders": 524900000.0,
      "Net Income Common Stockholders": 524900000.0,
      "Otherunder Preferred Stock Dividend": 0.0,
      "Net Income": 524900000.0,
      "Minority Interests": -27000000.0,
      "Net Income Including Noncontrolling Interests": 551900000.0,
      "Net Income Continuous Operations": 551900000.0,
      "Tax Provision": 195900000.0,
      "Pretax Income": 747800000.0,
      "Net Non Operating Interest Income Expense": -38700000.0,
      "Operating Income": 780200000.0,
      "Operating Expense": 290400000.0,
      "Other Operating Expenses": 169000000.0,
      "Depreciation And Amortization In Income Statement": 125800000.0,
      "Depreciation Income Statement": 125800000.0,
      "Gross Profit": 1070600000.0,
      "Cost Of Revenue": 796100000.0,
      "Total Revenue": 1866700000.0,
      "Operating Revenue": 1866700000.0
    },
    "2024-12-31T00:00:00": {
      "Tax Effect Of Unusual Items": 2910587.075883,
      "Tax Rate For Calcs": 0.248768,
      "Normalized EBITDA": 900800000.0,
      "Total Unusual Items": 11700000.0,
      "Total Unusual Items Excluding Goodwill": 11700000.0,
      "Net Income From Continuing Operation Net Minority Interest": 507400000.0,
      "Reconciled Depreciation": 128600000.0,
      "Reconciled Cost Of Revenue": 790000000.0,
      "EBITDA": 912500000.0,
      "EBIT": 783900000.0,
      "Net Interest Income": -18500000.0,
      "Normalized Income": 498610587.075883,
      "Net Income From Continuing And Discontinued Operation": 507400000.0,
      "Total Expenses": 1135900000.0,
      "Diluted Average Shares": null,
      "Basic Average Shares": null,
      "Diluted EPS": null,
      "Basic EPS": null,
      "Diluted NI Availto Com Stockholders": 507400000.0,
      "Net Income Common Stockholders": 507400000.0,
      "Otherunder Preferred Stock Dividend": 0.0,
      "Net Income": 507400000.0,
      "Minority Interests": -26300000.0,
      "Net Income Including Noncontrolling Interests": 533600000.0,
      "Net Income Continuous Operations": 533600000.0,
      "Tax Provision": 176700000.0,
      "Pretax Income": 710300000.0,
      "Net Non Operating Interest Income Expense": -18500000.0,
      "Operating Income": 721000000.0,
      "Operating Expense": 345900000.0,
      "Other Operating Expenses": -393400000.0,
      "Depreciation And Amortization In Income Statement": 128600000.0,
      "Depreciation Income Statement": 128600000.0,
      "Gross Profit": 1066900000.0,
      "Cost Of Revenue": 790000000.0,
      "Total Revenue": 1856900000.0,
      "Operating Revenue": 1856900000.0
    },
    "2024-09-30T00:00:00": {
      "Tax Effect Of Unusual Items": 263736.263736,
      "Tax Rate For Calcs": 0.263736,
      "Normalized EBITDA": 799000000.0,
      "Total Unusual Items": 1000000.0,
      "Total Unusual Items Excluding Goodwill": 1000000.0,
      "Net Income From Continuing Operation Net Minority Interest": 445000000.0,
      "Reconciled Depreciation": 122000000.0,
      "Reconciled Cost Of Revenue": 732000000.0,
      "EBITDA": 800000000.0,
      "EBIT": 678000000.0,
      "Net Interest Income": -43000000.0,
      "Normalized Income": 444263736.263736,
      "Net Income From Continuing And Discontinued Operation": 445000000.0,
      "Total Expenses": 1026000000.0,
      "Diluted Average Shares": 183884298.0,
      "Basic Average Shares": 183884298.0,
      "Diluted EPS": 2.42,
      "Basic EPS": 2.42,
      "Diluted NI Availto Com Stockholders": 445000000.0,
      "Net Income Common Stockholders": 445000000.0,
      "Otherunder Preferred Stock Dividend": 0.0,
      "Net Income": 445000000.0,
      "Minority Interests": -24000000.0,
      "Net Income Including Noncontrolling Interests": 469000000.0,
      "Net Income Continuous Operations": 469000000.0,
      "Tax Provision": 168000000.0,
      "Pretax Income": 637000000.0,
      "Net Non Operating Interest Income Expense": -43000000.0,
      "Operating Income": 678000000.0,
      "Operating Expense": 294000000.0,
      "Other Operating Expenses": 179000000.0,
      "Depreciation And Amortization In Income Statement": 122000000.0,
      "Depreciation Income Statement": 122000000.0,
      "Gross Profit": 972000000.0,
      "Cost Of Revenue": 732000000.0,
      "Total Revenue": 1704000000.0,
      "Operating Revenue": 1704000000.0
    },
    "2024-06-30T00:00:00": {
      "Tax Effect Of Unusual Items": 0.0,
      "Tax Rate For Calcs": 0.237872,
      "Normalized EBITDA": 888600000.0,
      "Total Unusual Items": null,
      "Total Unusual Items Excluding Goodwill": null,
      "Net Income From Continuing Operation Net Minority Interest": 498600000.0,
      "Reconciled Depreciation": 128200000.0,
      "Reconciled Cost Of Revenue": 930400000.0,
      "EBITDA": 888600000.0,
      "EBIT": 760400000.0,
      "Net Interest Income": -37600000.0,
      "Normalized Income": 498600000.0,
      "Net Income From Continuing And Discontinued Operation": 498600000.0,
      "Total Expenses": 1025700000.0,
      "Diluted Average Shares": null,
      "Basic Average Shares": null,
      "Diluted EPS": null,
      "Basic EPS": null,
      "Diluted NI Availto Com Stockholders": 498600000.0,
      "Net Income Common Stockholders": 498600000.0,
      "Otherunder Preferred Stock Dividend": 0.0,
      "Net Income": 498600000.0,
      "Minority Interests": -21400000.0,
      "Net Income Including Noncontrolling Interests": 520000000.0,
      "Net Income Continuous Operations": 520000000.0,
      "Tax Provision": 162300000.0,
      "Pretax Income": 682300000.0,
      "Net Non Operating Interest Income Expense": -37600000.0,
      "Operating Income": 720300000.0,
      "Operating Expense": 95300000.0,
      "Other Operating Expenses": -86200000.0,
      "Depreciation And Amortization In Income Statement": 128200000.0,
      "Depreciation Income Statement": 128200000.0,
      "Gross Profit": 815600000.0,
      "Cost Of Revenue": 930400000.0,
      "Total Revenue": 1746000000.0,
      "Operating Revenue": 1746000000.0
    }
  },
  "balance_sheet": {
    "2024-12-31T00:00:00": {
      "Treasury Shares Number": 4521621.0,
      "Ordinary Shares Number": 183778379.0,
      "Share Issued": 188300000.0,
      "Net Debt": 6612400000.0,
      "Total Debt": 9581900000.0,
      "Tangible Book Value": -1872200000.0,
      "Invested Capital": 19785300000.0,
      "Working Capital": 3485800000.0,
      "Net Tangible Assets": -1872200000.0,
      "Capital Lease Obligations": 567100000.0,
      "Common Stock Equity": 10770500000.0,
      "Total Capitalization": 17025100000.0,
      "Total Equity Gross Minority Interest": 11259300000.0,
      "Minority Interest": 488700000.0,
      "Stockholders Equity": 10770500000.0,
      "Other Equity Interest": null,
      "Fixed Assets Revaluation Reserve": 566100000.0,
      "Treasury Stock": 452300000.0,
      "Retained Earnings": 8938500000.0,
      "Additional Paid In Capital": 1529900000.0,
      "Capital Stock": 188300000.0,
      "Common Stock": 188300000.0,
      "Total Liabilities Net Minority Interest": 210852400000.0,
      "Total Non Current Liabilities Net Minority Interest": 14561300000.0,
      "Other Non Current Liabilities": 15400000.0,
      "Non Current Pension And Other Postretirement Benefit Plans": 130400000.0,
      "Non Current Deferred Taxes Liabilities": 757100000.0,
      "Long Term Debt And Capital Lease Obligation": 6747900000.0,
      "Long Term Capital Lease Obligation": 493300000.0,
      "Long Term Debt": 6254600000.0,
      "Long Term Provisions": 46600000.0,
      "Current Liabilities": 196291100000.0,
      "Other Current Liabilities": 1041600000.0,
      "Current Debt And Capital Lease Obligation": 2834000000.0,
      "Current Capital Lease Obligation": 73800000.0,
      "Current Debt": 2760200000.0,
      "Pensionand Other Post Retirement Benefit Plans Current": 387300000.0,
      "Current Provisions": 119800000.0,
      "Payables": 1489700000.0,
      "Other Payable": 4000000.0,
      "Total Tax Payable": 587400000.0,
      "Accounts Payable": 898300000.0,
      "Total Assets": 222111700000.0,
      "Total Non Current Assets": 22334800000.0,
      "Other Non Current Assets": 360800000.0,
      "Non Current Deferred Taxes Assets": 24800000.0,
      "Investmentin Financial Assets": 8506600000.0,
      "Held To Maturity Securities": null,
      "Available For Sale Securities": 1533600000.0,
      "Financial Assets Designatedas Fair Value Through Profitor Loss Total": 6973000000.0,
      "Long Term Equity Investment": 114800000.0,
      "Investmentsin Associatesat Cost": 114800000.0,
      "Goodwill And Other Intangible Assets": 12642700000.0,
      "Other Intangible Assets": 4288200000.0,
      "Goodwill": 8354500000.0,
      "Net PPE": 685100000.0,
      "Accumulated Depreciation": -730200000.0,
      "Gross PPE": 1415100000.0,
      "Construction In Progress": 12100000.0,
      "Other Properties": 22700000.0,
      "Machinery Furniture Equipment": 529000000.0,
      "Buildings And Improvements": 851300000.0,
      "Properties": 0.0,
      "Current Assets": 199776900000.0,
      "Other Current Assets": 127081800000.0,
      "Assets Held For Sale Current": null,
      "Current Deferred Assets": null,
      "Restricted Cash": 48972400000.0,
      "Prepaid Assets": 136000000.0,
      "Other Receivables": 18625200000.0,
      "Taxes Receivable": 348800000.0,
      "Accounts Receivable": 1257500000.0,
      "Allowance For Doubtful Accounts Receivable": -7200000.0,
      "Gross Accounts Receivable": 1264700000.0,
      "Cash Cash Equivalents And Short Term Investments": 3355200000.0,
      "Other Short Term Investments": 952800000.0,
      "Cash And Cash Equivalents": 2402400000.0,
      "Cash Financial": 2402400000.0
    },
    "2023-12-31T00:00:00": {
      "Treasury Shares Number": 4887540.0,
      "Ordinary Shares Number": 185112460.0,
      "Share Issued": 190000000.0,
      "Net Debt": 6163200000.0,
      "Total Debt": 8724000000.0,
      "Tangible Book Value": -2817000000.0,
      "Invested Capital": 17916200000.0,
      "Working Capital": 2879200000.0,
      "Net Tangible Assets": -2817000000.0,
      "Capital Lease Obligations": 469300000.0,
      "Common Stock Equity": 9661500000.0,
      "Total Capitalization": 16757700000.0,
      "Total Equity Gross Minority Interest": 10100200000.0,
      "Minority Interest": 438700000.0,
      "Stockholders Equity": 9661500000.0,
      "Other Equity Interest": null,
      "Fixed Assets Revaluation Reserve": 428900000.0,
      "Treasury Stock": 351000000.0,
      "Retained Earnings": 7892000000.0,
      "Additional Paid In Capital": 1501600000.0,
      "Capital Stock": 190000000.0,
      "Common Stock": 190000000.0,
      "Total Liabilities Net Minority Interest": 227626700000.0,
      "Total Non Current Liabilities Net Minority Interest": 16206700000.0,
      "Other Non Current Liabilities": 15600000.0,
      "Non Current Pension And Other Postretirement Benefit Plans": 151500000.0,
      "Non Current Deferred Taxes Liabilities": 789200000.0,
      "Long Term Debt And Capital Lease Obligation": 7480500000.0,
      "Long Term Capital Lease Obligation": 384300000.0,
      "Long Term Debt": 7096200000.0,
      "Long Term Provisions": 47700000.0,
      "Current Liabilities": 211420000000.0,
      "Other Current Liabilities": 738900000.0,
      "Current Debt And Capital Lease Obligation": 1243500000.0,
      "Current Capital Lease Obligation": 85000000.0,
      "Current Debt": 1158500000.0,
      "Pensionand Other Post Retirement Benefit Plans Current": 368700000.0,
      "Current Provisions": 123800000.0,
      "Payables": 2026500000.0,
      "Other Payable": 3200000.0,
      "Total Tax Payable": 509100000.0,
      "Accounts Payable": 1514200000.0,
      "Total Assets": 237726900000.0,
      "Total Non Current Assets": 23427700000.0,
      "Other Non Current Assets": 285500000.0,
      "Non Current Deferred Taxes Assets": 73300000.0,
      "Investmentin Financial Assets": 9870300000.0,
      "Held To Maturity Securities": 1801900000.0,
      "Available For Sale Securities": 2024500000.0,
      "Financial Assets Designatedas Fair Value Through Profitor Loss Total": 7845800000.0,
      "Long Term Equity Investment": 114500000.0,
      "Investmentsin Associatesat Cost": 114500000.0,
      "Goodwill And Other Intangible Assets": 12478500000.0,
      "Other Intangible Assets": 4265200000.0,
      "Goodwill": 8213300000.0,
      "Net PPE": 605600000.0,
      "Accumulated Depreciation": -685000000.0,
      "Gross PPE": 1290700000.0,
      "Construction In Progress": 13800000.0,
      "Other Properties": 23900000.0,
      "Machinery Furniture Equipment": 557700000.0,
      "Buildings And Improvements": 695300000.0,
      "Properties": 0.0,
      "Current Assets": 214299200000.0,
      "Other Current Assets": 137922200000.0,
      "Assets Held For Sale Current": null,
      "Current Deferred Assets": 11000000.0,
      "Restricted Cash": 53669400000.0,
      "Prepaid Assets": 126900000.0,
      "Other Receivables": 17988600000.0,
      "Taxes Receivable": 165800000.0,
      "Accounts Receivable": 1832200000.0,
      "Allowance For Doubtful Accounts Receivable": -8300000.0,
      "Gross Accounts Receivable": 1840500000.0,
      "Cash Cash Equivalents And Short Term Investments": 2594100000.0,
      "Other Short Term Investments": 502600000.0,
      "Cash And Cash Equivalents": 2091500000.0,
      "Cash Financial": 2091500000.0
    },
    "2022-12-31T00:00:00": {
      "Treasury Shares Number": 6261055.0,
      "Ordinary Shares Number": 183738945.0,
      "Share Issued": 190000000.0,
      "Net Debt": 2986900000.0,
      "Total Debt": 5357400000.0,
      "Tangible Book Value": -138300000.0,
      "Invested Capital": 13347700000.0,
      "Working Capital": 2486400000.0,
      "Net Tangible Assets": -138300000.0,
      "Capital Lease Obligations": 481500000.0,
      "Common Stock Equity": 8471800000.0,
      "Total Capitalization": 12595200000.0,
      "Total Equity Gross Minority Interest": 9060900000.0,
      "Minority Interest": 589100000.0,
      "Stockholders Equity": 8471800000.0,
      "Other Equity Interest": null,
      "Fixed Assets Revaluation Reserve": 416600000.0,
      "Treasury Stock": 449600000.0,
      "Retained Earnings": 6944000000.0,
      "Additional Paid In Capital": 1370800000.0,
      "Capital Stock": 190000000.0,
      "Common Stock": 190000000.0,
      "Total Liabilities Net Minority Interest": 259842600000.0,
      "Total Non Current Liabilities Net Minority Interest": 14183800000.0,
      "Other Non Current Liabilities": 14600000.0,
      "Non Current Pension And Other Postretirement Benefit Plans": 119800000.0,
      "Non Current Deferred Taxes Liabilities": 388200000.0,
      "Long Term Debt And Capital Lease Obligation": 4534100000.0,
      "Long Term Capital Lease Obligation": 410700000.0,
      "Long Term Debt": 4123400000.0,
      "Long Term Provisions": 14900000.0,
      "Current Liabilities": 245658800000.0,
      "Other Current Liabilities": 2137200000.0,
      "Current Debt And Capital Lease Obligation": 823300000.0,
      "Current Capital Lease Obligation": 70800000.0,
      "Current Debt": 752500000.0,
      "Pensionand Other Post Retirement Benefit Plans Current": 291800000.0,
      "Current Provisions": 164300000.0,
      "Payables": 2433500000.0,
      "Other Payable": 3400000.0,
      "Total Tax Payable": 390300000.0,
      "Accounts Payable": 2039800000.0,
      "Total Assets": 268903500000.0,
      "Total Non Current Assets": 20758400000.0,
      "Other Non Current Assets": 21100000.0,
      "Non Current Deferred Taxes Assets": 61800000.0,
      "Investmentin Financial Assets": 11322700000.0,
      "Held To Maturity Securities": 1894700000.0,
      "Available For Sale Securities": 2077500000.0,
      "Financial Assets Designatedas Fair Value Through Profitor Loss Total": 9245200000.0,
      "Long Term Equity Investment": 111500000.0,
      "Investmentsin Associatesat Cost": 111500000.0,
      "Goodwill And Other Intangible Assets": 8610100000.0,
      "Other Intangible Assets": 2696400000.0,
      "Goodwill": 5913700000.0,
      "Net PPE": 631200000.0,
      "Accumulated Depreciation": -608000000.0,
      "Gross PPE": 631200000.0,
      "Construction In Progress": 16200000.0,
      "Other Properties": null,
      "Machinery Furniture Equipment": 178000000.0,
      "Buildings And Improvements": 437000000.0,
      "Properties": 0.0,
      "Current Assets": 248145200000.0,
      "Other Current Assets": 129970900000.0,
      "Assets Held For Sale Current": 0.0,
      "Current Deferred Assets": 8500000.0,
      "Restricted Cash": 93538300000.0,
      "Prepaid Assets": 127900000.0,
      "Other Receivables": 19622100000.0,
      "Taxes Receivable": 105400000.0,
      "Accounts Receivable": 2289200000.0,
      "Allowance For Doubtful Accounts Receivable": -6300000.0,
      "Gross Accounts Receivable": 2295500000.0,
      "Cash Cash Equivalents And Short Term Investments": 2482900000.0,
      "Other Short Term Investments": 593900000.0,
      "Cash And Cash Equivalents": 1889000000.0,
      "Cash Financial": 1889000000.0
    },
    "2021-12-31T00:00:00": {
      "Treasury Shares Number": 6381218.0,
      "Ordinary Shares Number": 183618782.0,
      "Share Issued": 190000000.0,
      "Net Debt": 2902400000.0,
      "Total Debt": 6324100000.0,
      "Tangible Book Value": -954800000.0,
      "Invested Capital": 13045500000.0,
      "Working Capital": 903000000.0,
      "Net Tangible Assets": -954800000.0,
      "Capital Lease Obligations": 486700000.0,
      "Common Stock Equity": 7208100000.0,
      "Total Capitalization": 10245400000.0,
      "Total Equity Gross Minority Interest": 7742400000.0,
      "Minority Interest": 534300000.0,
      "Stockholders Equity": 7208100000.0,
      "Other Equity Interest": 100000.0,
      "Fixed Assets Revaluation Reserve": -61700000.0,
      "Treasury Stock": 458200000.0,
      "Retained Earnings": 6178300000.0,
      "Additional Paid In Capital": 1359600000.0,
      "Capital Stock": 190000000.0,
      "Common Stock": 190000000.0,
      "Total Liabilities Net Minority Interest": 215176900000.0,
      "Total Non Current Liabilities Net Minority Interest": 13622900000.0,
      "Other Non Current Liabilities": 17500000.0,
      "Non Current Pension And Other Postretirement Benefit Plans": 149000000.0,
      "Non Current Deferred Taxes Liabilities": 338500000.0,
      "Long Term Debt And Capital Lease Obligation": 3460400000.0,
      "Long Term Capital Lease Obligation": 423100000.0,
      "Long Term Debt": 3037300000.0,
      "Long Term Provisions": 127200000.0,
      "Current Liabilities": 201554000000.0,
      "Other Current Liabilities": 2551300000.0,
      "Current Debt And Capital Lease Obligation": 2863700000.0,
      "Current Capital Lease Obligation": 63600000.0,
      "Current Debt": 2800100000.0,
      "Pensionand Other Post Retirement Benefit Plans Current": 55800000.0,
      "Current Provisions": 335300000.0,
      "Payables": 994200000.0,
      "Other Payable": 3300000.0,
      "Total Tax Payable": 286500000.0,
      "Accounts Payable": 704400000.0,
      "Total Assets": 222919300000.0,
      "Total Non Current Assets": 20462400000.0,
      "Other Non Current Assets": 16700000.0,
      "Non Current Deferred Taxes Assets": 139800000.0,
      "Investmentin Financial Assets": 11460400000.0,
      "Held To Maturity Securities": 1634700000.0,
      "Available For Sale Securities": 1861800000.0,
      "Financial Assets Designatedas Fair Value Through Profitor Loss Total": 9598600000.0,
      "Long Term Equity Investment": 88900000.0,
      "Investmentsin Associatesat Cost": 88900000.0,
      "Goodwill And Other Intangible Assets": 8162900000.0,
      "Other Intangible Assets": 2566900000.0,
      "Goodwill": 5596000000.0,
      "Net PPE": 593700000.0,
      "Accumulated Depreciation": -505300000.0,
      "Gross PPE": 1099000000.0,
      "Construction In Progress": 8500000.0,
      "Other Properties": null,
      "Machinery Furniture Equipment": 502400000.0,
      "Buildings And Improvements": 588100000.0,
      "Properties": 0.0,
      "Current Assets": 202457000000.0,
      "Other Current Assets": 103238400000.0,
      "Assets Held For Sale Current": 11900000.0,
      "Current Deferred Assets": null,
      "Restricted Cash": 78548700000.0,
      "Prepaid Assets": 93000000.0,
      "Other Receivables": 11653500000.0,
      "Taxes Receivable": 163300000.0,
      "Accounts Receivable": 969400000.0,
      "Allowance For Doubtful Accounts Receivable": -8800000.0,
      "Gross Accounts Receivable": 978200000.0,
      "Cash Cash Equivalents And Short Term Investments": 7778800000.0,
      "Other Short Term Investments": 4843800000.0,
      "Cash And Cash Equivalents": 2935000000.0,
      "Cash Financial": 2935000000.0
    }
  },
  "cashflow": {
    "2024-12-31T00:00:00": {
      "Free Cash Flow": 2050100000.0,
      "Repurchase Of Capital Stock": -297800000.0,
      "Repayment Of Debt": -222300000.0,
      "Issuance Of Debt": 0.0,
      "Issuance Of Capital Stock": 9400000.0,
      "Capital Expenditure": -360600000.0,
      "End Cash Position": 3923500000.0,
      "Other Cash Adjustment Outside Changein Cash": null,
      "Beginning Cash Position": 2955200000.0,
      "Effect Of Exchange Rate Changes": -28500000.0,
      "Changes In Cash": 996800000.0,
      "Financing Cash Flow": -1353900000.0,
      "Net Other Financing Charges": null,
      "Cash Dividends Paid": -697800000.0,
      "Common Stock Dividend Paid": -697800000.0,
      "Net Common Stock Issuance": -288400000.0,
      "Common Stock Payments": -297800000.0,
      "Common Stock Issuance": 9400000.0,
      "Net Issuance Payments Of Debt": -222300000.0,
      "Net Short Term Debt Issuance": -65000000.0,
      "Short Term Debt Payments": -65000000.0,
      "Short Term Debt Issuance": 0.0,
      "Net Long Term Debt Issuance": -157300000.0,
      "Long Term Debt Payments": -157300000.0,
      "Long Term Debt Issuance": 0.0,
      "Investing Cash Flow": -60000000.0,
      "Net Other Investing Changes": 365200000.0,
      "Net Investment Purchase And Sale": -56200000.0,
      "Sale Of Investment": 390000000.0,
      "Purchase Of Investment": -446200000.0,
      "Net Business Purchase And Sale": -11900000.0,
      "Sale Of Business": 9100000.0,
      "Purchase Of Business": -21000000.0,
      "Net Intangibles Purchase And Sale": -302500000.0,
      "Sale Of Intangibles": 0.0,
      "Purchase Of Intangibles": -302500000.0,
      "Net PPE Purchase And Sale": -54600000.0,
      "Sale Of PPE": 3500000.0,
      "Purchase Of PPE": -58100000.0,
      "Operating Cash Flow": 2410700000.0,
      "Change In Working Capital": -248500000.0,
      "Change In Other Current Liabilities": -470200000.0,
      "Change In Payable": -550500000.0,
      "Change In Receivables": 772200000.0,
      "Other Non Cash Items": -73900000.0,
      "Stock Based Compensation": 50600000.0,
      "Provisionand Write Offof Assets": 20900000.0,
      "Deferred Tax": 14100000.0,
      "Depreciation And Amortization": 495800000.0,
      "Depreciation": 495800000.0,
      "Gain Loss On Investment Securities": 105900000.0,
      "Gain Loss On Sale Of Business": null,
      "Net Income From Continuing Operations": 2046300000.0
    },
    "2023-12-31T00:00:00": {
      "Free Cash Flow": 2281200000.0,
      "Repurchase Of Capital Stock": 0.0,
      "Repayment Of Debt": -168500000.0,
      "Issuance Of Debt": 3098700000.0,
      "Issuance Of Capital Stock": 0.0,
      "Capital Expenditure": -267900000.0,
      "End Cash Position": 2955200000.0,
      "Other Cash Adjustment Outside Changein Cash": 100000.0,
      "Beginning Cash Position": 2111600000.0,
      "Effect Of Exchange Rate Changes": -1700000.0,
      "Changes In Cash": 845300000.0,
      "Financing Cash Flow": 2293400000.0,
      "Net Other Financing Charges": 128200000.0,
      "Cash Dividends Paid": -661500000.0,
      "Common Stock Dividend Paid": -661500000.0,
      "Net Common Stock Issuance": 0.0,
      "Common Stock Payments": 0.0,
      "Common Stock Issuance": 0.0,
      "Net Issuance Payments Of Debt": 2930200000.0,
      "Net Short Term Debt Issuance": 3400000.0,
      "Short Term Debt Payments": -126500000.0,
      "Short Term Debt Issuance": 129900000.0,
      "Net Long Term Debt Issuance": 2926800000.0,
      "Long Term Debt Payments": -42000000.0,
      "Long Term Debt Issuance": 2968800000.0,
      "Investing Cash Flow": -3997200000.0,
      "Net Other Investing Changes": 373200000.0,
      "Net Investment Purchase And Sale": -259000000.0,
      "Sale Of Investment": 59100000.0,
      "Purchase Of Investment": -318100000.0,
      "Net Business Purchase And Sale": -3843600000.0,
      "Sale Of Business": 0.0,
      "Purchase Of Business": -3843600000.0,
      "Net Intangibles Purchase And Sale": -218300000.0,
      "Sale Of Intangibles": 100000.0,
      "Purchase Of Intangibles": -218400000.0,
      "Net PPE Purchase And Sale": -49500000.0,
      "Sale Of PPE": 0.0,
      "Purchase Of PPE": -49500000.0,
      "Operating Cash Flow": 2549100000.0,
      "Change In Working Capital": 180400000.0,
      "Change In Other Current Liabilities": 2160200000.0,
      "Change In Payable": -370900000.0,
      "Change In Receivables": -1608900000.0,
      "Other Non Cash Items": -85700000.0,
      "Stock Based Compensation": 0.0,
      "Provisionand Write Offof Assets": 7800000.0,
      "Deferred Tax": 13000000.0,
      "Depreciation And Amortization": 418500000.0,
      "Depreciation": 418500000.0,
      "Gain Loss On Investment Securities": 210800000.0,
      "Gain Loss On Sale Of Business": 0.0,
      "Net Income From Continuing Operations": 1796800000.0
    },
    "2022-12-31T00:00:00": {
      "Free Cash Flow": 2158400000.0,
      "Repurchase Of Capital Stock": null,
      "Repayment Of Debt": -2397000000.0,
      "Issuance Of Debt": 2135300000.0,
      "Issuance Of Capital Stock": 11900000.0,
      "Capital Expenditure": -325200000.0,
      "End Cash Position": 2111600000.0,
      "Other Cash Adjustment Outside Changein Cash": null,
      "Beginning Cash Position": 2023400000.0,
      "Effect Of Exchange Rate Changes": -37800000.0,
      "Changes In Cash": 126000000.0,
      "Financing Cash Flow": -951100000.0,
      "Net Other Financing Charges": -37800000.0,
      "Cash Dividends Paid": -587600000.0,
      "Common Stock Dividend Paid": -587600000.0,
      "Net Common Stock Issuance": 11900000.0,
      "Common Stock Payments": null,
      "Common Stock Issuance": 11900000.0,
      "Net Issuance Payments Of Debt": -261700000.0,
      "Net Short Term Debt Issuance": -1341000000.0,
      "Short Term Debt Payments": -2397000000.0,
      "Short Term Debt Issuance": 1056000000.0,
      "Net Long Term Debt Issuance": 1079300000.0,
      "Long Term Debt Payments": 0.0,
      "Long Term Debt Issuance": 1079300000.0,
      "Investing Cash Flow": -1406500000.0,
      "Net Other Investing Changes": -103200000.0,
      "Net Investment Purchase And Sale": -806300000.0,
      "Sale Of Investment": 44600000.0,
      "Purchase Of Investment": -850900000.0,
      "Net Business Purchase And Sale": -171900000.0,
      "Sale Of Business": 27100000.0,
      "Purchase Of Business": -199000000.0,
      "Net Intangibles Purchase And Sale": -215500000.0,
      "Sale Of Intangibles": 100000.0,
      "Purchase Of Intangibles": -215600000.0,
      "Net PPE Purchase And Sale": -109600000.0,
      "Sale Of PPE": null,
      "Purchase Of PPE": -109600000.0,
      "Operating Cash Flow": 2483600000.0,
      "Change In Working Capital": 396100000.0,
      "Change In Other Current Liabilities": 1904100000.0,
      "Change In Payable": null,
      "Change In Receivables": -1508000000.0,
      "Other Non Cash Items": 17400000.0,
      "Stock Based Compensation": null,
      "Provisionand Write Offof Assets": -9900000.0,
      "Deferred Tax": 64600000.0,
      "Depreciation And Amortization": 355600000.0,
      "Depreciation": 355600000.0,
      "Gain Loss On Investment Securities": 79300000.0,
      "Gain Loss On Sale Of Business": -13000000.0,
      "Net Income From Continuing Operations": 1563200000.0
    },
    "2021-12-31T00:00:00": {
      "Free Cash Flow": 702500000.0,
      "Repurchase Of Capital Stock": null,
      "Repayment Of Debt": -2256000000.0,
      "Issuance Of Debt": 3700100000.0,
      "Issuance Of Capital Stock": 8700000.0,
      "Capital Expenditure": -206400000.0,
      "End Cash Position": 2040000000.0,
      "Other Cash Adjustment Outside Changein Cash": null,
      "Beginning Cash Position": 2506700000.0,
      "Effect Of Exchange Rate Changes": -6300000.0,
      "Changes In Cash": -460400000.0,
      "Financing Cash Flow": 798700000.0,
      "Net Other Financing Charges": -40900000.0,
      "Cash Dividends Paid": -550600000.0,
      "Common Stock Dividend Paid": -550600000.0,
      "Net Common Stock Issuance": 8700000.0,
      "Common Stock Payments": null,
      "Common Stock Issuance": 8700000.0,
      "Net Issuance Payments Of Debt": 1444100000.0,
      "Net Short Term Debt Issuance": 801000000.0,
      "Short Term Debt Payments": -1900000000.0,
      "Short Term Debt Issuance": 2701000000.0,
      "Net Long Term Debt Issuance": 643100000.0,
      "Long Term Debt Payments": -356000000.0,
      "Long Term Debt Issuance": 999100000.0,
      "Investing Cash Flow": -2168000000.0,
      "Net Other Investing Changes": 734400000.0,
      "Net Investment Purchase And Sale": -842800000.0,
      "Sale Of Investment": 516500000.0,
      "Purchase Of Investment": -1359300000.0,
      "Net Business Purchase And Sale": -1855000000.0,
      "Sale Of Business": 0.0,
      "Purchase Of Business": -1855000000.0,
      "Net Intangibles Purchase And Sale": -166800000.0,
      "Sale Of Intangibles": 1800000.0,
      "Purchase Of Intangibles": -168600000.0,
      "Net PPE Purchase And Sale": -37800000.0,
      "Sale Of PPE": null,
      "Purchase Of PPE": -37800000.0,
      "Operating Cash Flow": 908900000.0,
      "Change In Working Capital": -426900000.0,
      "Change In Other Current Liabilities": -2349000000.0,
      "Change In Payable": null,
      "Change In Receivables": 1922100000.0,
      "Other Non Cash Items": 2400000.0,
      "Stock Based Compensation": null,
      "Provisionand Write Offof Assets": -53100000.0,
      "Deferred Tax": -100000.0,
      "Depreciation And Amortization": 293700000.0,
      "Depreciation": 293700000.0,
      "Gain Loss On Investment Securities": -143100000.0,
      "Gain Loss On Sale Of Business": -10500000.0,
      "Net Income From Continuing Operations": 1264900000.0
    }
  },
  "earnings_estimate": {
    "avg": {
      "0q": 2.84986,
      "+1q": 2.8786,
      "0y": 11.81758,
      "+1y": 12.71207
    },
    "low": {
      "0q": 2.84986,
      "+1q": 2.8786,
      "0y": 11.69,
      "+1y": 12.36314
    },
    "high": {
      "0q": 2.84986,
      "+1q": 2.8786,
      "0y": 12.096,
      "+1y": 13.52535
    },
    "yearAgoEps": {
      "0q": 2.86,
      "+1q": 2.77,
      "0y": 10.9,
      "+1y": 11.81758
    },
    "numberOfAnalysts": {
      "0q": 1,
      "+1q": 1,
      "0y": 6,
      "+1y": 8
    },
    "growth": {
      "0q": -0.0034999999,
      "+1q": 0.0392,
      "0y": 0.0842,
      "+1y": 0.0757
    }
  },
  "revenue_estimate": {
    "avg": {
      "0q": 1546770360,
      "+1q": 1566861870,
      "0y": 6306598360,
      "+1y": 6609931180
    },
    "low": {
      "0q": 1519375720,
      "+1q": 1545230740,
      "0y": 6140188200,
      "+1y": 6421822210
    },
    "high": {
      "0q": 1574165000,
      "+1q": 1588493000,
      "0y": 6398000000,
      "+1y": 6839506730
    },
    "numberOfAnalysts": {
      "0q": 2,
      "+1q": 2,
      "0y": 10,
      "+1y": 10
    },
    "yearAgoRevenue": {
      "0q": 1507000000,
      "+1q": 1504900000,
      "0y": 6026000000,
      "+1y": 6306598360
    },
    "growth": {
      "0q": 0.026400002,
      "+1q": 0.041199997,
      "0y": 0.0466,
      "+1y": 0.0481
    }
  },
  "growth_estimates": {
    "stockTrend": {
      "0q": -0.0034999999,
      "+1q": 0.0392,
      "0y": 0.0842,
      "+1y": 0.0757,
      "LTG": null
    },
    "indexTrend": {
      "0q": 0.1273,
      "+1q": 0.103599995,
      "0y": 0.14310001,
      "+1y": 0.1557,
      "LTG": 0.122
    }
  },
  "revenue_forecasts": null,
  "dividend_rate": 4.2,
  "trailing_dividend_rate": 4.2
}