{
  "ticker": "DBK.DE",
  "name": "Deutsche Bank",
  "country": "germany",
  "currency": "EUR",
  "last_fetched": "2026-02-26T20:47:33.185764",
  "market_cap": 59304370176,
  "revenue": 30386999296,
  "net_income": 6169999872,
  "pe_ratio": 9.669782,
  "forward_pe": 7.9842167,
  "dividend_yield": 3.27,
  "profit_margin": 0.22809,
  "roe": 0.08944,
  "debt_to_equity": null,
  "beta": 1.004,
  "ev_to_ebitda": null,
  "sector": "Financial Services",
  "industry": "Banks - Regional",
  "summary": "Deutsche Bank Aktiengesellschaft, a stock corporation, provides corporate and investment banking, private clients, and asset management products and services in Germany, the United Kingdom, rest of Europe, the Middle East, Africa, the Americas, and the Asia-Pacific. It operates through Corporate Bank, Investment Bank, Private Bank, and Asset Management segments. The Corporate Bank segment offers risk management solutions, cash management, trade finance and lending, trust and agency, and securities services. The Investment Bank segment provides debt origination, merger and acquisitions, foreign exchange, and equity advisory and origination platform services. The Private Bank segment offers payment and account services, and credit and deposit products, as well as investment advice products, such as environmental, social, and governance products. This segment also provides banking, wealth management, other financial, and postal and parcel services; and supports in planning, managing and investing wealth, financing personal and business interests, and servicing institutional and corporate needs. The Asset Management segment offers investment solutions, such as alternative investments, which include real estate, infrastructure, liquid real assets, and sustainable investments; and various other services, including insurance and pension solutions, asset liability management, portfolio management solutions, and asset allocation advisory to individuals and institutions. Deutsche Bank Aktiengesellschaft was founded in 1870 and is headquartered in Frankfurt am Main, Germany.",
  "website": "https://www.db.com",
  "employees": 89879,
  "target_high": 40.0,
  "target_low": 10.9,
  "target_mean": 33.65,
  "target_median": 35.0,
  "recommendation": "hold",
  "num_analysts": 17,
  "income_stmt": {
    "2024-12-31T00:00:00": {
      "Tax Effect Of Unusual Items": -861220000.0,
      "Tax Rate For Calcs": 0.34,
      "Total Unusual Items": -2533000000.0,
      "Total Unusual Items Excluding Goodwill": -2533000000.0,
      "Net Income From Continuing Operation Net Minority Interest": 3366000000.0,
      "Net Interest Income": 13064000000.0,
      "Interest Expense": 36292000000.0,
      "Interest Income": 49356000000.0,
      "Normalized Income": 5037780000.0,
      "Net Income From Continuing And Discontinued Operation": 3366000000.0,
      "Diluted Average Shares": 2039300000.0,
      "Basic Average Shares": 1993600000.0,
      "Diluted EPS": 1.37,
      "Basic EPS": 1.4,
      "Diluted NI Availto Com Stockholders": 2792000000.0,
      "Average Dilution Earnings": 0.0,
      "Net Income Common Stockholders": 2792000000.0,
      "Otherunder Preferred Stock Dividend": 574000000.0,
      "Net Income": 3366000000.0,
      "Minority Interests": -139000000.0,
      "Net Income Including Noncontrolling Interests": 3505000000.0,
      "Net Income Continuous Operations": 3505000000.0,
      "Tax Provision": 1786000000.0,
      "Pretax Income": 5291000000.0,
      "Special Income Charges": -2533000000.0,
      "Other Special Charges": 2004000000.0,
      "Impairment Of Capital Assets": 0.0,
      "Restructuring And Mergern Acquisition": 529000000.0,
      "Gain On Sale Of Security": 714000000.0,
      "Selling General And Administration": 18380000000.0,
      "Selling And Marketing Expense": 149000000.0,
      "General And Administrative Expense": 18231000000.0,
      "Other Gand A": 6500000000.0,
      "Salaries And Wages": 11731000000.0,
      "Total Revenue": 30048000000.0,
      "Operating Revenue": 30048000000.0,
      "Occupancy And Equipment": 1624000000.0,
      "Professional Expense And Contract Services Expense": 763000000.0,
      "Other Non Interest Expense": -360000000.0
    },
    "2023-12-31T00:00:00": {
      "Tax Effect Of Unusual Items": -149660000.0,
      "Tax Rate For Calcs": 0.14,
      "Total Unusual Items": -1069000000.0,
      "Total Unusual Items Excluding Goodwill": -1069000000.0,
      "Net Income From Continuing Operation Net Minority Interest": 4772000000.0,
      "Net Interest Income": 13602000000.0,
      "Interest Expense": 30473000000.0,
      "Interest Income": 44075000000.0,
      "Normalized Income": 5691340000.0,
      "Net Income From Continuing And Discontinued Operation": 4772000000.0,
      "Diluted Average Shares": 2104000000.0,
      "Basic Average Shares": 2064100000.0,
      "Diluted EPS": 2.03,
      "Basic EPS": 2.07,
      "Diluted NI Availto Com Stockholders": 4274000000.0,
      "Average Dilution Earnings": 0.0,
      "Net Income Common Stockholders": 4274000000.0,
      "Otherunder Preferred Stock Dividend": 498000000.0,
      "Net Income": 4772000000.0,
      "Minority Interests": -120000000.0,
      "Net Income Including Noncontrolling Interests": 4892000000.0,
      "Net Income Continuous Operations": 4891000000.0,
      "Tax Provision": 787000000.0,
      "Pretax Income": 5678000000.0,
      "Special Income Charges": -1069000000.0,
      "Other Special Charges": 270000000.0,
      "Impairment Of Capital Assets": 233000000.0,
      "Restructuring And Mergern Acquisition": 566000000.0,
      "Gain On Sale Of Security": 1235000000.0,
      "Selling General And Administration": 18029000000.0,
      "Selling And Marketing Expense": 203000000.0,
      "General And Administrative Expense": 17826000000.0,
      "Other Gand A": 6695000000.0,
      "Salaries And Wages": 11131000000.0,
      "Total Revenue": 28875000000.0,
      "Operating Revenue": 28875000000.0,
      "Occupancy And Equipment": 1478000000.0,
      "Professional Expense And Contract Services Expense": 899000000.0,
      "Other Non Interest Expense": 182000000.0
    },
    "2022-12-31T00:00:00": {
      "Tax Effect Of Unusual Items": -10350000.0,
      "Tax Rate For Calcs": 0.15,
      "Total Unusual Items": -69000000.0,
      "Total Unusual Items Excluding Goodwill": -69000000.0,
      "Net Income From Continuing Operation Net Minority Interest": 5525000000.0,
      "Net Interest Income": 13650000000.0,
      "Interest Expense": 10649000000.0,
      "Interest Income": 24299000000.0,
      "Normalized Income": 5583650000.0,
      "Net Income From Continuing And Discontinued Operation": 5525000000.0,
      "Diluted Average Shares": 2125600000.0,
      "Basic Average Shares": 2084900000.0,
      "Diluted EPS": 2.37,
      "Basic EPS": 2.42,
      "Diluted NI Availto Com Stockholders": 5046000000.0,
      "Average Dilution Earnings": 0.0,
      "Net Income Common Stockholders": 5046000000.0,
      "Otherunder Preferred Stock Dividend": 479000000.0,
      "Net Income": 5525000000.0,
      "Minority Interests": -134000000.0,
      "Net Income Including Noncontrolling Interests": 5659000000.0,
      "Net Income Continuous Operations": 5658000000.0,
      "Tax Provision": -64000000.0,
      "Pretax Income": 5594000000.0,
      "Special Income Charges": -69000000.0,
      "Other Special Charges": 9000000.0,
      "Impairment Of Capital Assets": 68000000.0,
      "Restructuring And Mergern Acquisition": -8000000.0,
      "Gain On Sale Of Security": -409000000.0,
      "Selling General And Administration": 16979000000.0,
      "Selling And Marketing Expense": 165000000.0,
      "General And Administrative Expense": 16814000000.0,
      "Other Gand A": 6102000000.0,
      "Salaries And Wages": 10712000000.0,
      "Total Revenue": 26656000000.0,
      "Operating Revenue": 26656000000.0,
      "Occupancy And Equipment": 1429000000.0,
      "Professional Expense And Contract Services Expense": 858000000.0,
      "Other Non Interest Expense": 652000000.0
    },
    "2021-12-31T00:00:00": {
      "Tax Effect Of Unusual Items": -241540000.0,
      "Tax Rate For Calcs": 0.26,
      "Total Unusual Items": -929000000.0,
      "Total Unusual Items Excluding Goodwill": -929000000.0,
      "Net Income From Continuing Operation Net Minority Interest": 2365000000.0,
      "Net Interest Income": 11154000000.0,
      "Interest Expense": 5445000000.0,
      "Interest Income": 16599000000.0,
      "Normalized Income": 3052460000.0,
      "Net Income From Continuing And Discontinued Operation": 2365000000.0,
      "Diluted Average Shares": 2143200000.0,
      "Basic Average Shares": 2096500000.0,
      "Diluted EPS": 0.93,
      "Basic EPS": 0.96,
      "Diluted NI Availto Com Stockholders": 2002000000.0,
      "Average Dilution Earnings": 0.0,
      "Net Income Common Stockholders": 2002000000.0,
      "Otherunder Preferred Stock Dividend": 363000000.0,
      "Net Income": 2365000000.0,
      "Minority Interests": -144000000.0,
      "Net Income Including Noncontrolling Interests": 2510000000.0,
      "Net Income Continuous Operations": 2510000000.0,
      "Tax Provision": 880000000.0,
      "Pretax Income": 3390000000.0,
      "Special Income Charges": -929000000.0,
      "Other Special Charges": 456000000.0,
      "Impairment Of Capital Assets": 5000000.0,
      "Restructuring And Mergern Acquisition": 468000000.0,
      "Gain On Sale Of Security": 1471000000.0,
      "Selling General And Administration": 17570000000.0,
      "Selling And Marketing Expense": 178000000.0,
      "General And Administrative Expense": 17392000000.0,
      "Other Gand A": 6974000000.0,
      "Salaries And Wages": 10418000000.0,
      "Total Revenue": 25303000000.0,
      "Operating Revenue": 25303000000.0,
      "Occupancy And Equipment": 1727000000.0,
      "Professional Expense And Contract Services Expense": 924000000.0,
      "Other Non Interest Expense": 346000000.0
    }
  },
  "quarterly_income": {
    "2025-12-31T00:00:00": {
      "Tax Effect Of Unusual Items": null,
      "Tax Rate For Calcs": null,
      "Total Unusual Items": null,
      "Total Unusual Items Excluding Goodwill": null,
      "Net Income From Continuing Operation Net Minority Interest": null,
      "Net Interest Income": null,
      "Interest Expense": null,
      "Interest Income": null,
      "Normalized Income": null,
      "Net Income From Continuing And Discontinued Operation": null,
      "Diluted Average Shares": 1909178977.0,
      "Basic Average Shares": 1909178977.0,
      "Diluted EPS": 0.679873,
      "Basic EPS": 0.679873,
      "Diluted NI Availto Com Stockholders": null,
      "Net Income Common Stockholders": null,
      "Otherunder Preferred Stock Dividend": null,
      "Net Income": null,
      "Minority Interests": null,
      "Net Income Including Noncontrolling Interests": null,
      "Net Income Continuous Operations": null,
      "Tax Provision": null,
      "Pretax Income": null,
      "Special Income Charges": null,
      "Other Special Charges": null,
      "Impairment Of Capital Assets": null,
      "Restructuring And Mergern Acquisition": null,
      "Gain On Sale Of Security": null,
      "Selling General And Administration": null,
      "General And Administrative Expense": null,
      "Other Gand A": null,
      "Salaries And Wages": null,
      "Total Revenue": null,
      "Operating Revenue": null,
      "Other Non Interest Expense": null
    },
    "2025-09-30T00:00:00": {
      "Tax Effect Of Unusual Items": -37700000.0,
      "Tax Rate For Calcs": 0.26,
      "Total Unusual Items": -145000000.0,
      "Total Unusual Items Excluding Goodwill": -145000000.0,
      "Net Income From Continuing Operation Net Minority Interest": 1773000000.0,
      "Net Interest Income": 3916000000.0,
      "Interest Expense": 7053000000.0,
      "Interest Income": 10969000000.0,
      "Normalized Income": 1880300000.0,
      "Net Income From Continuing And Discontinued Operation": 1773000000.0,
      "Diluted Average Shares": null,
      "Basic Average Shares": null,
      "Diluted EPS": null,
      "Basic EPS": null,
      "Diluted NI Availto Com Stockholders": 1564000000.0,
      "Net Income Common Stockholders": 1564000000.0,
      "Otherunder Preferred Stock Dividend": 209000000.0,
      "Net Income": 1773000000.0,
      "Minority Interests": -46000000.0,
      "Net Income Including Noncontrolling Interests": 1819000000.0,
      "Net Income Continuous Operations": 1819000000.0,
      "Tax Provision": 626000000.0,
      "Pretax Income": 2445000000.0,
      "Special Income Charges": -145000000.0,
      "Other Special Charges": 96000000.0,
      "Impairment Of Capital Assets": 0.0,
      "Restructuring And Mergern Acquisition": 49000000.0,
      "Gain On Sale Of Security": 1488000000.0,
      "Selling General And Administration": 5178000000.0,
      "General And Administrative Expense": 5178000000.0,
      "Other Gand A": 2247000000.0,
      "Salaries And Wages": 2931000000.0,
      "Total Revenue": 8024000000.0,
      "Operating Revenue": 8024000000.0,
      "Other Non Interest Expense": -143000000.0
    },
    "2025-06-30T00:00:00": {
      "Tax Effect Of Unusual Items": 12600000.0,
      "Tax Rate For Calcs": 0.28,
      "Total Unusual Items": 45000000.0,
      "Total Unusual Items Excluding Goodwill": 45000000.0,
      "Net Income From Continuing Operation Net Minority Interest": 1687000000.0,
      "Net Interest Income": 3837000000.0,
      "Interest Expense": 7206000000.0,
      "Interest Income": 11043000000.0,
      "Normalized Income": 1654600000.0,
      "Net Income From Continuing And Discontinued Operation": 1687000000.0,
      "Diluted Average Shares": 2006800000.0,
      "Basic Average Shares": 1968700000.0,
      "Diluted EPS": 0.739984,
      "Basic EPS": 0.754305,
      "Diluted NI Availto Com Stockholders": 1485000000.0,
      "Net Income Common Stockholders": 1485000000.0,
      "Otherunder Preferred Stock Dividend": 202000000.0,
      "Net Income": 1687000000.0,
      "Minority Interests": -46000000.0,
      "Net Income Including Noncontrolling Interests": 1733000000.0,
      "Net Income Continuous Operations": 1733000000.0,
      "Tax Provision": 688000000.0,
      "Pretax Income": 2421000000.0,
      "Special Income Charges": 45000000.0,
      "Other Special Charges": -94000000.0,
      "Impairment Of Capital Assets": 0.0,
      "Restructuring And Mergern Acquisition": 49000000.0,
      "Gain On Sale Of Security": -59000000.0,
      "Selling General And Administration": 4959000000.0,
      "General And Administrative Expense": 4959000000.0,
      "Other Gand A": 2065000000.0,
      "Salaries And Wages": 2894000000.0,
      "Total Revenue": 7821000000.0,
      "Operating Revenue": 7821000000.0,
      "Other Non Interest Expense": 45000000.0
    },
    "2025-03-31T00:00:00": {
      "Tax Effect Of Unusual Items": -27260000.0,
      "Tax Rate For Calcs": 0.29,
      "Total Unusual Items": -94000000.0,
      "Total Unusual Items Excluding Goodwill": -94000000.0,
      "Net Income From Continuing Operation Net Minority Interest": 1968000000.0,
      "Net Interest Income": 3670000000.0,
      "Interest Expense": 7823000000.0,
      "Interest Income": 11493000000.0,
      "Normalized Income": 2034740000.0,
      "Net Income From Continuing And Discontinued Operation": 1968000000.0,
      "Diluted Average Shares": 1997700000.0,
      "Basic Average Shares": 1951400000.0,
      "Diluted EPS": 0.888522,
      "Basic EPS": 0.909603,
      "Diluted NI Availto Com Stockholders": 1775000000.0,
      "Net Income Common Stockholders": 1775000000.0,
      "Otherunder Preferred Stock Dividend": 193000000.0,
      "Net Income": 1968000000.0,
      "Minority Interests": -44000000.0,
      "Net Income Including Noncontrolling Interests": 2012000000.0,
      "Net Income Continuous Operations": 2012000000.0,
      "Tax Provision": 825000000.0,
      "Pretax Income": 2837000000.0,
      "Special Income Charges": -94000000.0,
      "Other Special Charges": 26000000.0,
      "Impairment Of Capital Assets": 0.0,
      "Restructuring And Mergern Acquisition": 68000000.0,
      "Gain On Sale Of Security": 1855000000.0,
      "Selling General And Administration": 5221000000.0,
      "General And Administrative Expense": 5221000000.0,
      "Other Gand A": 2180000000.0,
      "Salaries And Wages": 3041000000.0,
      "Total Revenue": 8544000000.0,
      "Operating Revenue": 8544000000.0,
      "Other Non Interest Expense": -99000000.0
    },
    "2024-12-31T00:00:00": {
      "Tax Effect Of Unusual Items": -137100000.0,
      "Tax Rate For Calcs": 0.15,
      "Total Unusual Items": -914000000.0,
      "Total Unusual Items Excluding Goodwill": -914000000.0,
      "Net Income From Continuing Operation Net Minority Interest": 303000000.0,
      "Net Interest Income": 3657000000.0,
      "Interest Expense": 8075000000.0,
      "Interest Income": 11732000000.0,
      "Normalized Income": 1079900000.0,
      "Net Income From Continuing And Discontinued Operation": 303000000.0,
      "Diluted Average Shares": null,
      "Basic Average Shares": null,
      "Diluted EPS": null,
      "Basic EPS": null,
      "Diluted NI Availto Com Stockholders": 199000000.0,
      "Net Income Common Stockholders": 199000000.0,
      "Otherunder Preferred Stock Dividend": 104000000.0,
      "Net Income": 303000000.0,
      "Minority Interests": -34000000.0,
      "Net Income Including Noncontrolling Interests": 337000000.0,
      "Net Income Continuous Operations": 336000000.0,
      "Tax Provision": 246000000.0,
      "Pretax Income": 582000000.0,
      "Special Income Charges": -914000000.0,
      "Other Special Charges": 628000000.0,
      "Impairment Of Capital Assets": 0.0,
      "Restructuring And Mergern Acquisition": 286000000.0,
      "Gain On Sale Of Security": -4444000000.0,
      "Selling General And Administration": 1517000000.0,
      "General And Administrative Expense": 1368000000.0,
      "Other Gand A": -1539000000.0,
      "Salaries And Wages": 2907000000.0,
      "Total Revenue": 7192000000.0,
      "Operating Revenue": 7192000000.0,
      "Other Non Interest Expense": 1372000000.0
    },
    "2024-09-30T00:00:00": {
      "Tax Effect Of Unusual Items": 78520000.0,
      "Tax Rate For Calcs": 0.26,
      "Total Unusual Items": 302000000.0,
      "Total Unusual Items Excluding Goodwill": 302000000.0,
      "Net Income From Continuing Operation Net Minority Interest": 1633000000.0,
      "Net Interest Income": 3254000000.0,
      "Interest Expense": 9108000000.0,
      "Interest Income": 12362000000.0,
      "Normalized Income": 1409520000.0,
      "Net Income From Continuing And Discontinued Operation": 1633000000.0,
      "Diluted Average Shares": 2026200000.0,
      "Basic Average Shares": 1980900000.0,
      "Diluted EPS": 0.81,
      "Basic EPS": 0.82,
      "Diluted NI Availto Com Stockholders": 1461000000.0,
      "Net Income Common Stockholders": 1461000000.0,
      "Otherunder Preferred Stock Dividend": 172000000.0,
      "Net Income": 1633000000.0,
      "Minority Interests": -32000000.0,
      "Net Income Including Noncontrolling Interests": 1665000000.0,
      "Net Income Continuous Operations": 1665000000.0,
      "Tax Provision": 597000000.0,
      "Pretax Income": 2262000000.0,
      "Special Income Charges": 302000000.0,
      "Other Special Charges": -344000000.0,
      "Impairment Of Capital Assets": 0.0,
      "Restructuring And Mergern Acquisition": 42000000.0,
      "Gain On Sale Of Security": 1452000000.0,
      "Selling General And Administration": 4812000000.0,
      "General And Administrative Expense": 4812000000.0,
      "Other Gand A": 1928000000.0,
      "Salaries And Wages": 2884000000.0,
      "Total Revenue": 7481000000.0,
      "Operating Revenue": 7481000000.0,
      "Other Non Interest Expense": 234000000.0
    },
    "2024-06-30T00:00:00": {
      "Tax Effect Of Unusual Items": null,
      "Tax Rate For Calcs": null,
      "Total Unusual Items": null,
      "Total Unusual Items Excluding Goodwill": null,
      "Net Income From Continuing Operation Net Minority Interest": null,
      "Net Interest Income": null,
      "Interest Expense": null,
      "Interest Income": null,
      "Normalized Income": null,
      "Net Income From Continuing And Discontinued Operation": null,
      "Diluted Average Shares": 1998000000.0,
      "Basic Average Shares": 1998000000.0,
      "Diluted EPS": -0.071572,
      "Basic EPS": -0.071572,
      "Diluted NI Availto Com Stockholders": null,
      "Net Income Common Stockholders": null,
      "Otherunder Preferred Stock Dividend": null,
      "Net Income": null,
      "Minority Interests": null,
      "Net Income Including Noncontrolling Interests": null,
      "Net Income Continuous Operations": null,
      "Tax Provision": null,
      "Pretax Income": null,
      "Special Income Charges": null,
      "Other Special Charges": null,
      "Impairment Of Capital Assets": null,
      "Restructuring And Mergern Acquisition": null,
      "Gain On Sale Of Security": null,
      "Selling General And Administration": null,
      "General And Administrative Expense": null,
      "Other Gand A": null,
      "Salaries And Wages": null,
      "Total Revenue": null,
      "Operating Revenue": null,
      "Other Non Interest Expense": null
    }
  },
  "balance_sheet": {
    "2024-12-31T00:00:00": {
      "Treasury Shares Number": 49575838.0,
      "Ordinary Shares Number": 1983625755.0,
      "Share Issued": 2033201593.0,
      "Total Debt": 151490000000.0,
      "Tangible Book Value": 70077000000.0,
      "Invested Capital": 224828000000.0,
      "Net Tangible Assets": 70077000000.0,
      "Capital Lease Obligations": 4488000000.0,
      "Common Stock Equity": 77826000000.0,
      "Total Capitalization": 214934000000.0,
      "Total Equity Gross Minority Interest": 79432000000.0,
      "Minority Interest": 1606000000.0,
      "Stockholders Equity": 77826000000.0,
      "Other Equity Interest": 11550000000.0,
      "Gains Losses Not Affecting Retained Earnings": -1229000000.0,
      "Treasury Stock": 713000000.0,
      "Retained Earnings": 23368000000.0,
      "Additional Paid In Capital": 39744000000.0,
      "Capital Stock": 5106000000.0,
      "Common Stock": 5106000000.0,
      "Total Liabilities Net Minority Interest": 1307745000000.0,
      "Preferred Securities Outside Stock Equity": 287000000.0,
      "Derivative Product Liabilities": 276395000000.0,
      "Non Current Deferred Liabilities": 590000000.0,
      "Non Current Deferred Taxes Liabilities": 590000000.0,
      "Long Term Debt And Capital Lease Obligation": 141596000000.0,
      "Long Term Capital Lease Obligation": 4488000000.0,
      "Long Term Debt": 137108000000.0,
      "Long Term Provisions": 3326000000.0,
      "Current Debt And Capital Lease Obligation": 9894000000.0,
      "Current Debt": 9894000000.0,
      "Other Current Borrowings": 3940000000.0,
      "Commercial Paper": 5954000000.0,
      "Payables And Accrued Expenses": 69588000000.0,
      "Payables": 69588000000.0,
      "Total Tax Payable": 720000000.0,
      "Income Tax Payable": 720000000.0,
      "Accounts Payable": 68868000000.0,
      "Total Assets": 1387177000000.0,
      "Investments And Advances": 192984000000.0,
      "Available For Sale Securities": 29348000000.0,
      "Trading Securities": 128372000000.0,
      "Long Term Equity Investment": 1028000000.0,
      "Goodwill And Other Intangible Assets": 7749000000.0,
      "Other Intangible Assets": 4787000000.0,
      "Goodwill": 2962000000.0,
      "Net PPE": 6193000000.0,
      "Accumulated Depreciation": -7291000000.0,
      "Gross PPE": 13484000000.0,
      "Leases": 3298000000.0,
      "Construction In Progress": 360000000.0,
      "Other Properties": 7395000000.0,
      "Machinery Furniture Equipment": 2431000000.0,
      "Receivables": 67066000000.0,
      "Other Receivables": 1801000000.0,
      "Accounts Receivable": 65265000000.0,
      "Other Short Term Investments": 34236000000.0,
      "Cash And Cash Equivalents": 153654000000.0,
      "Cash Financial": 147494000000.0,
      "Cash Cash Equivalents And Federal Funds Sold": 285979000000.0
    },
    "2023-12-31T00:00:00": {
      "Treasury Shares Number": 48195109.0,
      "Ordinary Shares Number": 2038347850.0,
      "Share Issued": 2086542959.0,
      "Total Debt": 144217000000.0,
      "Tangible Book Value": 65727000000.0,
      "Invested Capital": 212778000000.0,
      "Net Tangible Assets": 65727000000.0,
      "Capital Lease Obligations": 4493000000.0,
      "Common Stock Equity": 73054000000.0,
      "Total Capitalization": 203158000000.0,
      "Total Equity Gross Minority Interest": 74817000000.0,
      "Minority Interest": 1763000000.0,
      "Stockholders Equity": 73054000000.0,
      "Other Equity Interest": 8569000000.0,
      "Gains Losses Not Affecting Retained Earnings": -1760000000.0,
      "Treasury Stock": 481000000.0,
      "Retained Earnings": 21316000000.0,
      "Additional Paid In Capital": 40187000000.0,
      "Capital Stock": 5223000000.0,
      "Common Stock": 5223000000.0,
      "Total Liabilities Net Minority Interest": 1237514000000.0,
      "Preferred Securities Outside Stock Equity": 289000000.0,
      "Derivative Product Liabilities": 238260000000.0,
      "Non Current Deferred Liabilities": 546000000.0,
      "Non Current Deferred Taxes Liabilities": 546000000.0,
      "Long Term Debt And Capital Lease Obligation": 134597000000.0,
      "Long Term Capital Lease Obligation": 4493000000.0,
      "Long Term Debt": 130104000000.0,
      "Long Term Provisions": 2448000000.0,
      "Current Debt And Capital Lease Obligation": 9620000000.0,
      "Current Debt": 9620000000.0,
      "Other Current Borrowings": 4123000000.0,
      "Commercial Paper": 5497000000.0,
      "Payables And Accrued Expenses": 86955000000.0,
      "Payables": 86955000000.0,
      "Total Tax Payable": 631000000.0,
      "Income Tax Payable": 631000000.0,
      "Accounts Payable": 86324000000.0,
      "Total Assets": 1312331000000.0,
      "Investments And Advances": 177054000000.0,
      "Available For Sale Securities": 30092000000.0,
      "Trading Securities": 117075000000.0,
      "Long Term Equity Investment": 1013000000.0,
      "Goodwill And Other Intangible Assets": 7327000000.0,
      "Other Intangible Assets": 4479000000.0,
      "Goodwill": 2848000000.0,
      "Net PPE": 6184000000.0,
      "Accumulated Depreciation": -6696000000.0,
      "Gross PPE": 12880000000.0,
      "Leases": 3078000000.0,
      "Construction In Progress": 461000000.0,
      "Other Properties": 6948000000.0,
      "Machinery Furniture Equipment": 2393000000.0,
      "Receivables": 78237000000.0,
      "Other Receivables": 1513000000.0,
      "Accounts Receivable": 76724000000.0,
      "Other Short Term Investments": 28874000000.0,
      "Cash And Cash Equivalents": 184556000000.0,
      "Cash Financial": 178416000000.0,
      "Cash Cash Equivalents And Federal Funds Sold": 267023000000.0
    },
    "2022-12-31T00:00:00": {
      "Treasury Shares Number": 28931618.0,
      "Ordinary Shares Number": 2083441513.0,
      "Share Issued": 2112373131.0,
      "Total Debt": 146379000000.0,
      "Tangible Book Value": 63445000000.0,
      "Invested Capital": 212446000000.0,
      "Net Tangible Assets": 63445000000.0,
      "Capital Lease Obligations": 4470000000.0,
      "Common Stock Equity": 70537000000.0,
      "Total Capitalization": 207324000000.0,
      "Total Equity Gross Minority Interest": 72328000000.0,
      "Minority Interest": 1791000000.0,
      "Stockholders Equity": 70537000000.0,
      "Other Equity Interest": 8578000000.0,
      "Gains Losses Not Affecting Retained Earnings": -1314000000.0,
      "Treasury Stock": 331000000.0,
      "Retained Earnings": 17800000000.0,
      "Additional Paid In Capital": 40513000000.0,
      "Capital Stock": 5291000000.0,
      "Common Stock": 5291000000.0,
      "Total Liabilities Net Minority Interest": 1264460000000.0,
      "Preferred Securities Outside Stock Equity": 500000000.0,
      "Derivative Product Liabilities": 282353000000.0,
      "Non Current Deferred Liabilities": 650000000.0,
      "Non Current Deferred Taxes Liabilities": 650000000.0,
      "Long Term Debt And Capital Lease Obligation": 141257000000.0,
      "Long Term Capital Lease Obligation": 4470000000.0,
      "Long Term Debt": 136787000000.0,
      "Long Term Provisions": 2449000000.0,
      "Current Debt And Capital Lease Obligation": 5122000000.0,
      "Current Debt": 5122000000.0,
      "Other Current Borrowings": 3223000000.0,
      "Commercial Paper": 1899000000.0,
      "Payables And Accrued Expenses": 85925000000.0,
      "Payables": 85925000000.0,
      "Total Tax Payable": 388000000.0,
      "Income Tax Payable": 388000000.0,
      "Accounts Payable": 85537000000.0,
      "Total Assets": 1336788000000.0,
      "Investments And Advances": 144289000000.0,
      "Available For Sale Securities": 32848000000.0,
      "Trading Securities": 84867000000.0,
      "Long Term Equity Investment": 1124000000.0,
      "Goodwill And Other Intangible Assets": 7092000000.0,
      "Other Intangible Assets": 4173000000.0,
      "Goodwill": 2919000000.0,
      "Net PPE": 6103000000.0,
      "Accumulated Depreciation": -6760000000.0,
      "Gross PPE": 12863000000.0,
      "Leases": 3523000000.0,
      "Construction In Progress": 216000000.0,
      "Other Properties": 6690000000.0,
      "Machinery Furniture Equipment": 2434000000.0,
      "Receivables": 76422000000.0,
      "Other Receivables": 1584000000.0,
      "Accounts Receivable": 74838000000.0,
      "Other Short Term Investments": 25450000000.0,
      "Cash And Cash Equivalents": 186091000000.0,
      "Cash Financial": 178896000000.0,
      "Cash Cash Equivalents And Federal Funds Sold": 263580000000.0
    },
    "2021-12-31T00:00:00": {
      "Treasury Shares Number": 678948.0,
      "Ordinary Shares Number": 2066094183.0,
      "Share Issued": 2066773131.0,
      "Total Debt": 156189000000.0,
      "Tangible Book Value": 59509000000.0,
      "Invested Capital": 218557000000.0,
      "Net Tangible Assets": 59509000000.0,
      "Capital Lease Obligations": 3965000000.0,
      "Common Stock Equity": 66333000000.0,
      "Total Capitalization": 214523000000.0,
      "Total Equity Gross Minority Interest": 68031000000.0,
      "Minority Interest": 1698000000.0,
      "Stockholders Equity": 66333000000.0,
      "Other Equity Interest": 8305000000.0,
      "Gains Losses Not Affecting Retained Earnings": -444000000.0,
      "Treasury Stock": 6000000.0,
      "Retained Earnings": 12607000000.0,
      "Additional Paid In Capital": 40580000000.0,
      "Capital Stock": 5291000000.0,
      "Common Stock": 5291000000.0,
      "Total Liabilities Net Minority Interest": 1255962000000.0,
      "Preferred Securities Outside Stock Equity": 528000000.0,
      "Derivative Product Liabilities": 287108000000.0,
      "Non Current Deferred Liabilities": 501000000.0,
      "Non Current Deferred Taxes Liabilities": 501000000.0,
      "Long Term Debt And Capital Lease Obligation": 152155000000.0,
      "Long Term Capital Lease Obligation": 3965000000.0,
      "Long Term Debt": 148190000000.0,
      "Long Term Provisions": 2641000000.0,
      "Current Debt And Capital Lease Obligation": 4034000000.0,
      "Current Debt": 4034000000.0,
      "Other Current Borrowings": 2194000000.0,
      "Commercial Paper": 1840000000.0,
      "Payables And Accrued Expenses": 72390000000.0,
      "Payables": 72390000000.0,
      "Total Tax Payable": 600000000.0,
      "Income Tax Payable": 600000000.0,
      "Accounts Payable": 71790000000.0,
      "Total Assets": 1323993000000.0,
      "Investments And Advances": 142248000000.0,
      "Available For Sale Securities": 24584000000.0,
      "Trading Securities": 93196000000.0,
      "Long Term Equity Investment": 1091000000.0,
      "Goodwill And Other Intangible Assets": 6824000000.0,
      "Other Intangible Assets": 4019000000.0,
      "Goodwill": 2805000000.0,
      "Net PPE": 5535000000.0,
      "Accumulated Depreciation": -6201000000.0,
      "Gross PPE": 11736000000.0,
      "Leases": 3102000000.0,
      "Construction In Progress": 398000000.0,
      "Other Properties": 5953000000.0,
      "Machinery Furniture Equipment": 2283000000.0,
      "Receivables": 74793000000.0,
      "Other Receivables": 1214000000.0,
      "Accounts Receivable": 73579000000.0,
      "Other Short Term Investments": 23377000000.0,
      "Cash And Cash Equivalents": 199363000000.0,
      "Cash Financial": 192021000000.0,
      "Cash Cash Equivalents And Federal Funds Sold": 268893000000.0
    }
  },
  "cashflow": {
    "2024-12-31T00:00:00": {
      "Free Cash Flow": -29112000000.0,
      "Repurchase Of Capital Stock": -1132000000.0,
      "Repayment Of Debt": -705000000.0,
      "Issuance Of Debt": 20000000.0,
      "Issuance Of Capital Stock": 0.0,
      "Capital Expenditure": -528000000.0,
      "Interest Paid Supplemental Data": 36030000000.0,
      "Income Tax Paid Supplemental Data": 1392000000.0,
      "End Cash Position": 130666000000.0,
      "Beginning Cash Position": 163768000000.0,
      "Effect Of Exchange Rate Changes": 2910000000.0,
      "Changes In Cash": -36011000000.0,
      "Financing Cash Flow": -646000000.0,
      "Cash Flow From Continuing Financing Activities": -647000000.0,
      "Net Other Financing Charges": 2054000000.0,
      "Interest Paid Cff": -574000000.0,
      "Cash Dividends Paid": -883000000.0,
      "Common Stock Dividend Paid": -883000000.0,
      "Net Preferred Stock Issuance": -6000000.0,
      "Preferred Stock Payments": -6000000.0,
      "Preferred Stock Issuance": 0.0,
      "Net Common Stock Issuance": -1126000000.0,
      "Common Stock Payments": -1126000000.0,
      "Common Stock Issuance": 0.0,
      "Net Issuance Payments Of Debt": -685000000.0,
      "Net Long Term Debt Issuance": -685000000.0,
      "Long Term Debt Payments": -705000000.0,
      "Long Term Debt Issuance": 20000000.0,
      "Investing Cash Flow": -6781000000.0,
      "Cash Flow From Continuing Investing Activities": -6782000000.0,
      "Net Other Investing Changes": -1374000000.0,
      "Net Investment Purchase And Sale": -4902000000.0,
      "Sale Of Investment": 48161000000.0,
      "Purchase Of Investment": -53063000000.0,
      "Net Business Purchase And Sale": 3000000.0,
      "Net PPE Purchase And Sale": -508000000.0,
      "Sale Of PPE": 20000000.0,
      "Purchase Of PPE": -528000000.0,
      "Operating Cash Flow": -28584000000.0,
      "Cash Flow From Continuing Operating Activities": -28583000000.0,
      "Change In Working Capital": -37704000000.0,
      "Change In Other Working Capital": -613000000.0,
      "Change In Other Current Liabilities": -19800000000.0,
      "Change In Other Current Assets": 13990000000.0,
      "Other Non Cash Items": -4000000.0,
      "Asset Impairment Charge": 3388000000.0,
      "Deferred Tax": 473000000.0,
      "Deferred Income Tax": 473000000.0,
      "Operating Gains Losses": -72000000.0,
      "Earnings Losses From Equity Investments": 4000000.0,
      "Gain Loss On Investment Securities": -76000000.0,
      "Net Income From Continuing Operations": 3505000000.0
    },
    "2023-12-31T00:00:00": {
      "Free Cash Flow": 5184000000.0,
      "Repurchase Of Capital Stock": -1082000000.0,
      "Repayment Of Debt": -2005000000.0,
      "Issuance Of Debt": 1432000000.0,
      "Issuance Of Capital Stock": 0.0,
      "Capital Expenditure": -422000000.0,
      "Interest Paid Supplemental Data": 28502000000.0,
      "Income Tax Paid Supplemental Data": 955000000.0,
      "End Cash Position": 163768000000.0,
      "Beginning Cash Position": 165626000000.0,
      "Effect Of Exchange Rate Changes": -2036000000.0,
      "Changes In Cash": 178000000.0,
      "Financing Cash Flow": -2852000000.0,
      "Cash Flow From Continuing Financing Activities": -2853000000.0,
      "Net Other Financing Charges": -587000000.0,
      "Interest Paid Cff": -498000000.0,
      "Cash Dividends Paid": -610000000.0,
      "Common Stock Dividend Paid": -610000000.0,
      "Net Preferred Stock Issuance": -225000000.0,
      "Preferred Stock Payments": -225000000.0,
      "Preferred Stock Issuance": 0.0,
      "Net Common Stock Issuance": -857000000.0,
      "Common Stock Payments": -857000000.0,
      "Common Stock Issuance": 0.0,
      "Net Issuance Payments Of Debt": -573000000.0,
      "Net Long Term Debt Issuance": -573000000.0,
      "Long Term Debt Payments": -2005000000.0,
      "Long Term Debt Issuance": 1432000000.0,
      "Investing Cash Flow": -2576000000.0,
      "Cash Flow From Continuing Investing Activities": -2575000000.0,
      "Net Other Investing Changes": -1387000000.0,
      "Net Investment Purchase And Sale": -439000000.0,
      "Sale Of Investment": 43128000000.0,
      "Purchase Of Investment": -43567000000.0,
      "Net Business Purchase And Sale": -361000000.0,
      "Net PPE Purchase And Sale": -389000000.0,
      "Sale Of PPE": 33000000.0,
      "Purchase Of PPE": -422000000.0,
      "Operating Cash Flow": 5606000000.0,
      "Cash Flow From Continuing Operating Activities": 5608000000.0,
      "Change In Working Capital": -3590000000.0,
      "Change In Other Working Capital": -3364000000.0,
      "Change In Other Current Liabilities": 777000000.0,
      "Change In Other Current Assets": -1384000000.0,
      "Other Non Cash Items": 218000000.0,
      "Asset Impairment Charge": 3111000000.0,
      "Deferred Tax": -553000000.0,
      "Deferred Income Tax": -553000000.0,
      "Operating Gains Losses": 23000000.0,
      "Earnings Losses From Equity Investments": 107000000.0,
      "Gain Loss On Investment Securities": -84000000.0,
      "Net Income From Continuing Operations": 4892000000.0
    },
    "2022-12-31T00:00:00": {
      "Free Cash Flow": -2450000000.0,
      "Repurchase Of Capital Stock": -695000000.0,
      "Repayment Of Debt": -697000000.0,
      "Issuance Of Debt": 2716000000.0,
      "Issuance Of Capital Stock": 0.0,
      "Capital Expenditure": -337000000.0,
      "Interest Paid Supplemental Data": 9468000000.0,
      "Income Tax Paid Supplemental Data": 1288000000.0,
      "End Cash Position": 165626000000.0,
      "Beginning Cash Position": 179946000000.0,
      "Effect Of Exchange Rate Changes": 4354000000.0,
      "Changes In Cash": -18674000000.0,
      "Financing Cash Flow": 614000000.0,
      "Cash Flow From Continuing Financing Activities": 614000000.0,
      "Net Other Financing Charges": -304000000.0,
      "Interest Paid Cff": -479000000.0,
      "Cash Dividends Paid": -406000000.0,
      "Common Stock Dividend Paid": -406000000.0,
      "Net Preferred Stock Issuance": 0.0,
      "Preferred Stock Payments": 0.0,
      "Preferred Stock Issuance": 0.0,
      "Net Common Stock Issuance": -695000000.0,
      "Common Stock Payments": -695000000.0,
      "Common Stock Issuance": 0.0,
      "Net Issuance Payments Of Debt": 2019000000.0,
      "Net Long Term Debt Issuance": 2019000000.0,
      "Long Term Debt Payments": -697000000.0,
      "Long Term Debt Issuance": 2716000000.0,
      "Investing Cash Flow": -17175000000.0,
      "Cash Flow From Continuing Investing Activities": -17176000000.0,
      "Net Other Investing Changes": -1085000000.0,
      "Net Investment Purchase And Sale": -16214000000.0,
      "Sale Of Investment": 43644000000.0,
      "Purchase Of Investment": -59858000000.0,
      "Net Business Purchase And Sale": 439000000.0,
      "Net PPE Purchase And Sale": -315000000.0,
      "Sale Of PPE": 22000000.0,
      "Purchase Of PPE": -337000000.0,
      "Operating Cash Flow": -2113000000.0,
      "Cash Flow From Continuing Operating Activities": -2114000000.0,
      "Change In Working Capital": -11557000000.0,
      "Change In Other Working Capital": 813000000.0,
      "Change In Other Current Liabilities": 12377000000.0,
      "Change In Other Current Assets": -459000000.0,
      "Other Non Cash Items": -117000000.0,
      "Asset Impairment Charge": 3529000000.0,
      "Deferred Tax": -852000000.0,
      "Deferred Income Tax": -852000000.0,
      "Operating Gains Losses": -1000000.0,
      "Earnings Losses From Equity Investments": -129000000.0,
      "Gain Loss On Investment Securities": 128000000.0,
      "Net Income From Continuing Operations": 5659000000.0
    },
    "2021-12-31T00:00:00": {
      "Free Cash Flow": -3502000000.0,
      "Repurchase Of Capital Stock": -850000000.0,
      "Repayment Of Debt": -721000000.0,
      "Issuance Of Debt": 1146000000.0,
      "Issuance Of Capital Stock": 35000000.0,
      "Capital Expenditure": -550000000.0,
      "Interest Paid Supplemental Data": 5557000000.0,
      "Income Tax Paid Supplemental Data": 1031000000.0,
      "End Cash Position": 179946000000.0,
      "Beginning Cash Position": 156328000000.0,
      "Effect Of Exchange Rate Changes": 1345000000.0,
      "Changes In Cash": 22273000000.0,
      "Financing Cash Flow": 1630000000.0,
      "Cash Flow From Continuing Financing Activities": 1629000000.0,
      "Net Other Financing Charges": 2020000000.0,
      "Interest Paid Cff": -363000000.0,
      "Cash Dividends Paid": 0.0,
      "Common Stock Dividend Paid": 0.0,
      "Net Preferred Stock Issuance": -504000000.0,
      "Preferred Stock Payments": -504000000.0,
      "Preferred Stock Issuance": 0.0,
      "Net Common Stock Issuance": -311000000.0,
      "Common Stock Payments": -346000000.0,
      "Common Stock Issuance": 35000000.0,
      "Net Issuance Payments Of Debt": 425000000.0,
      "Net Long Term Debt Issuance": 425000000.0,
      "Long Term Debt Payments": -721000000.0,
      "Long Term Debt Issuance": 1146000000.0,
      "Investing Cash Flow": 23595000000.0,
      "Cash Flow From Continuing Investing Activities": 23595000000.0,
      "Net Other Investing Changes": -1010000000.0,
      "Net Investment Purchase And Sale": 25046000000.0,
      "Sale Of Investment": 79113000000.0,
      "Purchase Of Investment": -54067000000.0,
      "Net Business Purchase And Sale": -5000000.0,
      "Net PPE Purchase And Sale": -436000000.0,
      "Sale Of PPE": 114000000.0,
      "Purchase Of PPE": -550000000.0,
      "Operating Cash Flow": -2952000000.0,
      "Cash Flow From Continuing Operating Activities": -2953000000.0,
      "Change In Working Capital": -9353000000.0,
      "Change In Other Working Capital": 50913000000.0,
      "Change In Other Current Liabilities": -17823000000.0,
      "Change In Other Current Assets": 8046000000.0,
      "Other Non Cash Items": 262000000.0,
      "Asset Impairment Charge": 3568000000.0,
      "Deferred Tax": 19000000.0,
      "Deferred Income Tax": 19000000.0,
      "Operating Gains Losses": -473000000.0,
      "Earnings Losses From Equity Investments": -197000000.0,
      "Gain Loss On Investment Securities": -276000000.0,
      "Net Income From Continuing Operations": 2510000000.0
    }
  },
  "earnings_estimate": {
    "avg": {
      "0q": 1.00968,
      "+1q": 0.75879,
      "0y": 3.37781,
      "+1y": 3.88767
    },
    "low": {
      "0q": 0.97904,
      "+1q": 0.58637,
      "0y": 3.03,
      "+1y": 3.54825
    },
    "high": {
      "0q": 1.05,
      "+1q": 0.85,
      "0y": 3.56,
      "+1y": 4.1
    },
    "yearAgoEps": {
      "0q": 0.9219,
      "+1q": 0.7239,
      "0y": 3.197,
      "+1y": 3.37781
    },
    "numberOfAnalysts": {
      "0q": 3,
      "+1q": 3,
      "0y": 11,
      "+1y": 11
    },
    "growth": {
      "0q": 0.0952,
      "+1q": 0.0482,
      "0y": 0.056599997,
      "+1y": 0.1509
    }
  },
  "revenue_estimate": {
    "avg": {
      "0q": 8657979540,
      "+1q": 8219981940,
      "0y": 33059326190,
      "+1y": 34384813010
    },
    "low": {
      "0q": 8546274090,
      "+1q": 8102025000,
      "0y": 32902559480,
      "+1y": 33740000000
    },
    "high": {
      "0q": 8769685000,
      "+1q": 8337938880,
      "0y": 33206000000,
      "+1y": 35068915900
    },
    "numberOfAnalysts": {
      "0q": 2,
      "+1q": 2,
      "0y": 11,
      "+1y": 13
    },
    "yearAgoRevenue": {
      "0q": 8524000000,
      "+1q": 7804000000,
      "0y": 32096000000,
      "+1y": 33059326190
    },
    "growth": {
      "0q": 0.015700001,
      "+1q": 0.0533,
      "0y": 0.03,
      "+1y": 0.0401
    }
  },
  "growth_estimates": {
    "stockTrend": {
      "0q": 0.0952,
      "+1q": 0.0482,
      "0y": 0.056599997,
      "+1y": 0.1509,
      "LTG": null
    },
    "indexTrend": {
      "0q": 0.1273,
      "+1q": 0.103599995,
      "0y": 0.14310001,
      "+1y": 0.1557,
      "LTG": 0.122
    }
  },
  "revenue_forecasts": null,
  "dividend_rate": 1.0,
  "trailing_dividend_rate": 1.0
}