{
  "ticker": "DHL.DE",
  "name": "DHL Group",
  "country": "germany",
  "currency": "EUR",
  "last_fetched": "2026-02-26T20:47:36.284869",
  "market_cap": 57453240320,
  "revenue": 84053000192,
  "net_income": 3539000064,
  "pe_ratio": 16.228014,
  "forward_pe": 15.062326,
  "dividend_yield": 3.74,
  "profit_margin": 0.0421,
  "roe": 0.16792,
  "debt_to_equity": 120.34,
  "beta": 1.155,
  "ev_to_ebitda": 9.783,
  "sector": "Industrials",
  "industry": "Integrated Freight & Logistics",
  "summary": "Deutsche Post AG operates as a mail and logistics company in Germany, rest of Europe, the Americas, the Asia Pacific, the Middle East, and Africa. The company operates through five segments: Express; Global Forwarding, Freight; Supply Chain; eCommerce; and Post & Parcel Germany. The Express segment offers time-definite courier and express services to business and private customers. The Global Forwarding, Freight segment provides air, ocean, and overland freight forwarding services; and offers multimodal and sector-specific solutions. The Supply Chain segment delivers customized logistics services and supply chain solutions to its customers based on modular components, including warehousing and transport services, as well as value-added services. The eCommerce segment provides parcel delivery and non-time definite international cross-border services. The Post & Parcel Germany segment transports, sorts, and delivers documents and goods; and offers additional services, such as registered mail, insured items, redirection, and storage. Deutsche Post AG was incorporated in 1995 and is headquartered in Bonn, Germany.",
  "website": "https://group.dhl.com",
  "employees": 582766,
  "target_high": 60.0,
  "target_low": 37.5,
  "target_mean": 45.79444,
  "target_median": 44.5,
  "recommendation": "hold",
  "num_analysts": 18,
  "income_stmt": {
    "2024-12-31T00:00:00": {
      "Tax Effect Of Unusual Items": 69934426.229508,
      "Tax Rate For Calcs": 0.295082,
      "Normalized EBITDA": 10577000000.0,
      "Total Unusual Items": 237000000.0,
      "Total Unusual Items Excluding Goodwill": 237000000.0,
      "Net Income From Continuing Operation Net Minority Interest": 3332000000.0,
      "Reconciled Depreciation": 4717000000.0,
      "Reconciled Cost Of Revenue": 71032000000.0,
      "EBITDA": 10814000000.0,
      "EBIT": 6097000000.0,
      "Net Interest Income": -805000000.0,
      "Interest Expense": 1034000000.0,
      "Interest Income": 221000000.0,
      "Normalized Income": 3164934426.229508,
      "Net Income From Continuing And Discontinued Operation": 3332000000.0,
      "Total Expenses": 78836000000.0,
      "Rent Expense Supplemental": 950000000.0,
      "Total Operating Income As Reported": 5886000000.0,
      "Diluted Average Shares": 1187851515.0,
      "Basic Average Shares": 1166162127.0,
      "Diluted EPS": 2.81,
      "Basic EPS": 2.86,
      "Diluted NI Availto Com Stockholders": 3338000000.0,
      "Average Dilution Earnings": 6000000.0,
      "Net Income Common Stockholders": 3332000000.0,
      "Otherunder Preferred Stock Dividend": 0.0,
      "Net Income": 3332000000.0,
      "Minority Interests": -237000000.0,
      "Net Income Including Noncontrolling Interests": 3569000000.0,
      "Net Income Continuous Operations": 3569000000.0,
      "Tax Provision": 1494000000.0,
      "Pretax Income": 5063000000.0,
      "Other Non Operating Income Expenses": 238000000.0,
      "Special Income Charges": 266000000.0,
      "Other Special Charges": -394000000.0,
      "Write Off": 125000000.0,
      "Impairment Of Capital Assets": 3000000.0,
      "Net Non Operating Interest Income Expense": -805000000.0,
      "Total Other Finance Cost": -8000000.0,
      "Interest Expense Non Operating": 1034000000.0,
      "Interest Income Non Operating": 221000000.0,
      "Operating Income": 5350000000.0,
      "Operating Expense": 7804000000.0,
      "Other Operating Expenses": 3578000000.0,
      "Selling General And Administration": 1159000000.0,
      "Selling And Marketing Expense": 357000000.0,
      "General And Administrative Expense": 802000000.0,
      "Gross Profit": 13154000000.0,
      "Cost Of Revenue": 71032000000.0,
      "Total Revenue": 84186000000.0,
      "Operating Revenue": 84186000000.0
    },
    "2023-12-31T00:00:00": {
      "Tax Effect Of Unusual Items": 77094141.120987,
      "Tax Rate For Calcs": 0.286595,
      "Normalized EBITDA": 10540000000.0,
      "Total Unusual Items": 269000000.0,
      "Total Unusual Items Excluding Goodwill": 269000000.0,
      "Net Income From Continuing Operation Net Minority Interest": 3675000000.0,
      "Reconciled Depreciation": 4449000000.0,
      "Reconciled Cost Of Revenue": 68662000000.0,
      "EBITDA": 10809000000.0,
      "EBIT": 6360000000.0,
      "Net Interest Income": -635000000.0,
      "Interest Expense": 847000000.0,
      "Interest Income": 247000000.0,
      "Normalized Income": 3483094141.120987,
      "Net Income From Continuing And Discontinued Operation": 3675000000.0,
      "Total Expenses": 76143000000.0,
      "Rent Expense Supplemental": 945000000.0,
      "Total Operating Income As Reported": 6343000000.0,
      "Diluted Average Shares": 1211649431.0,
      "Basic Average Shares": 1188885217.0,
      "Diluted EPS": 3.04,
      "Basic EPS": 3.09,
      "Diluted NI Availto Com Stockholders": 3681000000.0,
      "Average Dilution Earnings": 6000000.0,
      "Net Income Common Stockholders": 3675000000.0,
      "Otherunder Preferred Stock Dividend": 0.0,
      "Net Income": 3675000000.0,
      "Minority Interests": -258000000.0,
      "Net Income Including Noncontrolling Interests": 3933000000.0,
      "Net Income Continuous Operations": 3933000000.0,
      "Tax Provision": 1580000000.0,
      "Pretax Income": 5513000000.0,
      "Other Non Operating Income Expenses": 251000000.0,
      "Special Income Charges": 297000000.0,
      "Other Special Charges": -394000000.0,
      "Write Off": 67000000.0,
      "Impairment Of Capital Assets": 30000000.0,
      "Net Non Operating Interest Income Expense": -635000000.0,
      "Total Other Finance Cost": 35000000.0,
      "Interest Expense Non Operating": 847000000.0,
      "Interest Income Non Operating": 247000000.0,
      "Operating Income": 5615000000.0,
      "Operating Expense": 7481000000.0,
      "Other Operating Expenses": 3317000000.0,
      "Selling General And Administration": 1142000000.0,
      "Selling And Marketing Expense": 372000000.0,
      "General And Administrative Expense": 770000000.0,
      "Gross Profit": 13096000000.0,
      "Cost Of Revenue": 68662000000.0,
      "Total Revenue": 81758000000.0,
      "Operating Revenue": 81758000000.0
    },
    "2022-12-31T00:00:00": {
      "Tax Effect Of Unusual Items": 62677790.418405,
      "Tax Rate For Calcs": 0.277335,
      "Normalized EBITDA": 12443000000.0,
      "Total Unusual Items": 226000000.0,
      "Total Unusual Items Excluding Goodwill": 226000000.0,
      "Net Income From Continuing Operation Net Minority Interest": 5359000000.0,
      "Reconciled Depreciation": 4130000000.0,
      "Reconciled Cost Of Revenue": 78908000000.0,
      "EBITDA": 12669000000.0,
      "EBIT": 8539000000.0,
      "Net Interest Income": -389000000.0,
      "Interest Expense": 628000000.0,
      "Interest Income": 209000000.0,
      "Normalized Income": 5195677790.418405,
      "Net Income From Continuing And Discontinued Operation": 5359000000.0,
      "Total Expenses": 86478000000.0,
      "Rent Expense Supplemental": 906000000.0,
      "Total Operating Income As Reported": 8436000000.0,
      "Diluted Average Shares": 1238499950.0,
      "Basic Average Shares": 1214024931.0,
      "Diluted EPS": 4.33,
      "Basic EPS": 4.41,
      "Diluted NI Availto Com Stockholders": 5366000000.0,
      "Average Dilution Earnings": 7000000.0,
      "Net Income Common Stockholders": 5359000000.0,
      "Otherunder Preferred Stock Dividend": 0.0,
      "Net Income": 5359000000.0,
      "Minority Interests": -358000000.0,
      "Net Income Including Noncontrolling Interests": 5717000000.0,
      "Net Income Continuous Operations": 5717000000.0,
      "Tax Provision": 2194000000.0,
      "Pretax Income": 7911000000.0,
      "Other Non Operating Income Expenses": 237000000.0,
      "Special Income Charges": 257000000.0,
      "Other Special Charges": -515000000.0,
      "Write Off": 211000000.0,
      "Impairment Of Capital Assets": 47000000.0,
      "Net Non Operating Interest Income Expense": -389000000.0,
      "Total Other Finance Cost": -30000000.0,
      "Interest Expense Non Operating": 628000000.0,
      "Interest Income Non Operating": 209000000.0,
      "Operating Income": 7958000000.0,
      "Operating Expense": 7570000000.0,
      "Other Operating Expenses": 3576000000.0,
      "Selling General And Administration": 1038000000.0,
      "Selling And Marketing Expense": 398000000.0,
      "General And Administrative Expense": 640000000.0,
      "Gross Profit": 15528000000.0,
      "Cost Of Revenue": 78908000000.0,
      "Total Revenue": 94436000000.0,
      "Operating Revenue": 94436000000.0
    },
    "2021-12-31T00:00:00": {
      "Tax Effect Of Unusual Items": 23677130.044843,
      "Tax Rate For Calcs": 0.263079,
      "Normalized EBITDA": 11608000000.0,
      "Total Unusual Items": 90000000.0,
      "Total Unusual Items Excluding Goodwill": 90000000.0,
      "Net Income From Continuing Operation Net Minority Interest": 5053000000.0,
      "Reconciled Depreciation": 3768000000.0,
      "Reconciled Cost Of Revenue": 67244000000.0,
      "EBITDA": 11698000000.0,
      "EBIT": 7930000000.0,
      "Net Interest Income": -528000000.0,
      "Interest Expense": 571000000.0,
      "Interest Income": 101000000.0,
      "Normalized Income": 4986677130.044843,
      "Net Income From Continuing And Discontinued Operation": 5053000000.0,
      "Total Expenses": 74137000000.0,
      "Rent Expense Supplemental": 711000000.0,
      "Total Operating Income As Reported": 7978000000.0,
      "Diluted Average Shares": 1262096999.0,
      "Basic Average Shares": 1232451264.0,
      "Diluted EPS": 4.01,
      "Basic EPS": 4.1,
      "Diluted NI Availto Com Stockholders": 5060000000.0,
      "Average Dilution Earnings": 7000000.0,
      "Net Income Common Stockholders": 5053000000.0,
      "Otherunder Preferred Stock Dividend": 0.0,
      "Net Income": 5053000000.0,
      "Minority Interests": -370000000.0,
      "Net Income Including Noncontrolling Interests": 5423000000.0,
      "Net Income Continuous Operations": 5423000000.0,
      "Tax Provision": 1936000000.0,
      "Pretax Income": 7359000000.0,
      "Other Non Operating Income Expenses": 204000000.0,
      "Special Income Charges": 116000000.0,
      "Other Special Charges": -300000000.0,
      "Write Off": 184000000.0,
      "Impairment Of Capital Assets": 0.0,
      "Net Non Operating Interest Income Expense": -528000000.0,
      "Total Other Finance Cost": 58000000.0,
      "Interest Expense Non Operating": 571000000.0,
      "Interest Income Non Operating": 101000000.0,
      "Operating Income": 7610000000.0,
      "Operating Expense": 6893000000.0,
      "Other Operating Expenses": 2717000000.0,
      "Selling General And Administration": 1275000000.0,
      "Selling And Marketing Expense": 433000000.0,
      "General And Administrative Expense": 842000000.0,
      "Gross Profit": 14503000000.0,
      "Cost Of Revenue": 67244000000.0,
      "Total Revenue": 81747000000.0,
      "Operating Revenue": 81747000000.0
    }
  },
  "quarterly_income": {
    "2025-06-30T00:00:00": {
      "Tax Effect Of Unusual Items": 0.0,
      "Tax Rate For Calcs": 0.299919,
      "Normalized EBITDA": 2736000000.0,
      "Total Unusual Items": null,
      "Total Unusual Items Excluding Goodwill": null,
      "Net Income From Continuing Operation Net Minority Interest": 815000000.0,
      "Reconciled Depreciation": 1190000000.0,
      "Reconciled Cost Of Revenue": 17836000000.0,
      "EBITDA": 2736000000.0,
      "EBIT": 1546000000.0,
      "Net Interest Income": -217000000.0,
      "Interest Expense": 319000000.0,
      "Interest Income": 102000000.0,
      "Normalized Income": 815000000.0,
      "Net Income From Continuing And Discontinued Operation": 815000000.0,
      "Total Expenses": 18465000000.0,
      "Total Operating Income As Reported": 1429000000.0,
      "Diluted Average Shares": 1131944444.0,
      "Basic Average Shares": 1131944444.0,
      "Diluted EPS": 0.72,
      "Basic EPS": 0.72,
      "Diluted NI Availto Com Stockholders": 815000000.0,
      "Average Dilution Earnings": null,
      "Net Income Common Stockholders": 815000000.0,
      "Otherunder Preferred Stock Dividend": 0.0,
      "Net Income": 815000000.0,
      "Minority Interests": -44000000.0,
      "Net Income Including Noncontrolling Interests": 859000000.0,
      "Net Income Continuous Operations": 859000000.0,
      "Tax Provision": 368000000.0,
      "Pretax Income": 1227000000.0,
      "Special Income Charges": null,
      "Write Off": null,
      "Net Non Operating Interest Income Expense": -217000000.0,
      "Interest Expense Non Operating": 319000000.0,
      "Interest Income Non Operating": 102000000.0,
      "Operating Income": 1361000000.0,
      "Operating Expense": 629000000.0,
      "Other Operating Expenses": 1310000000.0,
      "Gross Profit": 1990000000.0,
      "Cost Of Revenue": 17836000000.0,
      "Total Revenue": 19826000000.0,
      "Operating Revenue": 19826000000.0
    },
    "2025-03-31T00:00:00": {
      "Tax Effect Of Unusual Items": -600000.0,
      "Tax Rate For Calcs": 0.3,
      "Normalized EBITDA": 2713000000.0,
      "Total Unusual Items": -2000000.0,
      "Total Unusual Items Excluding Goodwill": -2000000.0,
      "Net Income From Continuing Operation Net Minority Interest": 786000000.0,
      "Reconciled Depreciation": 1220000000.0,
      "Reconciled Cost Of Revenue": 18680000000.0,
      "EBITDA": 2711000000.0,
      "EBIT": 1491000000.0,
      "Net Interest Income": -209000000.0,
      "Interest Expense": 305000000.0,
      "Interest Income": 96000000.0,
      "Normalized Income": 787400000.0,
      "Net Income From Continuing And Discontinued Operation": 786000000.0,
      "Total Expenses": 19435000000.0,
      "Total Operating Income As Reported": 1370000000.0,
      "Diluted Average Shares": 1173251791.0,
      "Basic Average Shares": 1151156211.0,
      "Diluted EPS": 0.67,
      "Basic EPS": 0.68,
      "Diluted NI Availto Com Stockholders": 788000000.0,
      "Average Dilution Earnings": 1000000.0,
      "Net Income Common Stockholders": 786000000.0,
      "Otherunder Preferred Stock Dividend": 0.0,
      "Net Income": 786000000.0,
      "Minority Interests": -43000000.0,
      "Net Income Including Noncontrolling Interests": 830000000.0,
      "Net Income Continuous Operations": 830000000.0,
      "Tax Provision": 356000000.0,
      "Pretax Income": 1186000000.0,
      "Special Income Charges": -2000000.0,
      "Write Off": 2000000.0,
      "Net Non Operating Interest Income Expense": -209000000.0,
      "Interest Expense Non Operating": 305000000.0,
      "Interest Income Non Operating": 96000000.0,
      "Operating Income": 1374000000.0,
      "Operating Expense": 755000000.0,
      "Other Operating Expenses": 1347000000.0,
      "Gross Profit": 2129000000.0,
      "Cost Of Revenue": 18680000000.0,
      "Total Revenue": 20809000000.0,
      "Operating Revenue": 20809000000.0
    },
    "2024-12-31T00:00:00": {
      "Tax Effect Of Unusual Items": 0.0,
      "Tax Rate For Calcs": 0.284563,
      "Normalized EBITDA": 3004000000.0,
      "Total Unusual Items": null,
      "Total Unusual Items Excluding Goodwill": null,
      "Net Income From Continuing Operation Net Minority Interest": 1097000000.0,
      "Reconciled Depreciation": 1243000000.0,
      "Reconciled Cost Of Revenue": 15510000000.0,
      "EBITDA": 3004000000.0,
      "EBIT": 1761000000.0,
      "Net Interest Income": -205000000.0,
      "Interest Expense": 148000000.0,
      "Interest Income": -65000000.0,
      "Normalized Income": 1097000000.0,
      "Net Income From Continuing And Discontinued Operation": 1097000000.0,
      "Total Expenses": 21352000000.0,
      "Total Operating Income As Reported": 1851000000.0,
      "Diluted Average Shares": null,
      "Basic Average Shares": null,
      "Diluted EPS": null,
      "Basic EPS": null,
      "Diluted NI Availto Com Stockholders": 1099000000.0,
      "Average Dilution Earnings": 2000000.0,
      "Net Income Common Stockholders": 1097000000.0,
      "Otherunder Preferred Stock Dividend": 0.0,
      "Net Income": 1097000000.0,
      "Minority Interests": -57000000.0,
      "Net Income Including Noncontrolling Interests": 1154000000.0,
      "Net Income Continuous Operations": 1154000000.0,
      "Tax Provision": 459000000.0,
      "Pretax Income": 1613000000.0,
      "Special Income Charges": null,
      "Write Off": null,
      "Net Non Operating Interest Income Expense": -205000000.0,
      "Interest Expense Non Operating": 148000000.0,
      "Interest Income Non Operating": -65000000.0,
      "Operating Income": 1352000000.0,
      "Operating Expense": 5842000000.0,
      "Other Operating Expenses": -346000000.0,
      "Gross Profit": 7194000000.0,
      "Cost Of Revenue": 15510000000.0,
      "Total Revenue": 22704000000.0,
      "Operating Revenue": 22704000000.0
    },
    "2024-09-30T00:00:00": {
      "Tax Effect Of Unusual Items": 0.0,
      "Tax Rate For Calcs": 0.3,
      "Normalized EBITDA": 2601000000.0,
      "Total Unusual Items": null,
      "Total Unusual Items Excluding Goodwill": null,
      "Net Income From Continuing Operation Net Minority Interest": 751000000.0,
      "Reconciled Depreciation": 1154000000.0,
      "Reconciled Cost Of Revenue": 18625000000.0,
      "EBITDA": 2601000000.0,
      "EBIT": 1447000000.0,
      "Net Interest Income": -210000000.0,
      "Interest Expense": 289000000.0,
      "Interest Income": 79000000.0,
      "Normalized Income": 751000000.0,
      "Net Income From Continuing And Discontinued Operation": 751000000.0,
      "Total Expenses": 19268000000.0,
      "Total Operating Income As Reported": 1372000000.0,
      "Diluted Average Shares": 1192063492.0,
      "Basic Average Shares": 1173437500.0,
      "Diluted EPS": 0.63,
      "Basic EPS": 0.64,
      "Diluted NI Availto Com Stockholders": 751000000.0,
      "Average Dilution Earnings": null,
      "Net Income Common Stockholders": 751000000.0,
      "Otherunder Preferred Stock Dividend": 0.0,
      "Net Income": 751000000.0,
      "Minority Interests": -60000000.0,
      "Net Income Including Noncontrolling Interests": 811000000.0,
      "Net Income Continuous Operations": 811000000.0,
      "Tax Provision": 347000000.0,
      "Pretax Income": 1158000000.0,
      "Special Income Charges": null,
      "Write Off": null,
      "Net Non Operating Interest Income Expense": -210000000.0,
      "Interest Expense Non Operating": 289000000.0,
      "Interest Income Non Operating": 79000000.0,
      "Operating Income": 1324000000.0,
      "Operating Expense": 643000000.0,
      "Other Operating Expenses": 1373000000.0,
      "Gross Profit": 1967000000.0,
      "Cost Of Revenue": 18625000000.0,
      "Total Revenue": 20592000000.0,
      "Operating Revenue": 20592000000.0
    },
    "2024-06-30T00:00:00": {
      "Tax Effect Of Unusual Items": 0.0,
      "Tax Rate For Calcs": 0.299391,
      "Normalized EBITDA": 2630000000.0,
      "Total Unusual Items": null,
      "Total Unusual Items Excluding Goodwill": null,
      "Net Income From Continuing Operation Net Minority Interest": 744000000.0,
      "Reconciled Depreciation": 1166000000.0,
      "Reconciled Cost Of Revenue": 18585000000.0,
      "EBITDA": 2630000000.0,
      "EBIT": 1464000000.0,
      "Net Interest Income": -207000000.0,
      "Interest Expense": 315000000.0,
      "Interest Income": 108000000.0,
      "Normalized Income": 744000000.0,
      "Net Income From Continuing And Discontinued Operation": 744000000.0,
      "Total Expenses": 19283000000.0,
      "Total Operating Income As Reported": 1352000000.0,
      "Diluted Average Shares": 1180952381.0,
      "Basic Average Shares": 1162500000.0,
      "Diluted EPS": 0.63,
      "Basic EPS": 0.64,
      "Diluted NI Availto Com Stockholders": 744000000.0,
      "Average Dilution Earnings": null,
      "Net Income Common Stockholders": 744000000.0,
      "Otherunder Preferred Stock Dividend": 0.0,
      "Net Income": 744000000.0,
      "Minority Interests": -61000000.0,
      "Net Income Including Noncontrolling Interests": 805000000.0,
      "Net Income Continuous Operations": 805000000.0,
      "Tax Provision": 344000000.0,
      "Pretax Income": 1149000000.0,
      "Special Income Charges": null,
      "Write Off": null,
      "Net Non Operating Interest Income Expense": -207000000.0,
      "Interest Expense Non Operating": 315000000.0,
      "Interest Income Non Operating": 108000000.0,
      "Operating Income": 1356000000.0,
      "Operating Expense": 698000000.0,
      "Other Operating Expenses": 1305000000.0,
      "Gross Profit": 2054000000.0,
      "Cost Of Revenue": 18585000000.0,
      "Total Revenue": 20639000000.0,
      "Operating Revenue": 20639000000.0
    }
  },
  "balance_sheet": {
    "2024-12-31T00:00:00": {
      "Treasury Shares Number": 46783573.0,
      "Ordinary Shares Number": 1153216427.0,
      "Share Issued": 1200000000.0,
      "Net Debt": 5365000000.0,
      "Total Debt": 22442000000.0,
      "Tangible Book Value": 8920000000.0,
      "Invested Capital": 31300000000.0,
      "Working Capital": -1024000000.0,
      "Net Tangible Assets": 8920000000.0,
      "Capital Lease Obligations": 14935000000.0,
      "Common Stock Equity": 23793000000.0,
      "Total Capitalization": 29890000000.0,
      "Total Equity Gross Minority Interest": 24210000000.0,
      "Minority Interest": 417000000.0,
      "Stockholders Equity": 23793000000.0,
      "Other Equity Interest": null,
      "Retained Earnings": 19468000000.0,
      "Additional Paid In Capital": 3635000000.0,
      "Capital Stock": 1153000000.0,
      "Common Stock": 1153000000.0,
      "Total Liabilities Net Minority Interest": 45665000000.0,
      "Total Non Current Liabilities Net Minority Interest": 24494000000.0,
      "Other Non Current Liabilities": 50000000.0,
      "Derivative Product Liabilities": 4000000.0,
      "Non Current Pension And Other Postretirement Benefit Plans": 2263000000.0,
      "Tradeand Other Payables Non Current": 339000000.0,
      "Non Current Deferred Revenue": 225000000.0,
      "Non Current Deferred Taxes Liabilities": 411000000.0,
      "Long Term Debt And Capital Lease Obligation": 18547000000.0,
      "Long Term Capital Lease Obligation": 12450000000.0,
      "Long Term Debt": 6097000000.0,
      "Long Term Provisions": 2438000000.0,
      "Current Liabilities": 21171000000.0,
      "Other Current Liabilities": 552000000.0,
      "Current Debt And Capital Lease Obligation": 3895000000.0,
      "Current Capital Lease Obligation": 2485000000.0,
      "Current Debt": 1410000000.0,
      "Pensionand Other Post Retirement Benefit Plans Current": 2865000000.0,
      "Current Provisions": 1053000000.0,
      "Payables": 10524000000.0,
      "Other Payable": null,
      "Total Tax Payable": 1889000000.0,
      "Accounts Payable": 8635000000.0,
      "Total Assets": 69875000000.0,
      "Total Non Current Assets": 49728000000.0,
      "Other Non Current Assets": 228000000.0,
      "Defined Pension Benefit": 209000000.0,
      "Non Current Deferred Taxes Assets": 1301000000.0,
      "Financial Assets": 75000000.0,
      "Investmentin Financial Assets": 765000000.0,
      "Held To Maturity Securities": 341000000.0,
      "Available For Sale Securities": 38000000.0,
      "Financial Assets Designatedas Fair Value Through Profitor Loss Total": 386000000.0,
      "Long Term Equity Investment": 97000000.0,
      "Investmentsin Joint Venturesat Cost": 42000000.0,
      "Investmentsin Associatesat Cost": 55000000.0,
      "Investment Properties": 9000000.0,
      "Goodwill And Other Intangible Assets": 14873000000.0,
      "Other Intangible Assets": 1550000000.0,
      "Goodwill": 13323000000.0,
      "Net PPE": 31454000000.0,
      "Accumulated Depreciation": -25165000000.0,
      "Gross PPE": 56619000000.0,
      "Construction In Progress": 1355000000.0,
      "Other Properties": null,
      "Machinery Furniture Equipment": 29946000000.0,
      "Properties": 25318000000.0,
      "Current Assets": 20147000000.0,
      "Other Current Assets": 260000000.0,
      "Hedging Assets Current": 196000000.0,
      "Assets Held For Sale Current": 23000000.0,
      "Current Deferred Assets": null,
      "Restricted Cash": 1477000000.0,
      "Prepaid Assets": 1218000000.0,
      "Inventory": 1125000000.0,
      "Finished Goods": 436000000.0,
      "Work In Process": 386000000.0,
      "Raw Materials": 303000000.0,
      "Other Receivables": 1994000000.0,
      "Taxes Receivable": 1330000000.0,
      "Accounts Receivable": 10129000000.0,
      "Cash Cash Equivalents And Short Term Investments": 2194000000.0,
      "Other Short Term Investments": 52000000.0,
      "Cash And Cash Equivalents": 2142000000.0,
      "Cash Equivalents": null,
      "Cash Financial": null
    },
    "2023-12-31T00:00:00": {
      "Treasury Shares Number": 58079379.0,
      "Ordinary Shares Number": 1180980030.0,
      "Share Issued": 1239059409.0,
      "Net Debt": 4698000000.0,
      "Total Debt": 20829000000.0,
      "Tangible Book Value": 7952000000.0,
      "Invested Capital": 29224000000.0,
      "Working Capital": -1109000000.0,
      "Net Tangible Assets": 7952000000.0,
      "Capital Lease Obligations": 14080000000.0,
      "Common Stock Equity": 22475000000.0,
      "Total Capitalization": 28251000000.0,
      "Total Equity Gross Minority Interest": 22888000000.0,
      "Minority Interest": 413000000.0,
      "Stockholders Equity": 22475000000.0,
      "Other Equity Interest": null,
      "Retained Earnings": 18824000000.0,
      "Additional Paid In Capital": 3579000000.0,
      "Capital Stock": 1181000000.0,
      "Common Stock": 1181000000.0,
      "Total Liabilities Net Minority Interest": 43942000000.0,
      "Total Non Current Liabilities Net Minority Interest": 23620000000.0,
      "Other Non Current Liabilities": 55000000.0,
      "Derivative Product Liabilities": 6000000.0,
      "Non Current Pension And Other Postretirement Benefit Plans": 2519000000.0,
      "Tradeand Other Payables Non Current": 392000000.0,
      "Non Current Deferred Revenue": 225000000.0,
      "Non Current Deferred Taxes Liabilities": 428000000.0,
      "Long Term Debt And Capital Lease Obligation": 17602000000.0,
      "Long Term Capital Lease Obligation": 11826000000.0,
      "Long Term Debt": 5776000000.0,
      "Long Term Provisions": 2062000000.0,
      "Current Liabilities": 20322000000.0,
      "Other Current Liabilities": 543000000.0,
      "Current Debt And Capital Lease Obligation": 3227000000.0,
      "Current Capital Lease Obligation": 2254000000.0,
      "Current Debt": 973000000.0,
      "Pensionand Other Post Retirement Benefit Plans Current": 2700000000.0,
      "Current Provisions": 1079000000.0,
      "Payables": 10518000000.0,
      "Other Payable": null,
      "Total Tax Payable": 2039000000.0,
      "Accounts Payable": 8479000000.0,
      "Total Assets": 66830000000.0,
      "Total Non Current Assets": 47617000000.0,
      "Other Non Current Assets": 234000000.0,
      "Defined Pension Benefit": 154000000.0,
      "Non Current Deferred Taxes Assets": 1453000000.0,
      "Financial Assets": 27000000.0,
      "Investmentin Financial Assets": 583000000.0,
      "Held To Maturity Securities": 252000000.0,
      "Available For Sale Securities": 24000000.0,
      "Financial Assets Designatedas Fair Value Through Profitor Loss Total": 307000000.0,
      "Long Term Equity Investment": 104000000.0,
      "Investmentsin Joint Venturesat Cost": 28000000.0,
      "Investmentsin Associatesat Cost": 76000000.0,
      "Investment Properties": 13000000.0,
      "Goodwill And Other Intangible Assets": 14523000000.0,
      "Other Intangible Assets": 1515000000.0,
      "Goodwill": 13008000000.0,
      "Net PPE": 30018000000.0,
      "Accumulated Depreciation": -22769000000.0,
      "Gross PPE": 52787000000.0,
      "Construction In Progress": 1930000000.0,
      "Other Properties": null,
      "Machinery Furniture Equipment": 27674000000.0,
      "Properties": 23183000000.0,
      "Current Assets": 19213000000.0,
      "Other Current Assets": 301000000.0,
      "Hedging Assets Current": 55000000.0,
      "Assets Held For Sale Current": 55000000.0,
      "Current Deferred Assets": 976000000.0,
      "Restricted Cash": 1598000000.0,
      "Prepaid Assets": 1114000000.0,
      "Inventory": 1057000000.0,
      "Finished Goods": 498000000.0,
      "Work In Process": 302000000.0,
      "Raw Materials": 257000000.0,
      "Other Receivables": 1847000000.0,
      "Taxes Receivable": 1374000000.0,
      "Accounts Receivable": 9561000000.0,
      "Cash Cash Equivalents And Short Term Investments": 2080000000.0,
      "Other Short Term Investments": 29000000.0,
      "Cash And Cash Equivalents": 2051000000.0,
      "Cash Equivalents": 868000000.0,
      "Cash Financial": 2051000000.0
    },
    "2022-12-31T00:00:00": {
      "Treasury Shares Number": 40320726.0,
      "Ordinary Shares Number": 1198738683.0,
      "Share Issued": 1239059409.0,
      "Net Debt": 4876000000.0,
      "Total Debt": 20224000000.0,
      "Tangible Book Value": 9115000000.0,
      "Invested Capital": 29946000000.0,
      "Working Capital": 68000000.0,
      "Net Tangible Assets": 9115000000.0,
      "Capital Lease Obligations": 13514000000.0,
      "Common Stock Equity": 23236000000.0,
      "Total Capitalization": 29258000000.0,
      "Total Equity Gross Minority Interest": 23718000000.0,
      "Minority Interest": 482000000.0,
      "Stockholders Equity": 23236000000.0,
      "Other Equity Interest": null,
      "Retained Earnings": 19012000000.0,
      "Additional Paid In Capital": 3543000000.0,
      "Capital Stock": 1199000000.0,
      "Common Stock": 1199000000.0,
      "Total Liabilities Net Minority Interest": 44758000000.0,
      "Total Non Current Liabilities Net Minority Interest": 22494000000.0,
      "Other Non Current Liabilities": 99000000.0,
      "Derivative Product Liabilities": 5000000.0,
      "Non Current Pension And Other Postretirement Benefit Plans": 1936000000.0,
      "Tradeand Other Payables Non Current": 331000000.0,
      "Non Current Deferred Revenue": 198000000.0,
      "Non Current Deferred Taxes Liabilities": 346000000.0,
      "Long Term Debt And Capital Lease Obligation": 17338000000.0,
      "Long Term Capital Lease Obligation": 11316000000.0,
      "Long Term Debt": 6022000000.0,
      "Long Term Provisions": 1901000000.0,
      "Current Liabilities": 22264000000.0,
      "Other Current Liabilities": 977000000.0,
      "Current Debt And Capital Lease Obligation": 2886000000.0,
      "Current Capital Lease Obligation": 2198000000.0,
      "Current Debt": 688000000.0,
      "Pensionand Other Post Retirement Benefit Plans Current": 2766000000.0,
      "Current Provisions": 1159000000.0,
      "Payables": 12143000000.0,
      "Other Payable": 240000000.0,
      "Total Tax Payable": 2210000000.0,
      "Accounts Payable": 9933000000.0,
      "Total Assets": 68476000000.0,
      "Total Non Current Assets": 46144000000.0,
      "Other Non Current Assets": 226000000.0,
      "Defined Pension Benefit": 355000000.0,
      "Non Current Deferred Taxes Assets": 1440000000.0,
      "Financial Assets": 101000000.0,
      "Investmentin Financial Assets": 583000000.0,
      "Held To Maturity Securities": null,
      "Available For Sale Securities": 321000000.0,
      "Financial Assets Designatedas Fair Value Through Profitor Loss Total": 262000000.0,
      "Long Term Equity Investment": 76000000.0,
      "Investmentsin Joint Venturesat Cost": 6000000.0,
      "Investmentsin Associatesat Cost": 70000000.0,
      "Investment Properties": 22000000.0,
      "Goodwill And Other Intangible Assets": 14121000000.0,
      "Other Intangible Assets": 1407000000.0,
      "Goodwill": 12714000000.0,
      "Net PPE": 28688000000.0,
      "Accumulated Depreciation": -20641000000.0,
      "Gross PPE": 49329000000.0,
      "Construction In Progress": 2884000000.0,
      "Other Properties": 10651000000.0,
      "Machinery Furniture Equipment": 25476000000.0,
      "Properties": 20969000000.0,
      "Current Assets": 22332000000.0,
      "Other Current Assets": 604000000.0,
      "Hedging Assets Current": 60000000.0,
      "Assets Held For Sale Current": 0.0,
      "Current Deferred Assets": 1167000000.0,
      "Restricted Cash": 1956000000.0,
      "Prepaid Assets": 1262000000.0,
      "Inventory": 914000000.0,
      "Finished Goods": 181000000.0,
      "Work In Process": 490000000.0,
      "Raw Materials": 243000000.0,
      "Other Receivables": 3152000000.0,
      "Taxes Receivable": 1273000000.0,
      "Accounts Receivable": 11086000000.0,
      "Cash Cash Equivalents And Short Term Investments": 1857000000.0,
      "Other Short Term Investments": 23000000.0,
      "Cash And Cash Equivalents": 1834000000.0,
      "Cash Equivalents": 1153000000.0,
      "Cash Financial": 1834000000.0
    },
    "2021-12-31T00:00:00": {
      "Treasury Shares Number": 15247431.0,
      "Ordinary Shares Number": 1223811978.0,
      "Share Issued": 1239059409.0,
      "Net Debt": 5587000000.0,
      "Total Debt": 19018000000.0,
      "Tangible Book Value": 6961000000.0,
      "Invested Capital": 26250000000.0,
      "Working Capital": 1827000000.0,
      "Net Tangible Assets": 6961000000.0,
      "Capital Lease Obligations": 11805000000.0,
      "Common Stock Equity": 19037000000.0,
      "Total Capitalization": 25560000000.0,
      "Total Equity Gross Minority Interest": 19499000000.0,
      "Minority Interest": 462000000.0,
      "Stockholders Equity": 19037000000.0,
      "Other Equity Interest": -12000000.0,
      "Retained Earnings": 15013000000.0,
      "Additional Paid In Capital": 3533000000.0,
      "Capital Stock": 1224000000.0,
      "Common Stock": 1224000000.0,
      "Total Liabilities Net Minority Interest": 44093000000.0,
      "Total Non Current Liabilities Net Minority Interest": 23186000000.0,
      "Other Non Current Liabilities": 179000000.0,
      "Derivative Product Liabilities": null,
      "Non Current Pension And Other Postretirement Benefit Plans": 4185000000.0,
      "Tradeand Other Payables Non Current": null,
      "Non Current Deferred Revenue": 125000000.0,
      "Non Current Deferred Taxes Liabilities": 137000000.0,
      "Long Term Debt And Capital Lease Obligation": 16364000000.0,
      "Long Term Capital Lease Obligation": 9841000000.0,
      "Long Term Debt": 6523000000.0,
      "Long Term Provisions": 1946000000.0,
      "Current Liabilities": 20907000000.0,
      "Other Current Liabilities": 1363000000.0,
      "Current Debt And Capital Lease Obligation": 2654000000.0,
      "Current Capital Lease Obligation": 1964000000.0,
      "Current Debt": 690000000.0,
      "Pensionand Other Post Retirement Benefit Plans Current": 1858000000.0,
      "Current Provisions": 1208000000.0,
      "Payables": 12136000000.0,
      "Other Payable": 241000000.0,
      "Total Tax Payable": 2339000000.0,
      "Accounts Payable": 9556000000.0,
      "Total Assets": 63592000000.0,
      "Total Non Current Assets": 40858000000.0,
      "Other Non Current Assets": 166000000.0,
      "Defined Pension Benefit": 421000000.0,
      "Non Current Deferred Taxes Assets": 1943000000.0,
      "Financial Assets": null,
      "Investmentin Financial Assets": 1190000000.0,
      "Held To Maturity Securities": null,
      "Available For Sale Securities": 880000000.0,
      "Financial Assets Designatedas Fair Value Through Profitor Loss Total": 310000000.0,
      "Long Term Equity Investment": 111000000.0,
      "Investmentsin Joint Venturesat Cost": 16000000.0,
      "Investmentsin Associatesat Cost": 95000000.0,
      "Investment Properties": 48000000.0,
      "Goodwill And Other Intangible Assets": 12076000000.0,
      "Other Intangible Assets": 723000000.0,
      "Goodwill": 11353000000.0,
      "Net PPE": 24903000000.0,
      "Accumulated Depreciation": -18033000000.0,
      "Gross PPE": 42936000000.0,
      "Construction In Progress": 2070000000.0,
      "Other Properties": 9766000000.0,
      "Machinery Furniture Equipment": 22533000000.0,
      "Properties": 18333000000.0,
      "Current Assets": 22734000000.0,
      "Other Current Assets": 698000000.0,
      "Hedging Assets Current": null,
      "Assets Held For Sale Current": 21000000.0,
      "Current Deferred Assets": 1076000000.0,
      "Restricted Cash": 1905000000.0,
      "Prepaid Assets": 1693000000.0,
      "Inventory": 582000000.0,
      "Finished Goods": 106000000.0,
      "Work In Process": 254000000.0,
      "Raw Materials": 222000000.0,
      "Other Receivables": 1652000000.0,
      "Taxes Receivable": 862000000.0,
      "Accounts Receivable": 10607000000.0,
      "Cash Cash Equivalents And Short Term Investments": 4714000000.0,
      "Other Short Term Investments": 3088000000.0,
      "Cash And Cash Equivalents": 1626000000.0,
      "Cash Equivalents": 1238000000.0,
      "Cash Financial": 1626000000.0
    }
  },
  "cashflow": {
    "2024-12-31T00:00:00": {
      "Free Cash Flow": 5786000000.0,
      "Repurchase Of Capital Stock": -1234000000.0,
      "Repayment Of Debt": null,
      "Issuance Of Debt": null,
      "Capital Expenditure": -2936000000.0,
      "End Cash Position": 3619000000.0,
      "Other Cash Adjustment Outside Changein Cash": null,
      "Beginning Cash Position": 3649000000.0,
      "Effect Of Exchange Rate Changes": -13000000.0,
      "Changes In Cash": -17000000.0,
      "Financing Cash Flow": -6347000000.0,
      "Net Other Financing Charges": -1809000000.0,
      "Interest Paid Cff": -887000000.0,
      "Cash Dividends Paid": -2169000000.0,
      "Common Stock Dividend Paid": -2169000000.0,
      "Net Common Stock Issuance": -1234000000.0,
      "Common Stock Payments": -1234000000.0,
      "Net Issuance Payments Of Debt": null,
      "Net Short Term Debt Issuance": null,
      "Net Long Term Debt Issuance": null,
      "Long Term Debt Payments": null,
      "Long Term Debt Issuance": null,
      "Investing Cash Flow": -2392000000.0,
      "Interest Received Cfi": 222000000.0,
      "Net Investment Purchase And Sale": 145000000.0,
      "Sale Of Investment": 206000000.0,
      "Purchase Of Investment": -61000000.0,
      "Net Business Purchase And Sale": -12000000.0,
      "Sale Of Business": 53000000.0,
      "Purchase Of Business": -65000000.0,
      "Net PPE Purchase And Sale": -2747000000.0,
      "Sale Of PPE": 189000000.0,
      "Purchase Of PPE": -2936000000.0,
      "Operating Cash Flow": 8722000000.0,
      "Taxes Refund Paid": -1541000000.0,
      "Dividend Received Cfo": 3000000.0,
      "Change In Working Capital": -205000000.0,
      "Change In Other Current Liabilities": 626000000.0,
      "Change In Other Current Assets": null,
      "Change In Inventory": -63000000.0,
      "Change In Receivables": -768000000.0,
      "Other Non Cash Items": 509000000.0,
      "Provisionand Write Offof Assets": 180000000.0,
      "Deferred Tax": 1494000000.0,
      "Depreciation And Amortization": 4717000000.0,
      "Amortization Cash Flow": 273000000.0,
      "Depreciation": 4444000000.0,
      "Gain Loss On Investment Securities": 4000000.0,
      "Net Foreign Currency Exchange Gain Loss": -11000000.0,
      "Net Income From Continuing Operations": 3569000000.0
    },
    "2023-12-31T00:00:00": {
      "Free Cash Flow": 5877000000.0,
      "Repurchase Of Capital Stock": -986000000.0,
      "Repayment Of Debt": null,
      "Issuance Of Debt": null,
      "Capital Expenditure": -3381000000.0,
      "End Cash Position": 3649000000.0,
      "Other Cash Adjustment Outside Changein Cash": null,
      "Beginning Cash Position": 3790000000.0,
      "Effect Of Exchange Rate Changes": -320000000.0,
      "Changes In Cash": 179000000.0,
      "Financing Cash Flow": -6898000000.0,
      "Net Other Financing Charges": -2714000000.0,
      "Interest Paid Cff": -710000000.0,
      "Cash Dividends Paid": -2205000000.0,
      "Common Stock Dividend Paid": -2205000000.0,
      "Net Common Stock Issuance": -986000000.0,
      "Common Stock Payments": -986000000.0,
      "Net Issuance Payments Of Debt": null,
      "Net Short Term Debt Issuance": null,
      "Net Long Term Debt Issuance": null,
      "Long Term Debt Payments": null,
      "Long Term Debt Issuance": null,
      "Investing Cash Flow": -2181000000.0,
      "Interest Received Cfi": 253000000.0,
      "Net Investment Purchase And Sale": 1175000000.0,
      "Sale Of Investment": 1179000000.0,
      "Purchase Of Investment": -4000000.0,
      "Net Business Purchase And Sale": -381000000.0,
      "Sale Of Business": 78000000.0,
      "Purchase Of Business": -459000000.0,
      "Net PPE Purchase And Sale": -3228000000.0,
      "Sale Of PPE": 153000000.0,
      "Purchase Of PPE": -3381000000.0,
      "Operating Cash Flow": 9258000000.0,
      "Taxes Refund Paid": -1625000000.0,
      "Dividend Received Cfo": 27000000.0,
      "Change In Working Capital": 536000000.0,
      "Change In Other Current Liabilities": -1461000000.0,
      "Change In Other Current Assets": -57000000.0,
      "Change In Inventory": -152000000.0,
      "Change In Receivables": 2149000000.0,
      "Other Non Cash Items": 242000000.0,
      "Provisionand Write Offof Assets": -38000000.0,
      "Deferred Tax": 1580000000.0,
      "Depreciation And Amortization": 4449000000.0,
      "Amortization Cash Flow": 255000000.0,
      "Depreciation": 4194000000.0,
      "Gain Loss On Investment Securities": -43000000.0,
      "Net Foreign Currency Exchange Gain Loss": 167000000.0,
      "Net Income From Continuing Operations": 3933000000.0
    },
    "2022-12-31T00:00:00": {
      "Free Cash Flow": 7053000000.0,
      "Repurchase Of Capital Stock": -1099000000.0,
      "Repayment Of Debt": null,
      "Issuance Of Debt": null,
      "Capital Expenditure": -3912000000.0,
      "End Cash Position": 3790000000.0,
      "Other Cash Adjustment Outside Changein Cash": -9000000.0,
      "Beginning Cash Position": 3531000000.0,
      "Effect Of Exchange Rate Changes": -107000000.0,
      "Changes In Cash": 375000000.0,
      "Financing Cash Flow": -7411000000.0,
      "Net Other Financing Charges": -3107000000.0,
      "Interest Paid Cff": -634000000.0,
      "Cash Dividends Paid": -2205000000.0,
      "Common Stock Dividend Paid": -2205000000.0,
      "Net Common Stock Issuance": -1099000000.0,
      "Common Stock Payments": -1099000000.0,
      "Net Issuance Payments Of Debt": null,
      "Net Short Term Debt Issuance": null,
      "Net Long Term Debt Issuance": null,
      "Long Term Debt Payments": null,
      "Long Term Debt Issuance": null,
      "Investing Cash Flow": -3179000000.0,
      "Interest Received Cfi": 180000000.0,
      "Net Investment Purchase And Sale": 1981000000.0,
      "Sale Of Investment": 1994000000.0,
      "Purchase Of Investment": -13000000.0,
      "Net Business Purchase And Sale": -1540000000.0,
      "Sale Of Business": 73000000.0,
      "Purchase Of Business": -1613000000.0,
      "Net PPE Purchase And Sale": -3800000000.0,
      "Sale Of PPE": 112000000.0,
      "Purchase Of PPE": -3912000000.0,
      "Operating Cash Flow": 10965000000.0,
      "Taxes Refund Paid": -1782000000.0,
      "Dividend Received Cfo": 9000000.0,
      "Change In Working Capital": 215000000.0,
      "Change In Other Current Liabilities": 618000000.0,
      "Change In Other Current Assets": -86000000.0,
      "Change In Inventory": -301000000.0,
      "Change In Receivables": -102000000.0,
      "Other Non Cash Items": 272000000.0,
      "Provisionand Write Offof Assets": 78000000.0,
      "Deferred Tax": 2194000000.0,
      "Depreciation And Amortization": 4130000000.0,
      "Amortization Cash Flow": 229000000.0,
      "Depreciation": 3901000000.0,
      "Gain Loss On Investment Securities": -20000000.0,
      "Net Foreign Currency Exchange Gain Loss": 105000000.0,
      "Net Income From Continuing Operations": 5717000000.0
    },
    "2021-12-31T00:00:00": {
      "Free Cash Flow": 6257000000.0,
      "Repurchase Of Capital Stock": -1115000000.0,
      "Repayment Of Debt": -2903000000.0,
      "Issuance Of Debt": 131000000.0,
      "Capital Expenditure": -3736000000.0,
      "End Cash Position": 3531000000.0,
      "Other Cash Adjustment Outside Changein Cash": null,
      "Beginning Cash Position": 4482000000.0,
      "Effect Of Exchange Rate Changes": 104000000.0,
      "Changes In Cash": -1055000000.0,
      "Financing Cash Flow": -6224000000.0,
      "Net Other Financing Charges": -2661000000.0,
      "Interest Paid Cff": -550000000.0,
      "Cash Dividends Paid": -1673000000.0,
      "Common Stock Dividend Paid": -1673000000.0,
      "Net Common Stock Issuance": -1115000000.0,
      "Common Stock Payments": -1115000000.0,
      "Net Issuance Payments Of Debt": -2887000000.0,
      "Net Short Term Debt Issuance": 16000000.0,
      "Net Long Term Debt Issuance": -2903000000.0,
      "Long Term Debt Payments": -2903000000.0,
      "Long Term Debt Issuance": 131000000.0,
      "Investing Cash Flow": -4824000000.0,
      "Interest Received Cfi": 91000000.0,
      "Net Investment Purchase And Sale": -1381000000.0,
      "Sale Of Investment": 156000000.0,
      "Purchase Of Investment": -1537000000.0,
      "Net Business Purchase And Sale": 12000000.0,
      "Sale Of Business": 14000000.0,
      "Purchase Of Business": -2000000.0,
      "Net PPE Purchase And Sale": -3546000000.0,
      "Sale Of PPE": 190000000.0,
      "Purchase Of PPE": -3736000000.0,
      "Operating Cash Flow": 9993000000.0,
      "Taxes Refund Paid": -1323000000.0,
      "Dividend Received Cfo": 4000000.0,
      "Change In Working Capital": -430000000.0,
      "Change In Other Current Liabilities": 3024000000.0,
      "Change In Other Current Assets": -37000000.0,
      "Change In Inventory": -137000000.0,
      "Change In Receivables": -3317000000.0,
      "Other Non Cash Items": 513000000.0,
      "Provisionand Write Offof Assets": 31000000.0,
      "Deferred Tax": 1936000000.0,
      "Depreciation And Amortization": 3768000000.0,
      "Amortization Cash Flow": 201000000.0,
      "Depreciation": 3567000000.0,
      "Gain Loss On Investment Securities": 7000000.0,
      "Net Foreign Currency Exchange Gain Loss": 64000000.0,
      "Net Income From Continuing Operations": 5423000000.0
    }
  },
  "earnings_estimate": {
    "avg": {
      "0q": 0.99716,
      "+1q": 0.69361,
      "0y": 3.06724,
      "+1y": 3.30759
    },
    "low": {
      "0q": 0.89657,
      "+1q": 0.6223,
      "0y": 2.95,
      "+1y": 3.063
    },
    "high": {
      "0q": 1.09205,
      "+1q": 0.73852,
      "0y": 3.21119,
      "+1y": 3.60668
    },
    "yearAgoEps": {
      "0q": 0.93,
      "+1q": 0.67,
      "0y": 2.81,
      "+1y": 3.06724
    },
    "numberOfAnalysts": {
      "0q": 4,
      "+1q": 3,
      "0y": 15,
      "+1y": 15
    },
    "growth": {
      "0q": 0.0722,
      "+1q": 0.0352,
      "0y": 0.0915,
      "+1y": 0.0784
    }
  },
  "revenue_estimate": {
    "avg": {
      "0q": 22509206210,
      "+1q": 20707158010,
      "0y": 83497908290,
      "+1y": 85283880790
    },
    "low": {
      "0q": 21583832000,
      "+1q": 20136017000,
      "0y": 82346832000,
      "+1y": 82557609000
    },
    "high": {
      "0q": 23920121280,
      "+1q": 21660266140,
      "0y": 86825782830,
      "+1y": 89006155390
    },
    "numberOfAnalysts": {
      "0q": 6,
      "+1q": 4,
      "0y": 14,
      "+1y": 15
    },
    "yearAgoRevenue": {
      "0q": 22704000000,
      "+1q": 20809000000,
      "0y": 84186000000,
      "+1y": 83497908290
    },
    "growth": {
      "0q": -0.0086,
      "+1q": -0.0049,
      "0y": -0.0082,
      "+1y": 0.0214
    }
  },
  "growth_estimates": {
    "stockTrend": {
      "0q": 0.0722,
      "+1q": 0.0352,
      "0y": 0.0915,
      "+1y": 0.0784,
      "LTG": null
    },
    "indexTrend": {
      "0q": 0.1273,
      "+1q": 0.103599995,
      "0y": 0.14310001,
      "+1y": 0.1557,
      "LTG": 0.122
    }
  },
  "revenue_forecasts": null,
  "dividend_rate": 1.85,
  "trailing_dividend_rate": 1.85
}