{
  "ticker": "DTE.DE",
  "name": "Deutsche Telekom",
  "country": "germany",
  "currency": "EUR",
  "last_fetched": "2026-02-26T20:47:14.466331",
  "market_cap": 163846225920,
  "revenue": 121015001088,
  "net_income": 12067999744,
  "pe_ratio": 13.323887,
  "forward_pe": 15.071303,
  "dividend_yield": 2.67,
  "profit_margin": 0.09972,
  "roe": 0.20298,
  "debt_to_equity": 158.073,
  "beta": 0.283,
  "ev_to_ebitda": 7.977,
  "sector": "Communication Services",
  "industry": "Telecom Services",
  "summary": "Deutsche Telekom AG, together with its subsidiaries, provides integrated telecommunication services worldwide. The company operates through Germany, United States, Europe, Systems Solutions, and Group Development segments. It offers fixed-network services, including voice and data communication services based on fixed-network and broadband technology; and sells terminal equipment and other hardware products, as well as services to resellers. The company also provides mobile voice and data services to consumers and business customers; sells mobile devices and other hardware products; and sells mobile services to resellers and to companies that buys and markets network services to third parties, such as mobile virtual network operators. In addition, it offers internet services; internet-based TV products and services; and information and communication technology systems for multinational corporations and public sector institutions with an infrastructure of data centers and network services. Further, the company provides wireless communications services; and cloud services, digital solutions, and security and advisory solutions. The company has mobile and broadband customers, as well as fixed-network lines. Deutsche Telekom AG was incorporated in 1995 and is headquartered in Bonn, Germany.",
  "website": "https://www.telekom.com",
  "employees": 201336,
  "target_high": 44.0,
  "target_low": 33.0,
  "target_mean": 37.0,
  "target_median": 36.5,
  "recommendation": "strong_buy",
  "num_analysts": 18,
  "income_stmt": {
    "2024-12-31T00:00:00": {
      "Tax Effect Of Unusual Items": 368000000.0,
      "Tax Rate For Calcs": 0.23,
      "Normalized EBITDA": 52020000000.0,
      "Total Unusual Items": 1600000000.0,
      "Total Unusual Items Excluding Goodwill": 1600000000.0,
      "Net Income From Continuing Operation Net Minority Interest": 11209000000.0,
      "Reconciled Depreciation": 23907000000.0,
      "Reconciled Cost Of Revenue": 44741000000.0,
      "EBITDA": 53620000000.0,
      "EBIT": 29713000000.0,
      "Net Interest Income": -5170000000.0,
      "Interest Expense": 6755000000.0,
      "Interest Income": 1585000000.0,
      "Normalized Income": 9977000000.0,
      "Net Income From Continuing And Discontinued Operation": 11209000000.0,
      "Total Expenses": 90903000000.0,
      "Total Operating Income As Reported": 26277000000.0,
      "Diluted Average Shares": 4938000000.0,
      "Basic Average Shares": 4938000000.0,
      "Diluted EPS": 2.27,
      "Basic EPS": 2.27,
      "Diluted NI Availto Com Stockholders": 11209000000.0,
      "Net Income Common Stockholders": 11209000000.0,
      "Otherunder Preferred Stock Dividend": 0.0,
      "Net Income": 11209000000.0,
      "Minority Interests": -6448000000.0,
      "Net Income Including Noncontrolling Interests": 17657000000.0,
      "Net Income Discontinuous Operations": 0.0,
      "Net Income Continuous Operations": 17657000000.0,
      "Tax Provision": 5301000000.0,
      "Pretax Income": 22958000000.0,
      "Special Income Charges": 1399000000.0,
      "Other Special Charges": -279000000.0,
      "Write Off": 1388000000.0,
      "Impairment Of Capital Assets": -2508000000.0,
      "Net Non Operating Interest Income Expense": -5170000000.0,
      "Interest Expense Non Operating": 6755000000.0,
      "Interest Income Non Operating": 1585000000.0,
      "Operating Income": 24208000000.0,
      "Operating Expense": 46162000000.0,
      "Other Operating Expenses": 3368000000.0,
      "Depreciation And Amortization In Income Statement": 23902000000.0,
      "Amortization": 6629000000.0,
      "Depreciation Income Statement": 17273000000.0,
      "Selling General And Administration": 628000000.0,
      "General And Administrative Expense": 628000000.0,
      "Gross Profit": 70370000000.0,
      "Cost Of Revenue": 44741000000.0,
      "Total Revenue": 115111000000.0,
      "Operating Revenue": 115111000000.0
    },
    "2023-12-31T00:00:00": {
      "Tax Effect Of Unusual Items": -306590000.0,
      "Tax Rate For Calcs": 0.31,
      "Normalized EBITDA": 43835000000.0,
      "Total Unusual Items": -989000000.0,
      "Total Unusual Items Excluding Goodwill": -989000000.0,
      "Net Income From Continuing Operation Net Minority Interest": 4092000000.0,
      "Reconciled Depreciation": 23754000000.0,
      "Reconciled Cost Of Revenue": 44486000000.0,
      "EBITDA": 42846000000.0,
      "EBIT": 19092000000.0,
      "Net Interest Income": -5592000000.0,
      "Interest Expense": 7124000000.0,
      "Interest Income": 1532000000.0,
      "Normalized Income": 4774410000.0,
      "Net Income From Continuing And Discontinued Operation": 17788000000.0,
      "Total Expenses": 90142000000.0,
      "Total Operating Income As Reported": 20798000000.0,
      "Diluted Average Shares": 4976000000.0,
      "Basic Average Shares": 4976000000.0,
      "Diluted EPS": 3.57,
      "Basic EPS": 3.57,
      "Diluted NI Availto Com Stockholders": 17788000000.0,
      "Net Income Common Stockholders": 17788000000.0,
      "Otherunder Preferred Stock Dividend": 0.0,
      "Net Income": 17788000000.0,
      "Minority Interests": -4204000000.0,
      "Net Income Including Noncontrolling Interests": 21992000000.0,
      "Net Income Discontinuous Operations": 13696000000.0,
      "Net Income Continuous Operations": 8296000000.0,
      "Tax Provision": 3672000000.0,
      "Pretax Income": 11968000000.0,
      "Special Income Charges": -1030000000.0,
      "Other Special Charges": -344000000.0,
      "Write Off": 1149000000.0,
      "Impairment Of Capital Assets": 225000000.0,
      "Net Non Operating Interest Income Expense": -5592000000.0,
      "Interest Expense Non Operating": 7124000000.0,
      "Interest Income Non Operating": 1532000000.0,
      "Operating Income": 21166000000.0,
      "Operating Expense": 45656000000.0,
      "Other Operating Expenses": 2941000000.0,
      "Depreciation And Amortization In Income Statement": 23750000000.0,
      "Amortization": 6475000000.0,
      "Depreciation Income Statement": 17275000000.0,
      "Selling General And Administration": 640000000.0,
      "General And Administrative Expense": 640000000.0,
      "Gross Profit": 66822000000.0,
      "Cost Of Revenue": 44486000000.0,
      "Total Revenue": 111308000000.0,
      "Operating Revenue": 111308000000.0
    },
    "2022-12-31T00:00:00": {
      "Tax Effect Of Unusual Items": 318780000.0,
      "Tax Rate For Calcs": 0.18,
      "Normalized EBITDA": 42712000000.0,
      "Total Unusual Items": 1771000000.0,
      "Total Unusual Items Excluding Goodwill": 1771000000.0,
      "Net Income From Continuing Operation Net Minority Interest": 7558000000.0,
      "Reconciled Depreciation": 27827000000.0,
      "Reconciled Cost Of Revenue": 50047000000.0,
      "EBITDA": 44483000000.0,
      "EBIT": 16656000000.0,
      "Net Interest Income": -4113000000.0,
      "Interest Expense": 5679000000.0,
      "Interest Income": 1566000000.0,
      "Normalized Income": 6105780000.0,
      "Net Income From Continuing And Discontinued Operation": 8001000000.0,
      "Total Expenses": 99542000000.0,
      "Total Operating Income As Reported": 15414000000.0,
      "Diluted Average Shares": 4972000000.0,
      "Basic Average Shares": 4972000000.0,
      "Diluted EPS": 1.61,
      "Basic EPS": 1.61,
      "Diluted NI Availto Com Stockholders": 8001000000.0,
      "Net Income Common Stockholders": 8001000000.0,
      "Otherunder Preferred Stock Dividend": 0.0,
      "Net Income": 8001000000.0,
      "Minority Interests": -1481000000.0,
      "Net Income Including Noncontrolling Interests": 9482000000.0,
      "Net Income Discontinuous Operations": 443000000.0,
      "Net Income Continuous Operations": 9039000000.0,
      "Tax Provision": 1937000000.0,
      "Pretax Income": 10977000000.0,
      "Special Income Charges": 761000000.0,
      "Other Special Charges": -3193000000.0,
      "Write Off": 1257000000.0,
      "Impairment Of Capital Assets": 1175000000.0,
      "Net Non Operating Interest Income Expense": -4113000000.0,
      "Interest Expense Non Operating": 5679000000.0,
      "Interest Income Non Operating": 1566000000.0,
      "Operating Income": 14066000000.0,
      "Operating Expense": 49495000000.0,
      "Other Operating Expenses": 3812000000.0,
      "Depreciation And Amortization In Income Statement": 26461000000.0,
      "Amortization": 6732000000.0,
      "Depreciation Income Statement": 19729000000.0,
      "Selling General And Administration": 953000000.0,
      "General And Administrative Expense": 953000000.0,
      "Gross Profit": 63561000000.0,
      "Cost Of Revenue": 50047000000.0,
      "Total Revenue": 113608000000.0,
      "Operating Revenue": 113608000000.0
    },
    "2021-12-31T00:00:00": {
      "Tax Effect Of Unusual Items": -296930000.0,
      "Tax Rate For Calcs": 0.23,
      "Normalized EBITDA": 41139000000.0,
      "Total Unusual Items": -1291000000.0,
      "Total Unusual Items Excluding Goodwill": -1291000000.0,
      "Net Income From Continuing Operation Net Minority Interest": 3969000000.0,
      "Reconciled Depreciation": 27193000000.0,
      "Reconciled Cost Of Revenue": 46585000000.0,
      "EBITDA": 39848000000.0,
      "EBIT": 12655000000.0,
      "Net Interest Income": -3973000000.0,
      "Interest Expense": 5027000000.0,
      "Interest Income": 1054000000.0,
      "Normalized Income": 4963070000.0,
      "Net Income From Continuing And Discontinued Operation": 4176000000.0,
      "Total Expenses": 94063000000.0,
      "Total Operating Income As Reported": 12580000000.0,
      "Diluted Average Shares": 4813000000.0,
      "Basic Average Shares": 4813000000.0,
      "Diluted EPS": 0.87,
      "Basic EPS": 0.87,
      "Diluted NI Availto Com Stockholders": 4176000000.0,
      "Net Income Common Stockholders": 4176000000.0,
      "Otherunder Preferred Stock Dividend": 0.0,
      "Net Income": 4176000000.0,
      "Minority Interests": -1927000000.0,
      "Net Income Including Noncontrolling Interests": 6103000000.0,
      "Net Income Discontinuous Operations": 207000000.0,
      "Net Income Continuous Operations": 5896000000.0,
      "Tax Provision": 1732000000.0,
      "Pretax Income": 7628000000.0,
      "Special Income Charges": -981000000.0,
      "Other Special Charges": -78000000.0,
      "Write Off": 771000000.0,
      "Impairment Of Capital Assets": 288000000.0,
      "Net Non Operating Interest Income Expense": -3973000000.0,
      "Interest Expense Non Operating": 5027000000.0,
      "Interest Income Non Operating": 1054000000.0,
      "Operating Income": 13271000000.0,
      "Operating Expense": 47478000000.0,
      "Other Operating Expenses": 2411000000.0,
      "Depreciation And Amortization In Income Statement": 26803000000.0,
      "Amortization": 6462000000.0,
      "Depreciation Income Statement": 20341000000.0,
      "Selling General And Administration": 753000000.0,
      "General And Administrative Expense": 753000000.0,
      "Gross Profit": 60749000000.0,
      "Cost Of Revenue": 46585000000.0,
      "Total Revenue": 107334000000.0,
      "Operating Revenue": 107334000000.0
    }
  },
  "quarterly_income": {
    "2025-09-30T00:00:00": {
      "Tax Effect Of Unusual Items": -191405146.096816,
      "Tax Rate For Calcs": 0.197122,
      "Normalized EBITDA": 13055000000.0,
      "Total Unusual Items": -971000000.0,
      "Total Unusual Items Excluding Goodwill": -971000000.0,
      "Net Income From Continuing Operation Net Minority Interest": 2427000000.0,
      "Reconciled Depreciation": 5918000000.0,
      "Reconciled Cost Of Revenue": 10802000000.0,
      "EBITDA": 12084000000.0,
      "EBIT": 6166000000.0,
      "Net Interest Income": -1280000000.0,
      "Interest Expense": 1580000000.0,
      "Interest Income": 323000000.0,
      "Normalized Income": 3206594853.903184,
      "Net Income From Continuing And Discontinued Operation": 2427000000.0,
      "Total Expenses": 21937000000.0,
      "Total Operating Income As Reported": 6027000000.0,
      "Diluted Average Shares": 4864000000.0,
      "Basic Average Shares": 4864000000.0,
      "Diluted EPS": 0.5,
      "Basic EPS": 0.5,
      "Diluted NI Availto Com Stockholders": 2427000000.0,
      "Net Income Common Stockholders": 2427000000.0,
      "Otherunder Preferred Stock Dividend": 0.0,
      "Net Income": 2427000000.0,
      "Minority Interests": -1255000000.0,
      "Net Income Including Noncontrolling Interests": 3682000000.0,
      "Net Income Discontinuous Operations": null,
      "Net Income Continuous Operations": 3682000000.0,
      "Tax Provision": 904000000.0,
      "Pretax Income": 4586000000.0,
      "Special Income Charges": -971000000.0,
      "Other Special Charges": null,
      "Write Off": 971000000.0,
      "Net Non Operating Interest Income Expense": -1280000000.0,
      "Total Other Finance Cost": 23000000.0,
      "Interest Expense Non Operating": 1580000000.0,
      "Interest Income Non Operating": 323000000.0,
      "Operating Income": 6817000000.0,
      "Operating Expense": 11135000000.0,
      "Other Operating Expenses": 558000000.0,
      "Depreciation And Amortization In Income Statement": 5918000000.0,
      "Depreciation Income Statement": 5918000000.0,
      "Selling General And Administration": null,
      "General And Administrative Expense": null,
      "Gross Profit": 17952000000.0,
      "Cost Of Revenue": 10802000000.0,
      "Total Revenue": 28754000000.0,
      "Operating Revenue": 28754000000.0
    },
    "2025-06-30T00:00:00": {
      "Tax Effect Of Unusual Items": -70973154.362416,
      "Tax Rate For Calcs": 0.236577,
      "Normalized EBITDA": 13056000000.0,
      "Total Unusual Items": -300000000.0,
      "Total Unusual Items Excluding Goodwill": -300000000.0,
      "Net Income From Continuing Operation Net Minority Interest": 2615000000.0,
      "Reconciled Depreciation": 5764000000.0,
      "Reconciled Cost Of Revenue": 10640000000.0,
      "EBITDA": 12756000000.0,
      "EBIT": 6992000000.0,
      "Net Interest Income": -1302000000.0,
      "Interest Expense": 1628000000.0,
      "Interest Income": 339000000.0,
      "Normalized Income": 2844026845.637584,
      "Net Income From Continuing And Discontinued Operation": 2615000000.0,
      "Total Expenses": 21730000000.0,
      "Total Operating Income As Reported": 6642000000.0,
      "Diluted Average Shares": 4881000000.0,
      "Basic Average Shares": 4881000000.0,
      "Diluted EPS": 0.54,
      "Basic EPS": 0.54,
      "Diluted NI Availto Com Stockholders": 2615000000.0,
      "Net Income Common Stockholders": 2615000000.0,
      "Otherunder Preferred Stock Dividend": 0.0,
      "Net Income": 2615000000.0,
      "Minority Interests": -1481000000.0,
      "Net Income Including Noncontrolling Interests": 4095000000.0,
      "Net Income Discontinuous Operations": null,
      "Net Income Continuous Operations": 4095000000.0,
      "Tax Provision": 1269000000.0,
      "Pretax Income": 5364000000.0,
      "Special Income Charges": -300000000.0,
      "Other Special Charges": null,
      "Write Off": 300000000.0,
      "Net Non Operating Interest Income Expense": -1302000000.0,
      "Total Other Finance Cost": 13000000.0,
      "Interest Expense Non Operating": 1628000000.0,
      "Interest Income Non Operating": 339000000.0,
      "Operating Income": 6770000000.0,
      "Operating Expense": 11090000000.0,
      "Other Operating Expenses": 931000000.0,
      "Depreciation And Amortization In Income Statement": 5764000000.0,
      "Depreciation Income Statement": 5764000000.0,
      "Selling General And Administration": null,
      "General And Administrative Expense": null,
      "Gross Profit": 17860000000.0,
      "Cost Of Revenue": 10640000000.0,
      "Total Revenue": 28500000000.0,
      "Operating Revenue": 28500000000.0
    },
    "2025-03-31T00:00:00": {
      "Tax Effect Of Unusual Items": -59991280.56078,
      "Tax Rate For Calcs": 0.259703,
      "Normalized EBITDA": 13780000000.0,
      "Total Unusual Items": -231000000.0,
      "Total Unusual Items Excluding Goodwill": -231000000.0,
      "Net Income From Continuing Operation Net Minority Interest": 2845000000.0,
      "Reconciled Depreciation": 6013000000.0,
      "Reconciled Cost Of Revenue": 11009000000.0,
      "EBITDA": 13549000000.0,
      "EBIT": 7536000000.0,
      "Net Interest Income": -1333000000.0,
      "Interest Expense": 1687000000.0,
      "Interest Income": 360000000.0,
      "Normalized Income": 3016008719.43922,
      "Net Income From Continuing And Discontinued Operation": 2845000000.0,
      "Total Expenses": 22760000000.0,
      "Total Operating Income As Reported": 6766000000.0,
      "Diluted Average Shares": 4894000000.0,
      "Basic Average Shares": 4894000000.0,
      "Diluted EPS": 0.58,
      "Basic EPS": 0.58,
      "Diluted NI Availto Com Stockholders": 2845000000.0,
      "Net Income Common Stockholders": 2845000000.0,
      "Otherunder Preferred Stock Dividend": 0.0,
      "Net Income": 2845000000.0,
      "Minority Interests": -1485000000.0,
      "Net Income Including Noncontrolling Interests": 4330000000.0,
      "Net Income Discontinuous Operations": null,
      "Net Income Continuous Operations": 4330000000.0,
      "Tax Provision": 1519000000.0,
      "Pretax Income": 5849000000.0,
      "Special Income Charges": -231000000.0,
      "Other Special Charges": -135000000.0,
      "Write Off": 366000000.0,
      "Net Non Operating Interest Income Expense": -1333000000.0,
      "Total Other Finance Cost": 6000000.0,
      "Interest Expense Non Operating": 1687000000.0,
      "Interest Income Non Operating": 360000000.0,
      "Operating Income": 6806000000.0,
      "Operating Expense": 11751000000.0,
      "Other Operating Expenses": 785000000.0,
      "Depreciation And Amortization In Income Statement": 6013000000.0,
      "Depreciation Income Statement": 6013000000.0,
      "Selling General And Administration": 150000000.0,
      "General And Administrative Expense": 150000000.0,
      "Gross Profit": 18557000000.0,
      "Cost Of Revenue": 11009000000.0,
      "Total Revenue": 29566000000.0,
      "Operating Revenue": 29566000000.0
    },
    "2024-12-31T00:00:00": {
      "Tax Effect Of Unusual Items": 521583955.673332,
      "Tax Rate For Calcs": 0.208384,
      "Normalized EBITDA": 13596000000.0,
      "Total Unusual Items": 2503000000.0,
      "Total Unusual Items Excluding Goodwill": 2503000000.0,
      "Net Income From Continuing Operation Net Minority Interest": 4182000000.0,
      "Reconciled Depreciation": 6007000000.0,
      "Reconciled Cost Of Revenue": 13154000000.0,
      "EBITDA": 16099000000.0,
      "EBIT": 10092000000.0,
      "Net Interest Income": -1200000000.0,
      "Interest Expense": 1790000000.0,
      "Interest Income": 413000000.0,
      "Normalized Income": 2200583955.673332,
      "Net Income From Continuing And Discontinued Operation": 4182000000.0,
      "Total Expenses": 24773000000.0,
      "Total Operating Income As Reported": 8474000000.0,
      "Diluted Average Shares": null,
      "Basic Average Shares": null,
      "Diluted EPS": null,
      "Basic EPS": null,
      "Diluted NI Availto Com Stockholders": 4182000000.0,
      "Net Income Common Stockholders": 4182000000.0,
      "Otherunder Preferred Stock Dividend": 0.0,
      "Net Income": 4182000000.0,
      "Minority Interests": -2389000000.0,
      "Net Income Including Noncontrolling Interests": 6571000000.0,
      "Net Income Discontinuous Operations": 0.0,
      "Net Income Continuous Operations": 6571000000.0,
      "Tax Provision": 1730000000.0,
      "Pretax Income": 8302000000.0,
      "Special Income Charges": 2302000000.0,
      "Other Special Charges": -203000000.0,
      "Write Off": 409000000.0,
      "Net Non Operating Interest Income Expense": -1200000000.0,
      "Total Other Finance Cost": null,
      "Interest Expense Non Operating": 1790000000.0,
      "Interest Income Non Operating": 413000000.0,
      "Operating Income": 5986000000.0,
      "Operating Expense": 11619000000.0,
      "Other Operating Expenses": 731000000.0,
      "Depreciation And Amortization In Income Statement": 6002000000.0,
      "Depreciation Income Statement": -627000000.0,
      "Selling General And Administration": 155000000.0,
      "General And Administrative Expense": 155000000.0,
      "Gross Profit": 17605000000.0,
      "Cost Of Revenue": 13154000000.0,
      "Total Revenue": 30759000000.0,
      "Operating Revenue": 30759000000.0
    },
    "2024-09-30T00:00:00": {
      "Tax Effect Of Unusual Items": -62184853.277104,
      "Tax Rate For Calcs": 0.223687,
      "Normalized EBITDA": 13466000000.0,
      "Total Unusual Items": -278000000.0,
      "Total Unusual Items Excluding Goodwill": -278000000.0,
      "Net Income From Continuing Operation Net Minority Interest": 2957000000.0,
      "Reconciled Depreciation": 5830000000.0,
      "Reconciled Cost Of Revenue": 10558000000.0,
      "EBITDA": 13188000000.0,
      "EBIT": 7358000000.0,
      "Net Interest Income": -1624000000.0,
      "Interest Expense": 1667000000.0,
      "Interest Income": 386000000.0,
      "Normalized Income": 3172815146.722896,
      "Net Income From Continuing And Discontinued Operation": 2957000000.0,
      "Total Expenses": 22085000000.0,
      "Total Operating Income As Reported": 6137000000.0,
      "Diluted Average Shares": 4927000000.0,
      "Basic Average Shares": 4927000000.0,
      "Diluted EPS": 0.6,
      "Basic EPS": 0.6,
      "Diluted NI Availto Com Stockholders": 2957000000.0,
      "Net Income Common Stockholders": 2957000000.0,
      "Otherunder Preferred Stock Dividend": 0.0,
      "Net Income": 2957000000.0,
      "Minority Interests": -1461000000.0,
      "Net Income Including Noncontrolling Interests": 4418000000.0,
      "Net Income Discontinuous Operations": 0.0,
      "Net Income Continuous Operations": 4418000000.0,
      "Tax Provision": 1273000000.0,
      "Pretax Income": 5691000000.0,
      "Special Income Charges": -278000000.0,
      "Other Special Charges": null,
      "Write Off": 278000000.0,
      "Net Non Operating Interest Income Expense": -1624000000.0,
      "Total Other Finance Cost": 343000000.0,
      "Interest Expense Non Operating": 1667000000.0,
      "Interest Income Non Operating": 386000000.0,
      "Operating Income": 6263000000.0,
      "Operating Expense": 11527000000.0,
      "Other Operating Expenses": 1316000000.0,
      "Depreciation And Amortization In Income Statement": 5830000000.0,
      "Depreciation Income Statement": 5830000000.0,
      "Selling General And Administration": null,
      "General And Administrative Expense": null,
      "Gross Profit": 17790000000.0,
      "Cost Of Revenue": 10558000000.0,
      "Total Revenue": 28348000000.0,
      "Operating Revenue": 28348000000.0
    },
    "2024-06-30T00:00:00": {
      "Tax Effect Of Unusual Items": null,
      "Tax Rate For Calcs": null,
      "Normalized EBITDA": null,
      "Total Unusual Items": null,
      "Total Unusual Items Excluding Goodwill": null,
      "Net Income From Continuing Operation Net Minority Interest": null,
      "Reconciled Depreciation": null,
      "Reconciled Cost Of Revenue": null,
      "EBITDA": null,
      "EBIT": null,
      "Net Interest Income": null,
      "Interest Expense": null,
      "Interest Income": null,
      "Normalized Income": null,
      "Net Income From Continuing And Discontinued Operation": null,
      "Total Expenses": null,
      "Total Operating Income As Reported": null,
      "Diluted Average Shares": 4948000000.0,
      "Basic Average Shares": 4948000000.0,
      "Diluted EPS": 0.42,
      "Basic EPS": 0.42,
      "Diluted NI Availto Com Stockholders": null,
      "Net Income Common Stockholders": null,
      "Otherunder Preferred Stock Dividend": null,
      "Net Income": null,
      "Minority Interests": null,
      "Net Income Including Noncontrolling Interests": null,
      "Net Income Discontinuous Operations": 0.0,
      "Net Income Continuous Operations": null,
      "Tax Provision": null,
      "Pretax Income": null,
      "Special Income Charges": null,
      "Other Special Charges": null,
      "Write Off": null,
      "Net Non Operating Interest Income Expense": null,
      "Total Other Finance Cost": -98000000.0,
      "Interest Expense Non Operating": null,
      "Interest Income Non Operating": null,
      "Operating Income": null,
      "Operating Expense": null,
      "Other Operating Expenses": null,
      "Depreciation And Amortization In Income Statement": null,
      "Depreciation Income Statement": null,
      "Selling General And Administration": null,
      "General And Administrative Expense": null,
      "Gross Profit": null,
      "Cost Of Revenue": null,
      "Total Revenue": null,
      "Operating Revenue": null
    }
  },
  "balance_sheet": {
    "2024-12-31T00:00:00": {
      "Treasury Shares Number": 86029346.0,
      "Ordinary Shares Number": 4900429250.0,
      "Share Issued": 4986458596.0,
      "Net Debt": 96742000000.0,
      "Total Debt": 145146000000.0,
      "Tangible Book Value": -97944000000.0,
      "Invested Capital": 168194000000.0,
      "Working Capital": 1979000000.0,
      "Net Tangible Assets": -97944000000.0,
      "Capital Lease Obligations": 40248000000.0,
      "Common Stock Equity": 63296000000.0,
      "Total Capitalization": 162085000000.0,
      "Total Equity Gross Minority Interest": 98640000000.0,
      "Minority Interest": 35344000000.0,
      "Stockholders Equity": 63296000000.0,
      "Other Equity Interest": null,
      "Treasury Stock": 220000000.0,
      "Retained Earnings": -5750000000.0,
      "Additional Paid In Capital": 55102000000.0,
      "Capital Stock": 12765000000.0,
      "Common Stock": 12765000000.0,
      "Total Liabilities Net Minority Interest": 206294000000.0,
      "Total Non Current Liabilities Net Minority Interest": 171112000000.0,
      "Other Non Current Liabilities": 902000000.0,
      "Derivative Product Liabilities": 2552000000.0,
      "Non Current Pension And Other Postretirement Benefit Plans": 3664000000.0,
      "Non Current Deferred Revenue": 1040000000.0,
      "Non Current Deferred Taxes Liabilities": 24260000000.0,
      "Long Term Debt And Capital Lease Obligation": 133363000000.0,
      "Long Term Capital Lease Obligation": 34574000000.0,
      "Long Term Debt": 98789000000.0,
      "Long Term Provisions": 4332000000.0,
      "Current Liabilities": 35182000000.0,
      "Other Current Liabilities": 2639000000.0,
      "Current Debt And Capital Lease Obligation": 11783000000.0,
      "Current Capital Lease Obligation": 5674000000.0,
      "Current Debt": 6109000000.0,
      "Pensionand Other Post Retirement Benefit Plans Current": 391000000.0,
      "Current Provisions": 3537000000.0,
      "Payables": 11842000000.0,
      "Other Payable": null,
      "Total Tax Payable": 2478000000.0,
      "Accounts Payable": 9364000000.0,
      "Total Assets": 304934000000.0,
      "Total Non Current Assets": 267773000000.0,
      "Other Non Current Assets": 1799000000.0,
      "Non Current Deferred Assets": 3682000000.0,
      "Non Current Deferred Taxes Assets": 3682000000.0,
      "Financial Assets": 1454000000.0,
      "Investmentin Financial Assets": 811000000.0,
      "Available For Sale Securities": 549000000.0,
      "Financial Assets Designatedas Fair Value Through Profitor Loss Total": 262000000.0,
      "Long Term Equity Investment": 7343000000.0,
      "Goodwill And Other Intangible Assets": 161240000000.0,
      "Other Intangible Assets": 139626000000.0,
      "Goodwill": 21614000000.0,
      "Net PPE": 86785000000.0,
      "Accumulated Depreciation": -106126000000.0,
      "Gross PPE": 192911000000.0,
      "Construction In Progress": 6099000000.0,
      "Other Properties": 28317000000.0,
      "Machinery Furniture Equipment": 158495000000.0,
      "Buildings And Improvements": null,
      "Land And Improvements": null,
      "Properties": null,
      "Current Assets": 37161000000.0,
      "Other Current Assets": 1997000000.0,
      "Hedging Assets Current": 131000000.0,
      "Assets Held For Sale Current": 256000000.0,
      "Restricted Cash": 316000000.0,
      "Inventory": 2451000000.0,
      "Finished Goods": 2216000000.0,
      "Work In Process": 49000000.0,
      "Raw Materials": 186000000.0,
      "Other Receivables": 6905000000.0,
      "Taxes Receivable": 445000000.0,
      "Accounts Receivable": 16411000000.0,
      "Allowance For Doubtful Accounts Receivable": null,
      "Gross Accounts Receivable": null,
      "Cash Cash Equivalents And Short Term Investments": 8249000000.0,
      "Other Short Term Investments": 93000000.0,
      "Cash And Cash Equivalents": 8156000000.0
    },
    "2023-12-31T00:00:00": {
      "Treasury Shares Number": 7843113.0,
      "Ordinary Shares Number": 4978615483.0,
      "Share Issued": 4986458596.0,
      "Net Debt": 90831000000.0,
      "Total Debt": 138755000000.0,
      "Tangible Book Value": -90929000000.0,
      "Invested Capital": 154887000000.0,
      "Working Capital": 298000000.0,
      "Net Tangible Assets": -90929000000.0,
      "Capital Lease Obligations": 40793000000.0,
      "Common Stock Equity": 56925000000.0,
      "Total Capitalization": 147953000000.0,
      "Total Equity Gross Minority Interest": 91237000000.0,
      "Minority Interest": 34312000000.0,
      "Stockholders Equity": 56925000000.0,
      "Other Equity Interest": null,
      "Treasury Stock": 20000000.0,
      "Retained Earnings": -12081000000.0,
      "Additional Paid In Capital": 56786000000.0,
      "Capital Stock": 12765000000.0,
      "Common Stock": 12765000000.0,
      "Total Liabilities Net Minority Interest": 199068000000.0,
      "Total Non Current Liabilities Net Minority Interest": 163003000000.0,
      "Other Non Current Liabilities": 1454000000.0,
      "Derivative Product Liabilities": 2484000000.0,
      "Non Current Pension And Other Postretirement Benefit Plans": 4465000000.0,
      "Non Current Deferred Revenue": 853000000.0,
      "Non Current Deferred Taxes Liabilities": 21918000000.0,
      "Long Term Debt And Capital Lease Obligation": 126172000000.0,
      "Long Term Capital Lease Obligation": 35144000000.0,
      "Long Term Debt": 91028000000.0,
      "Long Term Provisions": 4265000000.0,
      "Current Liabilities": 36065000000.0,
      "Other Current Liabilities": 2323000000.0,
      "Current Debt And Capital Lease Obligation": 12583000000.0,
      "Current Capital Lease Obligation": 5649000000.0,
      "Current Debt": 6934000000.0,
      "Pensionand Other Post Retirement Benefit Plans Current": 365000000.0,
      "Current Provisions": 3835000000.0,
      "Payables": 13347000000.0,
      "Other Payable": 1009000000.0,
      "Total Tax Payable": 2569000000.0,
      "Accounts Payable": 10778000000.0,
      "Total Assets": 290305000000.0,
      "Total Non Current Assets": 253942000000.0,
      "Other Non Current Assets": 1413000000.0,
      "Non Current Deferred Assets": 3511000000.0,
      "Non Current Deferred Taxes Assets": 6401000000.0,
      "Financial Assets": 1178000000.0,
      "Investmentin Financial Assets": 1072000000.0,
      "Available For Sale Securities": 422000000.0,
      "Financial Assets Designatedas Fair Value Through Profitor Loss Total": 650000000.0,
      "Long Term Equity Investment": 4605000000.0,
      "Goodwill And Other Intangible Assets": 147854000000.0,
      "Other Intangible Assets": 127558000000.0,
      "Goodwill": 20296000000.0,
      "Net PPE": 86110000000.0,
      "Accumulated Depreciation": -101181000000.0,
      "Gross PPE": 187291000000.0,
      "Construction In Progress": 6284000000.0,
      "Other Properties": 28777000000.0,
      "Machinery Furniture Equipment": 152230000000.0,
      "Buildings And Improvements": null,
      "Land And Improvements": null,
      "Properties": null,
      "Current Assets": 36363000000.0,
      "Other Current Assets": 2209000000.0,
      "Hedging Assets Current": 602000000.0,
      "Assets Held For Sale Current": 211000000.0,
      "Restricted Cash": 143000000.0,
      "Inventory": 2419000000.0,
      "Finished Goods": 2158000000.0,
      "Work In Process": 49000000.0,
      "Raw Materials": 212000000.0,
      "Other Receivables": 7167000000.0,
      "Taxes Receivable": 214000000.0,
      "Accounts Receivable": 16157000000.0,
      "Allowance For Doubtful Accounts Receivable": null,
      "Gross Accounts Receivable": null,
      "Cash Cash Equivalents And Short Term Investments": 7241000000.0,
      "Other Short Term Investments": 110000000.0,
      "Cash And Cash Equivalents": 7131000000.0
    },
    "2022-12-31T00:00:00": {
      "Treasury Shares Number": 13757255.0,
      "Ordinary Shares Number": 4972701341.0,
      "Share Issued": 4986458596.0,
      "Net Debt": 99926000000.0,
      "Total Debt": 144242000000.0,
      "Tangible Book Value": -104338000000.0,
      "Invested Capital": 154008000000.0,
      "Working Capital": -6245000000.0,
      "Net Tangible Assets": -104338000000.0,
      "Capital Lease Obligations": 38792000000.0,
      "Common Stock Equity": 48558000000.0,
      "Total Capitalization": 142059000000.0,
      "Total Equity Gross Minority Interest": 87320000000.0,
      "Minority Interest": 38762000000.0,
      "Stockholders Equity": 48558000000.0,
      "Other Equity Interest": 1000000.0,
      "Treasury Stock": 35000000.0,
      "Retained Earnings": -26488000000.0,
      "Additional Paid In Capital": 61532000000.0,
      "Capital Stock": 12765000000.0,
      "Common Stock": 12765000000.0,
      "Total Liabilities Net Minority Interest": 211270000000.0,
      "Total Non Current Liabilities Net Minority Interest": 165881000000.0,
      "Other Non Current Liabilities": 1684000000.0,
      "Derivative Product Liabilities": 2781000000.0,
      "Non Current Pension And Other Postretirement Benefit Plans": 4609000000.0,
      "Non Current Deferred Revenue": 688000000.0,
      "Non Current Deferred Taxes Liabilities": 22800000000.0,
      "Long Term Debt And Capital Lease Obligation": 127167000000.0,
      "Long Term Capital Lease Obligation": 33666000000.0,
      "Long Term Debt": 93501000000.0,
      "Long Term Provisions": 3792000000.0,
      "Current Liabilities": 45389000000.0,
      "Other Current Liabilities": 2155000000.0,
      "Current Debt And Capital Lease Obligation": 17075000000.0,
      "Current Capital Lease Obligation": 5126000000.0,
      "Current Debt": 11949000000.0,
      "Pensionand Other Post Retirement Benefit Plans Current": 373000000.0,
      "Current Provisions": 4412000000.0,
      "Payables": 14697000000.0,
      "Other Payable": 999000000.0,
      "Total Tax Payable": 2716000000.0,
      "Accounts Payable": 11981000000.0,
      "Total Assets": 298590000000.0,
      "Total Non Current Assets": 259446000000.0,
      "Other Non Current Assets": 1507000000.0,
      "Non Current Deferred Assets": 3205000000.0,
      "Non Current Deferred Taxes Assets": 8316000000.0,
      "Financial Assets": 2120000000.0,
      "Investmentin Financial Assets": 1090000000.0,
      "Available For Sale Securities": 446000000.0,
      "Financial Assets Designatedas Fair Value Through Profitor Loss Total": 644000000.0,
      "Long Term Equity Investment": 1318000000.0,
      "Goodwill And Other Intangible Assets": 152896000000.0,
      "Other Intangible Assets": 132248000000.0,
      "Goodwill": 20648000000.0,
      "Net PPE": 87275000000.0,
      "Accumulated Depreciation": -100065000000.0,
      "Gross PPE": 187340000000.0,
      "Construction In Progress": 6943000000.0,
      "Other Properties": 29393000000.0,
      "Machinery Furniture Equipment": 151004000000.0,
      "Buildings And Improvements": 4449000000.0,
      "Land And Improvements": 18454000000.0,
      "Properties": 0.0,
      "Current Assets": 39144000000.0,
      "Other Current Assets": 1802000000.0,
      "Hedging Assets Current": 153000000.0,
      "Assets Held For Sale Current": 4683000000.0,
      "Restricted Cash": 243000000.0,
      "Inventory": 2638000000.0,
      "Finished Goods": 2474000000.0,
      "Work In Process": 34000000.0,
      "Raw Materials": 130000000.0,
      "Other Receivables": 7027000000.0,
      "Taxes Receivable": 213000000.0,
      "Accounts Receivable": 16766000000.0,
      "Allowance For Doubtful Accounts Receivable": -1524000000.0,
      "Gross Accounts Receivable": 18290000000.0,
      "Cash Cash Equivalents And Short Term Investments": 5619000000.0,
      "Other Short Term Investments": 95000000.0,
      "Cash And Cash Equivalents": 5524000000.0
    },
    "2021-12-31T00:00:00": {
      "Treasury Shares Number": 14517728.0,
      "Ordinary Shares Number": 4971940868.0,
      "Share Issued": 4986458596.0,
      "Net Debt": 99721000000.0,
      "Total Debt": 138820000000.0,
      "Tangible Book Value": -103432000000.0,
      "Invested Capital": 148365000000.0,
      "Working Capital": -4000000.0,
      "Net Tangible Assets": -103432000000.0,
      "Capital Lease Obligations": 33134000000.0,
      "Common Stock Equity": 42679000000.0,
      "Total Capitalization": 138131000000.0,
      "Total Equity Gross Minority Interest": 81469000000.0,
      "Minority Interest": 38790000000.0,
      "Stockholders Equity": 42679000000.0,
      "Other Equity Interest": 1000000.0,
      "Treasury Stock": 37000000.0,
      "Retained Earnings": -32182000000.0,
      "Additional Paid In Capital": 63773000000.0,
      "Capital Stock": 12765000000.0,
      "Common Stock": 12765000000.0,
      "Total Liabilities Net Minority Interest": 200158000000.0,
      "Total Non Current Liabilities Net Minority Interest": 161355000000.0,
      "Other Non Current Liabilities": 1399000000.0,
      "Derivative Product Liabilities": 656000000.0,
      "Non Current Pension And Other Postretirement Benefit Plans": 6660000000.0,
      "Non Current Deferred Revenue": 611000000.0,
      "Non Current Deferred Taxes Liabilities": 19809000000.0,
      "Long Term Debt And Capital Lease Obligation": 123546000000.0,
      "Long Term Capital Lease Obligation": 28094000000.0,
      "Long Term Debt": 95452000000.0,
      "Long Term Provisions": 5560000000.0,
      "Current Liabilities": 38803000000.0,
      "Other Current Liabilities": 2328000000.0,
      "Current Debt And Capital Lease Obligation": 15274000000.0,
      "Current Capital Lease Obligation": 5040000000.0,
      "Current Debt": 10234000000.0,
      "Pensionand Other Post Retirement Benefit Plans Current": 410000000.0,
      "Current Provisions": 3903000000.0,
      "Payables": 12822000000.0,
      "Other Payable": 1012000000.0,
      "Total Tax Payable": 2426000000.0,
      "Accounts Payable": 10396000000.0,
      "Total Assets": 281627000000.0,
      "Total Non Current Assets": 242828000000.0,
      "Other Non Current Assets": 1367000000.0,
      "Non Current Deferred Assets": 2585000000.0,
      "Non Current Deferred Taxes Assets": 7906000000.0,
      "Financial Assets": 2573000000.0,
      "Investmentin Financial Assets": 671000000.0,
      "Available For Sale Securities": 441000000.0,
      "Financial Assets Designatedas Fair Value Through Profitor Loss Total": 230000000.0,
      "Long Term Equity Investment": 938000000.0,
      "Goodwill And Other Intangible Assets": 146111000000.0,
      "Other Intangible Assets": 125579000000.0,
      "Goodwill": 20532000000.0,
      "Net PPE": 79226000000.0,
      "Accumulated Depreciation": -112162000000.0,
      "Gross PPE": 191388000000.0,
      "Construction In Progress": 5322000000.0,
      "Other Properties": 24750000000.0,
      "Machinery Furniture Equipment": 161316000000.0,
      "Buildings And Improvements": 6168000000.0,
      "Land And Improvements": 18197000000.0,
      "Properties": 0.0,
      "Current Assets": 38799000000.0,
      "Other Current Assets": 1765000000.0,
      "Hedging Assets Current": 189000000.0,
      "Assets Held For Sale Current": 4856000000.0,
      "Restricted Cash": 1652000000.0,
      "Inventory": 2855000000.0,
      "Finished Goods": 2783000000.0,
      "Work In Process": 19000000.0,
      "Raw Materials": 53000000.0,
      "Other Receivables": 5803000000.0,
      "Taxes Receivable": 321000000.0,
      "Accounts Receivable": 15299000000.0,
      "Allowance For Doubtful Accounts Receivable": -1582000000.0,
      "Gross Accounts Receivable": 14044000000.0,
      "Cash Cash Equivalents And Short Term Investments": 6059000000.0,
      "Other Short Term Investments": 94000000.0,
      "Cash And Cash Equivalents": 5965000000.0
    }
  },
  "cashflow": {
    "2024-12-31T00:00:00": {
      "Free Cash Flow": 20703000000.0,
      "Repurchase Of Capital Stock": -1974000000.0,
      "Repayment Of Debt": null,
      "Issuance Of Debt": null,
      "Capital Expenditure": -19171000000.0,
      "End Cash Position": 8472000000.0,
      "Other Cash Adjustment Outside Changein Cash": null,
      "Beginning Cash Position": 7274000000.0,
      "Effect Of Exchange Rate Changes": 506000000.0,
      "Changes In Cash": 692000000.0,
      "Other Cash Adjustment Inside Changein Cash": 0.0,
      "Financing Cash Flow": -20282000000.0,
      "Net Other Financing Charges": -6507000000.0,
      "Cash Dividends Paid": -5592000000.0,
      "Net Common Stock Issuance": -1974000000.0,
      "Common Stock Payments": -1974000000.0,
      "Net Issuance Payments Of Debt": null,
      "Net Short Term Debt Issuance": null,
      "Short Term Debt Payments": null,
      "Short Term Debt Issuance": null,
      "Net Long Term Debt Issuance": null,
      "Long Term Debt Payments": null,
      "Long Term Debt Issuance": null,
      "Investing Cash Flow": -18900000000.0,
      "Net Other Investing Changes": -6000000.0,
      "Net Investment Purchase And Sale": 444000000.0,
      "Sale Of Investment": 1331000000.0,
      "Purchase Of Investment": -887000000.0,
      "Net Business Purchase And Sale": -356000000.0,
      "Sale Of Business": 1000000.0,
      "Purchase Of Business": -357000000.0,
      "Net Intangibles Purchase And Sale": -7927000000.0,
      "Sale Of Intangibles": 46000000.0,
      "Purchase Of Intangibles": -7973000000.0,
      "Net PPE Purchase And Sale": -11055000000.0,
      "Sale Of PPE": 143000000.0,
      "Purchase Of PPE": -11198000000.0,
      "Operating Cash Flow": 39874000000.0,
      "Taxes Refund Paid": -1504000000.0,
      "Interest Received Cfo": 2427000000.0,
      "Interest Paid Cfo": -8013000000.0,
      "Dividend Received Cfo": 9000000.0,
      "Change In Working Capital": -1714000000.0,
      "Change In Other Current Liabilities": -1636000000.0,
      "Change In Other Current Assets": 682000000.0,
      "Other Non Cash Items": -1457000000.0,
      "Depreciation And Amortization": 23907000000.0,
      "Amortization Cash Flow": 6633000000.0,
      "Depreciation": 17274000000.0,
      "Gain Loss On Investment Securities": 3319000000.0,
      "Gain Loss On Sale Of PPE": -189000000.0,
      "Gain Loss On Sale Of Business": 2000000.0,
      "Net Income From Continuing Operations": 22958000000.0
    },
    "2023-12-31T00:00:00": {
      "Free Cash Flow": 19432000000.0,
      "Repurchase Of Capital Stock": 0.0,
      "Repayment Of Debt": -12700000000.0,
      "Issuance Of Debt": 10973000000.0,
      "Capital Expenditure": -17866000000.0,
      "End Cash Position": 7274000000.0,
      "Other Cash Adjustment Outside Changein Cash": -1000000.0,
      "Beginning Cash Position": 5767000000.0,
      "Effect Of Exchange Rate Changes": -68000000.0,
      "Changes In Cash": 1576000000.0,
      "Other Cash Adjustment Inside Changein Cash": 25000000.0,
      "Financing Cash Flow": -25534000000.0,
      "Net Other Financing Charges": -15603000000.0,
      "Cash Dividends Paid": -4027000000.0,
      "Net Common Stock Issuance": 0.0,
      "Common Stock Payments": 0.0,
      "Net Issuance Payments Of Debt": -1727000000.0,
      "Net Short Term Debt Issuance": -12700000000.0,
      "Short Term Debt Payments": -12700000000.0,
      "Short Term Debt Issuance": 816000000.0,
      "Net Long Term Debt Issuance": 10973000000.0,
      "Long Term Debt Payments": null,
      "Long Term Debt Issuance": 10973000000.0,
      "Investing Cash Flow": -10213000000.0,
      "Net Other Investing Changes": null,
      "Net Investment Purchase And Sale": -177000000.0,
      "Sale Of Investment": 917000000.0,
      "Purchase Of Investment": -1094000000.0,
      "Net Business Purchase And Sale": 7625000000.0,
      "Sale Of Business": 7629000000.0,
      "Purchase Of Business": -4000000.0,
      "Net Intangibles Purchase And Sale": -5465000000.0,
      "Sale Of Intangibles": 95000000.0,
      "Purchase Of Intangibles": -5560000000.0,
      "Net PPE Purchase And Sale": -12196000000.0,
      "Sale Of PPE": 110000000.0,
      "Purchase Of PPE": -12306000000.0,
      "Operating Cash Flow": 37298000000.0,
      "Taxes Refund Paid": -1312000000.0,
      "Interest Received Cfo": 2201000000.0,
      "Interest Paid Cfo": -7729000000.0,
      "Dividend Received Cfo": 31000000.0,
      "Change In Working Capital": -1000000000.0,
      "Change In Other Current Liabilities": -288000000.0,
      "Change In Other Current Assets": 109000000.0,
      "Other Non Cash Items": 543000000.0,
      "Depreciation And Amortization": 23754000000.0,
      "Amortization Cash Flow": 6479000000.0,
      "Depreciation": 17275000000.0,
      "Gain Loss On Investment Securities": 8845000000.0,
      "Gain Loss On Sale Of PPE": 43000000.0,
      "Gain Loss On Sale Of Business": -13162000000.0,
      "Net Income From Continuing Operations": 24957000000.0
    },
    "2022-12-31T00:00:00": {
      "Free Cash Flow": 11705000000.0,
      "Repurchase Of Capital Stock": 0.0,
      "Repayment Of Debt": -15528000000.0,
      "Issuance Of Debt": 4534000000.0,
      "Capital Expenditure": -24114000000.0,
      "End Cash Position": 5767000000.0,
      "Other Cash Adjustment Outside Changein Cash": null,
      "Beginning Cash Position": 7617000000.0,
      "Effect Of Exchange Rate Changes": 93000000.0,
      "Changes In Cash": -1943000000.0,
      "Other Cash Adjustment Inside Changein Cash": -18000000.0,
      "Financing Cash Flow": -15438000000.0,
      "Net Other Financing Charges": -7102000000.0,
      "Cash Dividends Paid": -3385000000.0,
      "Net Common Stock Issuance": 0.0,
      "Common Stock Payments": 0.0,
      "Net Issuance Payments Of Debt": -10994000000.0,
      "Net Short Term Debt Issuance": -15528000000.0,
      "Short Term Debt Payments": -15528000000.0,
      "Short Term Debt Issuance": 9686000000.0,
      "Net Long Term Debt Issuance": 4534000000.0,
      "Long Term Debt Payments": 0.0,
      "Long Term Debt Issuance": 4534000000.0,
      "Investing Cash Flow": -22306000000.0,
      "Net Other Investing Changes": null,
      "Net Investment Purchase And Sale": -2787000000.0,
      "Sale Of Investment": 608000000.0,
      "Purchase Of Investment": -3395000000.0,
      "Net Business Purchase And Sale": 4156000000.0,
      "Sale Of Business": 4208000000.0,
      "Purchase Of Business": -52000000.0,
      "Net Intangibles Purchase And Sale": -7548000000.0,
      "Sale Of Intangibles": 3000000.0,
      "Purchase Of Intangibles": -7551000000.0,
      "Net PPE Purchase And Sale": -16127000000.0,
      "Sale Of PPE": 436000000.0,
      "Purchase Of PPE": -16563000000.0,
      "Operating Cash Flow": 35819000000.0,
      "Taxes Refund Paid": -902000000.0,
      "Interest Received Cfo": 1347000000.0,
      "Interest Paid Cfo": -6756000000.0,
      "Dividend Received Cfo": 11000000.0,
      "Change In Working Capital": -567000000.0,
      "Change In Other Current Liabilities": 729000000.0,
      "Change In Other Current Assets": -1413000000.0,
      "Other Non Cash Items": 1508000000.0,
      "Depreciation And Amortization": 27827000000.0,
      "Amortization Cash Flow": null,
      "Depreciation": 27827000000.0,
      "Gain Loss On Investment Securities": 4455000000.0,
      "Gain Loss On Sale Of PPE": -76000000.0,
      "Gain Loss On Sale Of Business": -2732000000.0,
      "Net Income From Continuing Operations": 11703000000.0
    },
    "2021-12-31T00:00:00": {
      "Free Cash Flow": 5806000000.0,
      "Repurchase Of Capital Stock": null,
      "Repayment Of Debt": -18040000000.0,
      "Issuance Of Debt": 12925000000.0,
      "Capital Expenditure": -26365000000.0,
      "End Cash Position": 7617000000.0,
      "Other Cash Adjustment Outside Changein Cash": 1000000.0,
      "Beginning Cash Position": 12939000000.0,
      "Effect Of Exchange Rate Changes": 620000000.0,
      "Changes In Cash": -5943000000.0,
      "Other Cash Adjustment Inside Changein Cash": 68000000.0,
      "Financing Cash Flow": -10779000000.0,
      "Net Other Financing Charges": -1176000000.0,
      "Cash Dividends Paid": -3145000000.0,
      "Net Common Stock Issuance": null,
      "Common Stock Payments": null,
      "Net Issuance Payments Of Debt": -5115000000.0,
      "Net Short Term Debt Issuance": -18040000000.0,
      "Short Term Debt Payments": -18040000000.0,
      "Short Term Debt Issuance": 4431000000.0,
      "Net Long Term Debt Issuance": 12925000000.0,
      "Long Term Debt Payments": 0.0,
      "Long Term Debt Issuance": 12925000000.0,
      "Investing Cash Flow": -27403000000.0,
      "Net Other Investing Changes": -1000000.0,
      "Net Investment Purchase And Sale": 89000000.0,
      "Sale Of Investment": 861000000.0,
      "Purchase Of Investment": -772000000.0,
      "Net Business Purchase And Sale": -1265000000.0,
      "Sale Of Business": 352000000.0,
      "Purchase Of Business": -1617000000.0,
      "Net Intangibles Purchase And Sale": -12747000000.0,
      "Sale Of Intangibles": 2000000.0,
      "Purchase Of Intangibles": -12749000000.0,
      "Net PPE Purchase And Sale": -13479000000.0,
      "Sale Of PPE": 137000000.0,
      "Purchase Of PPE": -13616000000.0,
      "Operating Cash Flow": 32171000000.0,
      "Taxes Refund Paid": -893000000.0,
      "Interest Received Cfo": 1138000000.0,
      "Interest Paid Cfo": -6158000000.0,
      "Dividend Received Cfo": 8000000.0,
      "Change In Working Capital": -2705000000.0,
      "Change In Other Current Liabilities": -19000000.0,
      "Change In Other Current Assets": -2534000000.0,
      "Other Non Cash Items": 226000000.0,
      "Depreciation And Amortization": 27193000000.0,
      "Amortization Cash Flow": 6464000000.0,
      "Depreciation": 20729000000.0,
      "Gain Loss On Investment Securities": 5139000000.0,
      "Gain Loss On Sale Of PPE": 161000000.0,
      "Gain Loss On Sale Of Business": -143000000.0,
      "Net Income From Continuing Operations": 7918000000.0
    }
  },
  "earnings_estimate": {
    "avg": {
      "0q": 0.43384,
      "+1q": 0.53,
      "0y": 1.99748,
      "+1y": 1.99063
    },
    "low": {
      "0q": 0.41769,
      "+1q": 0.53,
      "0y": 1.81,
      "+1y": 1.72225
    },
    "high": {
      "0q": 0.45,
      "+1q": 0.53,
      "0y": 2.14,
      "+1y": 2.172
    },
    "yearAgoEps": {
      "0q": 0.48,
      "+1q": 0.5,
      "0y": 1.9,
      "+1y": 1.86555
    },
    "numberOfAnalysts": {
      "0q": 2,
      "+1q": 1,
      "0y": 14,
      "+1y": 7
    },
    "growth": {
      "0q": -0.0962,
      "+1q": 0.06,
      "0y": 0.0513,
      "+1y": 0.067
    }
  },
  "revenue_estimate": {
    "avg": {
      "0q": 31495969600,
      "+1q": 29562616000,
      "0y": 118957887700,
      "+1y": 122303208500
    },
    "low": {
      "0q": 31427000000,
      "+1q": 29562616000,
      "0y": 118639768000,
      "+1y": 121709000000
    },
    "high": {
      "0q": 31584000000,
      "+1q": 29562616000,
      "0y": 122724000000,
      "+1y": 127774000000
    },
    "numberOfAnalysts": {
      "0q": 5,
      "+1q": 1,
      "0y": 14,
      "+1y": 14
    },
    "yearAgoRevenue": {
      "0q": 30932000000,
      "+1q": 29755000000,
      "0y": 115769000000,
      "+1y": 118734384000
    },
    "growth": {
      "0q": 0.0182,
      "+1q": -0.0064999997,
      "0y": 0.0275,
      "+1y": 0.0301
    }
  },
  "growth_estimates": {
    "stockTrend": {
      "0q": -0.0962,
      "+1q": 0.06,
      "0y": 0.0513,
      "+1y": 0.096599996,
      "LTG": null
    },
    "indexTrend": {
      "0q": 0.1273,
      "+1q": 0.103599995,
      "0y": 0.14310001,
      "+1y": 0.1557,
      "LTG": 0.122
    }
  },
  "revenue_forecasts": null,
  "dividend_rate": 0.9,
  "trailing_dividend_rate": 0.9
}