{
  "ticker": "DTG.DE",
  "name": "Daimler Truck",
  "country": "germany",
  "currency": "EUR",
  "last_fetched": "2026-02-26T20:48:22.248184",
  "market_cap": 32565149696,
  "revenue": 50842001408,
  "net_income": 2222000128,
  "pe_ratio": 14.849651,
  "forward_pe": 11.105271,
  "dividend_yield": 4.5,
  "profit_margin": 0.04382,
  "roe": 0.10849,
  "debt_to_equity": 136.525,
  "beta": 1.015,
  "ev_to_ebitda": 12.094,
  "sector": "Industrials",
  "industry": "Farm & Heavy Construction Machinery",
  "summary": "Daimler Truck Holding AG manufactures and sells light, medium- and heavy-duty trucks and buses in Europe, North America, Asia, Latin America, and internationally. It operates through five segments: Trucks North America, Mercedes-Benz Trucks, Trucks Asia, Daimler Buses, and Financial Services. The company offers light, medium, and heavy-duty trucks; city and intercity buses, coaches, and bus chassis; industrial engines; and special vehicles used in various sector, as well as new and used commercial vehicles. It also provides various financial services, such as rental, leasing, and financing for vehicles; and charging infrastructure, insurance brokerage, payment, and integrated services for zero emission vehicles. In addition, the company offers connectivity solutions under the Detroit Connect, truckonnect, OMNIplus ON, Mercedes-Benz Uptime, and Fleetboard brands; and aftersales services, as well as sells spare parts. It provides trucks and buses under the Mercedes-Benz, Freightliner, Western Star, FUSO, BharatBenz, RIZON, Setra, and Thomas Built Buses brands. The company was founded in 1896 and is headquartered in Leinfelden-Echterdingen, Germany.",
  "website": "https://www.daimlertruck.com",
  "employees": 108815,
  "target_high": 53.0,
  "target_low": 30.0,
  "target_mean": 44.5,
  "target_median": 45.0,
  "recommendation": "buy",
  "num_analysts": 17,
  "income_stmt": {
    "2024-12-31T00:00:00": {
      "Tax Effect Of Unusual Items": 1164000.0,
      "Tax Rate For Calcs": 0.194,
      "Normalized EBITDA": 5297000000.0,
      "Total Unusual Items": 6000000.0,
      "Total Unusual Items Excluding Goodwill": 6000000.0,
      "Net Income From Continuing Operation Net Minority Interest": 2900000000.0,
      "Reconciled Depreciation": 1153000000.0,
      "Reconciled Cost Of Revenue": 42879000000.0,
      "EBITDA": 5303000000.0,
      "EBIT": 4150000000.0,
      "Net Interest Income": 190000000.0,
      "Interest Expense": 348000000.0,
      "Interest Income": 430000000.0,
      "Normalized Income": 2895164000.0,
      "Net Income From Continuing And Discontinued Operation": 2900000000.0,
      "Total Expenses": 49916000000.0,
      "Diluted Average Shares": 796000000.0,
      "Basic Average Shares": 796000000.0,
      "Diluted EPS": 3.64,
      "Basic EPS": 3.64,
      "Diluted NI Availto Com Stockholders": 2900000000.0,
      "Net Income Common Stockholders": 2900000000.0,
      "Otherunder Preferred Stock Dividend": 0.0,
      "Net Income": 2900000000.0,
      "Minority Interests": -166000000.0,
      "Net Income Including Noncontrolling Interests": 3066000000.0,
      "Net Income Continuous Operations": 3066000000.0,
      "Tax Provision": 736000000.0,
      "Pretax Income": 3802000000.0,
      "Other Non Operating Income Expenses": 47000000.0,
      "Special Income Charges": 6000000.0,
      "Other Special Charges": -6000000.0,
      "Restructuring And Mergern Acquisition": 0.0,
      "Net Non Operating Interest Income Expense": 190000000.0,
      "Total Other Finance Cost": -108000000.0,
      "Interest Expense Non Operating": 348000000.0,
      "Interest Income Non Operating": 430000000.0,
      "Operating Income": 4161000000.0,
      "Operating Expense": 7037000000.0,
      "Other Operating Expenses": 397000000.0,
      "Research And Development": 1671000000.0,
      "Selling General And Administration": 5591000000.0,
      "Selling And Marketing Expense": 3009000000.0,
      "General And Administrative Expense": 2582000000.0,
      "Gross Profit": 11198000000.0,
      "Cost Of Revenue": 42879000000.0,
      "Total Revenue": 54077000000.0,
      "Operating Revenue": 54077000000.0
    },
    "2023-12-31T00:00:00": {
      "Tax Effect Of Unusual Items": -3302000.0,
      "Tax Rate For Calcs": 0.254,
      "Normalized EBITDA": 6842000000.0,
      "Total Unusual Items": -13000000.0,
      "Total Unusual Items Excluding Goodwill": -13000000.0,
      "Net Income From Continuing Operation Net Minority Interest": 3775000000.0,
      "Reconciled Depreciation": 1133000000.0,
      "Reconciled Cost Of Revenue": 43968000000.0,
      "EBITDA": 6829000000.0,
      "EBIT": 5696000000.0,
      "Net Interest Income": 11000000.0,
      "Interest Expense": 369000000.0,
      "Interest Income": 384000000.0,
      "Normalized Income": 3784698000.0,
      "Net Income From Continuing And Discontinued Operation": 3775000000.0,
      "Total Expenses": 50494000000.0,
      "Diluted Average Shares": 818000000.0,
      "Basic Average Shares": 818000000.0,
      "Diluted EPS": 4.62,
      "Basic EPS": 4.62,
      "Diluted NI Availto Com Stockholders": 3775000000.0,
      "Net Income Common Stockholders": 3775000000.0,
      "Otherunder Preferred Stock Dividend": 0.0,
      "Net Income": 3775000000.0,
      "Minority Interests": -196000000.0,
      "Net Income Including Noncontrolling Interests": 3971000000.0,
      "Net Income Continuous Operations": 3972000000.0,
      "Tax Provision": 1355000000.0,
      "Pretax Income": 5327000000.0,
      "Other Non Operating Income Expenses": 43000000.0,
      "Special Income Charges": -13000000.0,
      "Other Special Charges": 17000000.0,
      "Restructuring And Mergern Acquisition": -4000000.0,
      "Net Non Operating Interest Income Expense": 11000000.0,
      "Total Other Finance Cost": 4000000.0,
      "Interest Expense Non Operating": 369000000.0,
      "Interest Income Non Operating": 384000000.0,
      "Operating Income": 5396000000.0,
      "Operating Expense": 6526000000.0,
      "Other Operating Expenses": 60000000.0,
      "Research And Development": 1757000000.0,
      "Selling General And Administration": 5303000000.0,
      "Selling And Marketing Expense": 2890000000.0,
      "General And Administrative Expense": 2413000000.0,
      "Gross Profit": 11922000000.0,
      "Cost Of Revenue": 43968000000.0,
      "Total Revenue": 55890000000.0,
      "Operating Revenue": 55890000000.0
    },
    "2022-12-31T00:00:00": {
      "Tax Effect Of Unusual Items": 36417000.0,
      "Tax Rate For Calcs": 0.199,
      "Normalized EBITDA": 4631000000.0,
      "Total Unusual Items": 183000000.0,
      "Total Unusual Items Excluding Goodwill": 183000000.0,
      "Net Income From Continuing Operation Net Minority Interest": 2665000000.0,
      "Reconciled Depreciation": 1120000000.0,
      "Reconciled Cost Of Revenue": 41513000000.0,
      "EBITDA": 4814000000.0,
      "EBIT": 3694000000.0,
      "Net Interest Income": 43000000.0,
      "Interest Expense": 245000000.0,
      "Interest Income": 337000000.0,
      "Normalized Income": 2518417000.0,
      "Net Income From Continuing And Discontinued Operation": 2665000000.0,
      "Total Expenses": 47538000000.0,
      "Diluted Average Shares": 823000000.0,
      "Basic Average Shares": 823000000.0,
      "Diluted EPS": 3.24,
      "Basic EPS": 3.24,
      "Diluted NI Availto Com Stockholders": 2665000000.0,
      "Net Income Common Stockholders": 2665000000.0,
      "Otherunder Preferred Stock Dividend": 0.0,
      "Net Income": 2665000000.0,
      "Minority Interests": -98000000.0,
      "Net Income Including Noncontrolling Interests": 2763000000.0,
      "Net Income Continuous Operations": 2763000000.0,
      "Tax Provision": 686000000.0,
      "Pretax Income": 3449000000.0,
      "Other Non Operating Income Expenses": 42000000.0,
      "Special Income Charges": 183000000.0,
      "Other Special Charges": -16000000.0,
      "Restructuring And Mergern Acquisition": -167000000.0,
      "Net Non Operating Interest Income Expense": 43000000.0,
      "Total Other Finance Cost": 49000000.0,
      "Interest Expense Non Operating": 245000000.0,
      "Interest Income Non Operating": 337000000.0,
      "Operating Income": 3407000000.0,
      "Operating Expense": 6025000000.0,
      "Other Operating Expenses": 159000000.0,
      "Research And Development": 1618000000.0,
      "Selling General And Administration": 4885000000.0,
      "Selling And Marketing Expense": 2928000000.0,
      "General And Administrative Expense": 1957000000.0,
      "Gross Profit": 9432000000.0,
      "Cost Of Revenue": 41513000000.0,
      "Total Revenue": 50945000000.0,
      "Operating Revenue": 50945000000.0
    },
    "2021-12-31T00:00:00": {
      "Tax Effect Of Unusual Items": 326845143.555284,
      "Tax Rate For Calcs": 0.272144,
      "Normalized EBITDA": 3349000000.0,
      "Total Unusual Items": 1241000000.0,
      "Total Unusual Items Excluding Goodwill": 1201000000.0,
      "Net Income From Continuing Operation Net Minority Interest": 2347000000.0,
      "Reconciled Depreciation": 1160000000.0,
      "Reconciled Cost Of Revenue": 32519000000.0,
      "EBITDA": 4590000000.0,
      "EBIT": 3430000000.0,
      "Net Interest Income": -3000000.0,
      "Interest Expense": 156000000.0,
      "Interest Income": 99000000.0,
      "Normalized Income": 1512845143.555284,
      "Net Income From Continuing And Discontinued Operation": 2347000000.0,
      "Total Expenses": 37828000000.0,
      "Diluted Average Shares": 823000000.0,
      "Basic Average Shares": 823000000.0,
      "Diluted EPS": 2.85,
      "Basic EPS": 2.85,
      "Diluted NI Availto Com Stockholders": 2347000000.0,
      "Net Income Common Stockholders": 2347000000.0,
      "Otherunder Preferred Stock Dividend": 0.0,
      "Net Income": 2347000000.0,
      "Minority Interests": -36000000.0,
      "Net Income Including Noncontrolling Interests": 2383000000.0,
      "Net Income Continuous Operations": 2383000000.0,
      "Tax Provision": 891000000.0,
      "Pretax Income": 3274000000.0,
      "Other Non Operating Income Expenses": 34000000.0,
      "Special Income Charges": 1201000000.0,
      "Other Special Charges": -1241000000.0,
      "Restructuring And Mergern Acquisition": 0.0,
      "Net Non Operating Interest Income Expense": -3000000.0,
      "Total Other Finance Cost": -54000000.0,
      "Interest Expense Non Operating": 156000000.0,
      "Interest Income Non Operating": 99000000.0,
      "Operating Income": 1936000000.0,
      "Operating Expense": 5309000000.0,
      "Other Operating Expenses": 286000000.0,
      "Research And Development": 1398000000.0,
      "Selling General And Administration": 4357000000.0,
      "Selling And Marketing Expense": 2722000000.0,
      "General And Administrative Expense": 1635000000.0,
      "Gross Profit": 7245000000.0,
      "Cost Of Revenue": 32519000000.0,
      "Total Revenue": 39764000000.0,
      "Operating Revenue": 39764000000.0
    }
  },
  "quarterly_income": {
    "2025-06-30T00:00:00": {
      "Tax Effect Of Unusual Items": 0.0,
      "Tax Rate For Calcs": 0.392,
      "Normalized EBITDA": 760000000.0,
      "Net Income From Continuing Operation Net Minority Interest": 212000000.0,
      "Reconciled Depreciation": 275000000.0,
      "Reconciled Cost Of Revenue": 9543000000.0,
      "EBITDA": 760000000.0,
      "EBIT": 485000000.0,
      "Net Interest Income": -11000000.0,
      "Interest Expense": 82000000.0,
      "Interest Income": 90000000.0,
      "Normalized Income": 212000000.0,
      "Net Income From Continuing And Discontinued Operation": 277000000.0,
      "Total Expenses": 11222000000.0,
      "Diluted Average Shares": 769000000.0,
      "Basic Average Shares": 769000000.0,
      "Diluted EPS": 0.36,
      "Basic EPS": 0.36,
      "Diluted NI Availto Com Stockholders": 277000000.0,
      "Net Income Common Stockholders": 277000000.0,
      "Otherunder Preferred Stock Dividend": 0.0,
      "Net Income": 277000000.0,
      "Minority Interests": -33000000.0,
      "Net Income Including Noncontrolling Interests": 310000000.0,
      "Net Income Discontinuous Operations": 65000000.0,
      "Net Income Continuous Operations": 245000000.0,
      "Tax Provision": 158000000.0,
      "Pretax Income": 403000000.0,
      "Net Non Operating Interest Income Expense": -11000000.0,
      "Total Other Finance Cost": 19000000.0,
      "Interest Expense Non Operating": 82000000.0,
      "Interest Income Non Operating": 90000000.0,
      "Operating Income": 452000000.0,
      "Operating Expense": 1679000000.0,
      "Other Operating Expenses": 77000000.0,
      "Research And Development": 727000000.0,
      "Selling General And Administration": 1100000000.0,
      "Selling And Marketing Expense": 582000000.0,
      "General And Administrative Expense": 518000000.0,
      "Gross Profit": 2131000000.0,
      "Cost Of Revenue": 9543000000.0,
      "Total Revenue": 11674000000.0,
      "Operating Revenue": 11674000000.0
    },
    "2025-03-31T00:00:00": {
      "Tax Effect Of Unusual Items": 0.0,
      "Tax Rate For Calcs": 0.279,
      "Normalized EBITDA": 1481000000.0,
      "Net Income From Continuing Operation Net Minority Interest": 770000000.0,
      "Reconciled Depreciation": 294000000.0,
      "Reconciled Cost Of Revenue": 9715000000.0,
      "EBITDA": 1481000000.0,
      "EBIT": 1187000000.0,
      "Net Interest Income": 47000000.0,
      "Interest Expense": 79000000.0,
      "Interest Income": 107000000.0,
      "Normalized Income": 770000000.0,
      "Net Income From Continuing And Discontinued Operation": 770000000.0,
      "Total Expenses": 11360000000.0,
      "Diluted Average Shares": 778000000.0,
      "Basic Average Shares": 778000000.0,
      "Diluted EPS": 0.99,
      "Basic EPS": 0.99,
      "Diluted NI Availto Com Stockholders": 770000000.0,
      "Net Income Common Stockholders": 770000000.0,
      "Otherunder Preferred Stock Dividend": 0.0,
      "Net Income": 770000000.0,
      "Minority Interests": -28000000.0,
      "Net Income Including Noncontrolling Interests": 799000000.0,
      "Net Income Discontinuous Operations": null,
      "Net Income Continuous Operations": 799000000.0,
      "Tax Provision": 309000000.0,
      "Pretax Income": 1108000000.0,
      "Net Non Operating Interest Income Expense": 47000000.0,
      "Total Other Finance Cost": -19000000.0,
      "Interest Expense Non Operating": 79000000.0,
      "Interest Income Non Operating": 107000000.0,
      "Operating Income": 1090000000.0,
      "Operating Expense": 1645000000.0,
      "Other Operating Expenses": 39000000.0,
      "Research And Development": 492000000.0,
      "Selling General And Administration": 1262000000.0,
      "Selling And Marketing Expense": 715000000.0,
      "General And Administrative Expense": 547000000.0,
      "Gross Profit": 2735000000.0,
      "Cost Of Revenue": 9715000000.0,
      "Total Revenue": 12450000000.0,
      "Operating Revenue": 12450000000.0
    },
    "2024-12-31T00:00:00": {
      "Tax Effect Of Unusual Items": 0.0,
      "Tax Rate For Calcs": 0.15,
      "Normalized EBITDA": 1059000000.0,
      "Net Income From Continuing Operation Net Minority Interest": 747000000.0,
      "Reconciled Depreciation": 309000000.0,
      "Reconciled Cost Of Revenue": 11549000000.0,
      "EBITDA": 1059000000.0,
      "EBIT": 750000000.0,
      "Net Interest Income": -2000000.0,
      "Interest Expense": 212000000.0,
      "Interest Income": 110000000.0,
      "Normalized Income": 747000000.0,
      "Net Income From Continuing And Discontinued Operation": 747000000.0,
      "Total Expenses": 13524000000.0,
      "Diluted Average Shares": null,
      "Basic Average Shares": null,
      "Diluted EPS": null,
      "Basic EPS": null,
      "Diluted NI Availto Com Stockholders": 747000000.0,
      "Net Income Common Stockholders": 747000000.0,
      "Otherunder Preferred Stock Dividend": 0.0,
      "Net Income": 747000000.0,
      "Minority Interests": -56000000.0,
      "Net Income Including Noncontrolling Interests": 803000000.0,
      "Net Income Discontinuous Operations": null,
      "Net Income Continuous Operations": 803000000.0,
      "Tax Provision": -265000000.0,
      "Pretax Income": 538000000.0,
      "Net Non Operating Interest Income Expense": -2000000.0,
      "Total Other Finance Cost": -100000000.0,
      "Interest Expense Non Operating": 212000000.0,
      "Interest Income Non Operating": 110000000.0,
      "Operating Income": 826000000.0,
      "Operating Expense": 1975000000.0,
      "Other Operating Expenses": 178000000.0,
      "Research And Development": 503000000.0,
      "Selling General And Administration": 1455000000.0,
      "Selling And Marketing Expense": 778000000.0,
      "General And Administrative Expense": 677000000.0,
      "Gross Profit": 2801000000.0,
      "Cost Of Revenue": 11549000000.0,
      "Total Revenue": 14350000000.0,
      "Operating Revenue": 14350000000.0
    },
    "2024-09-30T00:00:00": {
      "Tax Effect Of Unusual Items": 0.0,
      "Tax Rate For Calcs": 0.339,
      "Normalized EBITDA": 1185000000.0,
      "Net Income From Continuing Operation Net Minority Interest": 547000000.0,
      "Reconciled Depreciation": 284000000.0,
      "Reconciled Cost Of Revenue": 9808000000.0,
      "EBITDA": 1185000000.0,
      "EBIT": 901000000.0,
      "Net Interest Income": 75000000.0,
      "Interest Expense": 47000000.0,
      "Interest Income": 121000000.0,
      "Normalized Income": 547000000.0,
      "Net Income From Continuing And Discontinued Operation": 610000000.0,
      "Total Expenses": 11358000000.0,
      "Diluted Average Shares": 793000000.0,
      "Basic Average Shares": 793000000.0,
      "Diluted EPS": 0.77,
      "Basic EPS": 0.77,
      "Diluted NI Availto Com Stockholders": 610000000.0,
      "Net Income Common Stockholders": 610000000.0,
      "Otherunder Preferred Stock Dividend": 0.0,
      "Net Income": 610000000.0,
      "Minority Interests": -17000000.0,
      "Net Income Including Noncontrolling Interests": 627000000.0,
      "Net Income Discontinuous Operations": null,
      "Net Income Continuous Operations": 565000000.0,
      "Tax Provision": 289000000.0,
      "Pretax Income": 854000000.0,
      "Net Non Operating Interest Income Expense": 75000000.0,
      "Total Other Finance Cost": -1000000.0,
      "Interest Expense Non Operating": 47000000.0,
      "Interest Income Non Operating": 121000000.0,
      "Operating Income": 820000000.0,
      "Operating Expense": 1550000000.0,
      "Other Operating Expenses": 86000000.0,
      "Research And Development": 370000000.0,
      "Selling General And Administration": 1279000000.0,
      "Selling And Marketing Expense": 798000000.0,
      "General And Administrative Expense": 481000000.0,
      "Gross Profit": 2370000000.0,
      "Cost Of Revenue": 9808000000.0,
      "Total Revenue": 12177000000.0,
      "Operating Revenue": 12177000000.0
    },
    "2024-06-30T00:00:00": {
      "Tax Effect Of Unusual Items": 0.0,
      "Tax Rate For Calcs": 0.304,
      "Normalized EBITDA": 1388000000.0,
      "Net Income From Continuing Operation Net Minority Interest": 699000000.0,
      "Reconciled Depreciation": 280000000.0,
      "Reconciled Cost Of Revenue": 9841000000.0,
      "EBITDA": 1388000000.0,
      "EBIT": 1108000000.0,
      "Net Interest Income": 68000000.0,
      "Interest Expense": 36000000.0,
      "Interest Income": 96000000.0,
      "Normalized Income": 699000000.0,
      "Net Income From Continuing And Discontinued Operation": 742000000.0,
      "Total Expenses": 11244000000.0,
      "Diluted Average Shares": 802000000.0,
      "Basic Average Shares": 802000000.0,
      "Diluted EPS": 0.93,
      "Basic EPS": 0.93,
      "Diluted NI Availto Com Stockholders": 742000000.0,
      "Net Income Common Stockholders": 742000000.0,
      "Otherunder Preferred Stock Dividend": 0.0,
      "Net Income": 742000000.0,
      "Minority Interests": -47000000.0,
      "Net Income Including Noncontrolling Interests": 789000000.0,
      "Net Income Discontinuous Operations": 43000000.0,
      "Net Income Continuous Operations": 746000000.0,
      "Tax Provision": 326000000.0,
      "Pretax Income": 1072000000.0,
      "Net Non Operating Interest Income Expense": 68000000.0,
      "Total Other Finance Cost": -8000000.0,
      "Interest Expense Non Operating": 36000000.0,
      "Interest Income Non Operating": 96000000.0,
      "Operating Income": 1181000000.0,
      "Operating Expense": 1403000000.0,
      "Other Operating Expenses": 61000000.0,
      "Research And Development": 405000000.0,
      "Selling General And Administration": 1090000000.0,
      "Selling And Marketing Expense": 658000000.0,
      "General And Administrative Expense": 432000000.0,
      "Gross Profit": 2584000000.0,
      "Cost Of Revenue": 9841000000.0,
      "Total Revenue": 12425000000.0,
      "Operating Revenue": 12425000000.0
    }
  },
  "balance_sheet": {
    "2024-12-31T00:00:00": {
      "Treasury Shares Number": 10094653.0,
      "Ordinary Shares Number": 781773636.0,
      "Share Issued": 791868289.0,
      "Net Debt": 18803000000.0,
      "Total Debt": 26376000000.0,
      "Tangible Book Value": 18996000000.0,
      "Invested Capital": 47561000000.0,
      "Working Capital": 14852000000.0,
      "Net Tangible Assets": 18996000000.0,
      "Capital Lease Obligations": 1020000000.0,
      "Common Stock Equity": 22205000000.0,
      "Total Capitalization": 38703000000.0,
      "Total Equity Gross Minority Interest": 22850000000.0,
      "Minority Interest": 645000000.0,
      "Stockholders Equity": 22205000000.0,
      "Other Equity Interest": -1000000.0,
      "Retained Earnings": 9211000000.0,
      "Additional Paid In Capital": 14308000000.0,
      "Capital Stock": 792000000.0,
      "Common Stock": 792000000.0,
      "Total Liabilities Net Minority Interest": 51004000000.0,
      "Total Non Current Liabilities Net Minority Interest": 27401000000.0,
      "Other Non Current Liabilities": 12000000.0,
      "Derivative Product Liabilities": 423000000.0,
      "Non Current Pension And Other Postretirement Benefit Plans": 1149000000.0,
      "Non Current Accrued Expenses": 0.0,
      "Tradeand Other Payables Non Current": 133000000.0,
      "Non Current Deferred Revenue": 3090000000.0,
      "Non Current Deferred Taxes Liabilities": 28000000.0,
      "Long Term Debt And Capital Lease Obligation": 17313000000.0,
      "Long Term Capital Lease Obligation": 815000000.0,
      "Long Term Debt": 16498000000.0,
      "Long Term Provisions": 2939000000.0,
      "Current Liabilities": 23603000000.0,
      "Other Current Liabilities": 92000000.0,
      "Current Debt And Capital Lease Obligation": 9063000000.0,
      "Current Capital Lease Obligation": 205000000.0,
      "Current Debt": 8858000000.0,
      "Current Provisions": 2580000000.0,
      "Payables": 6122000000.0,
      "Other Payable": 719000000.0,
      "Total Tax Payable": 774000000.0,
      "Accounts Payable": 4629000000.0,
      "Total Assets": 73854000000.0,
      "Total Non Current Assets": 35399000000.0,
      "Other Non Current Assets": 304000000.0,
      "Non Current Prepaid Assets": 11000000.0,
      "Non Current Deferred Taxes Assets": 2557000000.0,
      "Financial Assets": 97000000.0,
      "Investmentin Financial Assets": 506000000.0,
      "Held To Maturity Securities": 91000000.0,
      "Available For Sale Securities": 251000000.0,
      "Financial Assets Designatedas Fair Value Through Profitor Loss Total": 164000000.0,
      "Long Term Equity Investment": 812000000.0,
      "Investmentsin Joint Venturesat Cost": 695000000.0,
      "Investmentsin Associatesat Cost": 117000000.0,
      "Goodwill And Other Intangible Assets": 3209000000.0,
      "Other Intangible Assets": 2526000000.0,
      "Goodwill": 683000000.0,
      "Net PPE": 12793000000.0,
      "Accumulated Depreciation": -15934000000.0,
      "Gross PPE": 28727000000.0,
      "Construction In Progress": 1085000000.0,
      "Other Properties": 6439000000.0,
      "Machinery Furniture Equipment": 14930000000.0,
      "Buildings And Improvements": null,
      "Land And Improvements": 6273000000.0,
      "Properties": 0.0,
      "Current Assets": 38455000000.0,
      "Other Current Assets": 233000000.0,
      "Hedging Assets Current": 70000000.0,
      "Prepaid Assets": 261000000.0,
      "Inventory": 8981000000.0,
      "Finished Goods": 4669000000.0,
      "Work In Process": 2382000000.0,
      "Raw Materials": 1930000000.0,
      "Other Receivables": 12927000000.0,
      "Taxes Receivable": 975000000.0,
      "Accounts Receivable": 4298000000.0,
      "Allowance For Doubtful Accounts Receivable": null,
      "Gross Accounts Receivable": null,
      "Cash Cash Equivalents And Short Term Investments": 8758000000.0,
      "Other Short Term Investments": 2205000000.0,
      "Cash And Cash Equivalents": 6553000000.0
    },
    "2023-12-31T00:00:00": {
      "Treasury Shares Number": 17668525.0,
      "Ordinary Shares Number": 805283357.0,
      "Share Issued": 822951882.0,
      "Net Debt": 14498000000.0,
      "Total Debt": 22714000000.0,
      "Tangible Book Value": 18729000000.0,
      "Invested Capital": 43170000000.0,
      "Working Capital": 14737000000.0,
      "Net Tangible Assets": 18729000000.0,
      "Capital Lease Obligations": 1149000000.0,
      "Common Stock Equity": 21605000000.0,
      "Total Capitalization": 36014000000.0,
      "Total Equity Gross Minority Interest": 22225000000.0,
      "Minority Interest": 620000000.0,
      "Stockholders Equity": 21605000000.0,
      "Other Equity Interest": -1000000.0,
      "Retained Earnings": 8501000000.0,
      "Additional Paid In Capital": 14277000000.0,
      "Capital Stock": 823000000.0,
      "Common Stock": 823000000.0,
      "Total Liabilities Net Minority Interest": 48987000000.0,
      "Total Non Current Liabilities Net Minority Interest": 26170000000.0,
      "Other Non Current Liabilities": 10000000.0,
      "Derivative Product Liabilities": 399000000.0,
      "Non Current Pension And Other Postretirement Benefit Plans": 1212000000.0,
      "Non Current Accrued Expenses": 0.0,
      "Tradeand Other Payables Non Current": 95000000.0,
      "Non Current Deferred Revenue": 3090000000.0,
      "Non Current Deferred Taxes Liabilities": 40000000.0,
      "Long Term Debt And Capital Lease Obligation": 15369000000.0,
      "Long Term Capital Lease Obligation": 960000000.0,
      "Long Term Debt": 14409000000.0,
      "Long Term Provisions": 2784000000.0,
      "Current Liabilities": 22817000000.0,
      "Other Current Liabilities": 206000000.0,
      "Current Debt And Capital Lease Obligation": 7345000000.0,
      "Current Capital Lease Obligation": 189000000.0,
      "Current Debt": 7156000000.0,
      "Current Provisions": 2520000000.0,
      "Payables": 6572000000.0,
      "Other Payable": 645000000.0,
      "Total Tax Payable": 868000000.0,
      "Accounts Payable": 5059000000.0,
      "Total Assets": 71212000000.0,
      "Total Non Current Assets": 33658000000.0,
      "Other Non Current Assets": 267000000.0,
      "Non Current Prepaid Assets": 22000000.0,
      "Non Current Deferred Taxes Assets": 1873000000.0,
      "Financial Assets": 130000000.0,
      "Investmentin Financial Assets": 487000000.0,
      "Held To Maturity Securities": 57000000.0,
      "Available For Sale Securities": 272000000.0,
      "Financial Assets Designatedas Fair Value Through Profitor Loss Total": 158000000.0,
      "Long Term Equity Investment": 1051000000.0,
      "Investmentsin Joint Venturesat Cost": 939000000.0,
      "Investmentsin Associatesat Cost": 112000000.0,
      "Goodwill And Other Intangible Assets": 2876000000.0,
      "Other Intangible Assets": 2210000000.0,
      "Goodwill": 666000000.0,
      "Net PPE": 12509000000.0,
      "Accumulated Depreciation": -15455000000.0,
      "Gross PPE": 27964000000.0,
      "Construction In Progress": 780000000.0,
      "Other Properties": 6501000000.0,
      "Machinery Furniture Equipment": 14438000000.0,
      "Buildings And Improvements": null,
      "Land And Improvements": 6245000000.0,
      "Properties": 0.0,
      "Current Assets": 37554000000.0,
      "Other Current Assets": 251000000.0,
      "Hedging Assets Current": 49000000.0,
      "Prepaid Assets": 198000000.0,
      "Inventory": 9144000000.0,
      "Finished Goods": 4723000000.0,
      "Work In Process": 2475000000.0,
      "Raw Materials": 1946000000.0,
      "Other Receivables": 11269000000.0,
      "Taxes Receivable": 972000000.0,
      "Accounts Receivable": 5245000000.0,
      "Allowance For Doubtful Accounts Receivable": null,
      "Gross Accounts Receivable": null,
      "Cash Cash Equivalents And Short Term Investments": 8840000000.0,
      "Other Short Term Investments": 1773000000.0,
      "Cash And Cash Equivalents": 7067000000.0
    },
    "2022-12-31T00:00:00": {
      "Treasury Shares Number": 50000.0,
      "Ordinary Shares Number": 822901882.0,
      "Share Issued": 822951882.0,
      "Net Debt": 11456000000.0,
      "Total Debt": 18583000000.0,
      "Tangible Book Value": 17273000000.0,
      "Invested Capital": 37452000000.0,
      "Working Capital": 11394000000.0,
      "Net Tangible Assets": 17273000000.0,
      "Capital Lease Obligations": 1183000000.0,
      "Common Stock Equity": 20052000000.0,
      "Total Capitalization": 31154000000.0,
      "Total Equity Gross Minority Interest": 20606000000.0,
      "Minority Interest": 554000000.0,
      "Stockholders Equity": 20052000000.0,
      "Other Equity Interest": null,
      "Retained Earnings": 5847000000.0,
      "Additional Paid In Capital": 14277000000.0,
      "Capital Stock": 823000000.0,
      "Common Stock": 823000000.0,
      "Total Liabilities Net Minority Interest": 43363000000.0,
      "Total Non Current Liabilities Net Minority Interest": 22386000000.0,
      "Other Non Current Liabilities": 17000000.0,
      "Derivative Product Liabilities": 519000000.0,
      "Non Current Pension And Other Postretirement Benefit Plans": 1147000000.0,
      "Non Current Accrued Expenses": 47000000.0,
      "Tradeand Other Payables Non Current": 37000000.0,
      "Non Current Deferred Revenue": 2940000000.0,
      "Non Current Deferred Taxes Liabilities": 65000000.0,
      "Long Term Debt And Capital Lease Obligation": 12104000000.0,
      "Long Term Capital Lease Obligation": 1002000000.0,
      "Long Term Debt": 11102000000.0,
      "Long Term Provisions": 2743000000.0,
      "Current Liabilities": 20977000000.0,
      "Other Current Liabilities": 63000000.0,
      "Current Debt And Capital Lease Obligation": 6479000000.0,
      "Current Capital Lease Obligation": 181000000.0,
      "Current Debt": 6298000000.0,
      "Current Provisions": 2206000000.0,
      "Payables": 6314000000.0,
      "Other Payable": 358000000.0,
      "Total Tax Payable": 639000000.0,
      "Accounts Payable": 5317000000.0,
      "Total Assets": 63969000000.0,
      "Total Non Current Assets": 31598000000.0,
      "Other Non Current Assets": 219000000.0,
      "Non Current Prepaid Assets": 19000000.0,
      "Non Current Deferred Taxes Assets": 1643000000.0,
      "Financial Assets": 137000000.0,
      "Investmentin Financial Assets": 484000000.0,
      "Held To Maturity Securities": 21000000.0,
      "Available For Sale Securities": 265000000.0,
      "Financial Assets Designatedas Fair Value Through Profitor Loss Total": 198000000.0,
      "Long Term Equity Investment": 1073000000.0,
      "Investmentsin Joint Venturesat Cost": 953000000.0,
      "Investmentsin Associatesat Cost": 120000000.0,
      "Goodwill And Other Intangible Assets": 2779000000.0,
      "Other Intangible Assets": 2105000000.0,
      "Goodwill": 674000000.0,
      "Net PPE": 12426000000.0,
      "Accumulated Depreciation": -15046000000.0,
      "Gross PPE": 27472000000.0,
      "Construction In Progress": 652000000.0,
      "Other Properties": 6316000000.0,
      "Machinery Furniture Equipment": 14196000000.0,
      "Buildings And Improvements": null,
      "Land And Improvements": 6308000000.0,
      "Properties": 0.0,
      "Current Assets": 32371000000.0,
      "Other Current Assets": 165000000.0,
      "Hedging Assets Current": 60000000.0,
      "Prepaid Assets": 169000000.0,
      "Inventory": 8802000000.0,
      "Finished Goods": 4157000000.0,
      "Work In Process": 2744000000.0,
      "Raw Materials": 1901000000.0,
      "Other Receivables": 9427000000.0,
      "Taxes Receivable": 744000000.0,
      "Accounts Receivable": 4577000000.0,
      "Allowance For Doubtful Accounts Receivable": null,
      "Gross Accounts Receivable": null,
      "Cash Cash Equivalents And Short Term Investments": 7095000000.0,
      "Other Short Term Investments": 1151000000.0,
      "Cash And Cash Equivalents": 5944000000.0
    },
    "2021-12-31T00:00:00": {
      "Treasury Shares Number": 50000.0,
      "Ordinary Shares Number": 822901882.0,
      "Share Issued": 822951882.0,
      "Net Debt": 6608000000.0,
      "Total Debt": 15087000000.0,
      "Tangible Book Value": 13220000000.0,
      "Invested Capital": 29772000000.0,
      "Working Capital": 10584000000.0,
      "Net Tangible Assets": 13220000000.0,
      "Capital Lease Obligations": 1235000000.0,
      "Common Stock Equity": 15920000000.0,
      "Total Capitalization": 25159000000.0,
      "Total Equity Gross Minority Interest": 16423000000.0,
      "Minority Interest": 503000000.0,
      "Stockholders Equity": 15920000000.0,
      "Other Equity Interest": null,
      "Retained Earnings": 1886000000.0,
      "Additional Paid In Capital": 14277000000.0,
      "Capital Stock": 823000000.0,
      "Common Stock": 823000000.0,
      "Total Liabilities Net Minority Interest": 38377000000.0,
      "Total Non Current Liabilities Net Minority Interest": 21033000000.0,
      "Other Non Current Liabilities": 16000000.0,
      "Derivative Product Liabilities": 17000000.0,
      "Non Current Pension And Other Postretirement Benefit Plans": 2471000000.0,
      "Non Current Accrued Expenses": 40000000.0,
      "Tradeand Other Payables Non Current": 15000000.0,
      "Non Current Deferred Revenue": 2896000000.0,
      "Non Current Deferred Taxes Liabilities": 68000000.0,
      "Long Term Debt And Capital Lease Obligation": 10300000000.0,
      "Long Term Capital Lease Obligation": 1061000000.0,
      "Long Term Debt": 9239000000.0,
      "Long Term Provisions": 2645000000.0,
      "Current Liabilities": 17344000000.0,
      "Other Current Liabilities": 70000000.0,
      "Current Debt And Capital Lease Obligation": 4787000000.0,
      "Current Capital Lease Obligation": 174000000.0,
      "Current Debt": 4613000000.0,
      "Current Provisions": 2045000000.0,
      "Payables": 5092000000.0,
      "Other Payable": 138000000.0,
      "Total Tax Payable": 595000000.0,
      "Accounts Payable": 4359000000.0,
      "Total Assets": 54800000000.0,
      "Total Non Current Assets": 26872000000.0,
      "Other Non Current Assets": 162000000.0,
      "Non Current Prepaid Assets": 13000000.0,
      "Non Current Deferred Taxes Assets": 1388000000.0,
      "Financial Assets": 21000000.0,
      "Investmentin Financial Assets": 518000000.0,
      "Held To Maturity Securities": 34000000.0,
      "Available For Sale Securities": 238000000.0,
      "Financial Assets Designatedas Fair Value Through Profitor Loss Total": 246000000.0,
      "Long Term Equity Investment": 1369000000.0,
      "Investmentsin Joint Venturesat Cost": 1249000000.0,
      "Investmentsin Associatesat Cost": 120000000.0,
      "Goodwill And Other Intangible Assets": 2700000000.0,
      "Other Intangible Assets": 2066000000.0,
      "Goodwill": 634000000.0,
      "Net PPE": 11402000000.0,
      "Accumulated Depreciation": -14530000000.0,
      "Gross PPE": 25932000000.0,
      "Construction In Progress": 592000000.0,
      "Other Properties": 5430000000.0,
      "Machinery Furniture Equipment": 13697000000.0,
      "Buildings And Improvements": 1166000000.0,
      "Land And Improvements": 6213000000.0,
      "Properties": 0.0,
      "Current Assets": 27928000000.0,
      "Other Current Assets": 195000000.0,
      "Hedging Assets Current": 42000000.0,
      "Prepaid Assets": 183000000.0,
      "Inventory": 7788000000.0,
      "Finished Goods": 3832000000.0,
      "Work In Process": 2642000000.0,
      "Raw Materials": 1314000000.0,
      "Other Receivables": 6907000000.0,
      "Taxes Receivable": 581000000.0,
      "Accounts Receivable": 3941000000.0,
      "Allowance For Doubtful Accounts Receivable": -52000000.0,
      "Gross Accounts Receivable": 4014000000.0,
      "Cash Cash Equivalents And Short Term Investments": 7352000000.0,
      "Other Short Term Investments": 108000000.0,
      "Cash And Cash Equivalents": 7244000000.0
    }
  },
  "cashflow": {
    "2024-12-31T00:00:00": {
      "Free Cash Flow": -321000000.0,
      "Repurchase Of Capital Stock": -850000000.0,
      "Repayment Of Debt": -8310000000.0,
      "Issuance Of Debt": 10417000000.0,
      "Capital Expenditure": -1876000000.0,
      "End Cash Position": 6553000000.0,
      "Other Cash Adjustment Outside Changein Cash": null,
      "Beginning Cash Position": 7067000000.0,
      "Effect Of Exchange Rate Changes": 80000000.0,
      "Changes In Cash": -594000000.0,
      "Financing Cash Flow": 403000000.0,
      "Net Other Financing Charges": null,
      "Cash Dividends Paid": -1528000000.0,
      "Net Common Stock Issuance": -850000000.0,
      "Common Stock Payments": -850000000.0,
      "Net Issuance Payments Of Debt": 2909000000.0,
      "Net Short Term Debt Issuance": 802000000.0,
      "Short Term Debt Issuance": null,
      "Net Long Term Debt Issuance": 2107000000.0,
      "Long Term Debt Payments": -8310000000.0,
      "Long Term Debt Issuance": 10417000000.0,
      "Investing Cash Flow": -2552000000.0,
      "Net Other Investing Changes": -161000000.0,
      "Net Investment Purchase And Sale": -308000000.0,
      "Sale Of Investment": 2374000000.0,
      "Purchase Of Investment": -2682000000.0,
      "Net Business Purchase And Sale": -324000000.0,
      "Sale Of Business": 64000000.0,
      "Purchase Of Business": -388000000.0,
      "Net Intangibles Purchase And Sale": -459000000.0,
      "Purchase Of Intangibles": -459000000.0,
      "Net PPE Purchase And Sale": -1300000000.0,
      "Sale Of PPE": 117000000.0,
      "Purchase Of PPE": -1417000000.0,
      "Operating Cash Flow": 1555000000.0,
      "Taxes Refund Paid": -1607000000.0,
      "Dividend Received Cfo": 11000000.0,
      "Change In Working Capital": -2441000000.0,
      "Change In Other Current Assets": -397000000.0,
      "Change In Payable": -464000000.0,
      "Change In Inventory": 179000000.0,
      "Change In Receivables": -1759000000.0,
      "Other Non Cash Items": 657000000.0,
      "Depreciation And Amortization": 1153000000.0,
      "Depreciation": 1153000000.0,
      "Gain Loss On Investment Securities": -20000000.0,
      "Net Income From Continuing Operations": 3802000000.0
    },
    "2023-12-31T00:00:00": {
      "Free Cash Flow": -920000000.0,
      "Repurchase Of Capital Stock": -557000000.0,
      "Repayment Of Debt": -8613000000.0,
      "Issuance Of Debt": 12557000000.0,
      "Capital Expenditure": -1306000000.0,
      "End Cash Position": 7067000000.0,
      "Other Cash Adjustment Outside Changein Cash": 1000000.0,
      "Beginning Cash Position": 5944000000.0,
      "Effect Of Exchange Rate Changes": -113000000.0,
      "Changes In Cash": 1235000000.0,
      "Financing Cash Flow": 2931000000.0,
      "Net Other Financing Charges": 1000000.0,
      "Cash Dividends Paid": -1070000000.0,
      "Net Common Stock Issuance": -557000000.0,
      "Common Stock Payments": -557000000.0,
      "Net Issuance Payments Of Debt": 4654000000.0,
      "Net Short Term Debt Issuance": 710000000.0,
      "Short Term Debt Issuance": null,
      "Net Long Term Debt Issuance": 3944000000.0,
      "Long Term Debt Payments": -8613000000.0,
      "Long Term Debt Issuance": 12557000000.0,
      "Investing Cash Flow": -2082000000.0,
      "Net Other Investing Changes": -22000000.0,
      "Net Investment Purchase And Sale": -618000000.0,
      "Sale Of Investment": 2459000000.0,
      "Purchase Of Investment": -3077000000.0,
      "Net Business Purchase And Sale": -206000000.0,
      "Sale Of Business": 0.0,
      "Purchase Of Business": -206000000.0,
      "Net Intangibles Purchase And Sale": -280000000.0,
      "Purchase Of Intangibles": -280000000.0,
      "Net PPE Purchase And Sale": -956000000.0,
      "Sale Of PPE": 70000000.0,
      "Purchase Of PPE": -1026000000.0,
      "Operating Cash Flow": 386000000.0,
      "Taxes Refund Paid": -1415000000.0,
      "Dividend Received Cfo": 16000000.0,
      "Change In Working Capital": -4763000000.0,
      "Change In Other Current Assets": 816000000.0,
      "Change In Payable": -112000000.0,
      "Change In Inventory": -550000000.0,
      "Change In Receivables": -4917000000.0,
      "Other Non Cash Items": 101000000.0,
      "Depreciation And Amortization": 1133000000.0,
      "Depreciation": 1133000000.0,
      "Gain Loss On Investment Securities": -13000000.0,
      "Net Income From Continuing Operations": 5327000000.0
    },
    "2022-12-31T00:00:00": {
      "Free Cash Flow": -1655000000.0,
      "Repurchase Of Capital Stock": 0.0,
      "Repayment Of Debt": -5269000000.0,
      "Issuance Of Debt": 10327000000.0,
      "Capital Expenditure": -1132000000.0,
      "End Cash Position": 5944000000.0,
      "Other Cash Adjustment Outside Changein Cash": null,
      "Beginning Cash Position": 7244000000.0,
      "Effect Of Exchange Rate Changes": 56000000.0,
      "Changes In Cash": -1356000000.0,
      "Financing Cash Flow": 3334000000.0,
      "Net Other Financing Charges": -23000000.0,
      "Cash Dividends Paid": null,
      "Net Common Stock Issuance": 0.0,
      "Common Stock Payments": 0.0,
      "Net Issuance Payments Of Debt": 3409000000.0,
      "Net Short Term Debt Issuance": -1649000000.0,
      "Short Term Debt Issuance": null,
      "Net Long Term Debt Issuance": 5058000000.0,
      "Long Term Debt Payments": -5269000000.0,
      "Long Term Debt Issuance": 10327000000.0,
      "Investing Cash Flow": -4167000000.0,
      "Net Other Investing Changes": 14000000.0,
      "Net Investment Purchase And Sale": -990000000.0,
      "Sale Of Investment": 2367000000.0,
      "Purchase Of Investment": -3357000000.0,
      "Net Business Purchase And Sale": -2165000000.0,
      "Sale Of Business": 107000000.0,
      "Purchase Of Business": -2272000000.0,
      "Net Intangibles Purchase And Sale": -234000000.0,
      "Purchase Of Intangibles": -234000000.0,
      "Net PPE Purchase And Sale": -792000000.0,
      "Sale Of PPE": 106000000.0,
      "Purchase Of PPE": -898000000.0,
      "Operating Cash Flow": -523000000.0,
      "Taxes Refund Paid": -1100000000.0,
      "Dividend Received Cfo": 13000000.0,
      "Change In Working Capital": -4119000000.0,
      "Change In Other Current Assets": 277000000.0,
      "Change In Payable": 904000000.0,
      "Change In Inventory": -1143000000.0,
      "Change In Receivables": -4157000000.0,
      "Other Non Cash Items": 300000000.0,
      "Depreciation And Amortization": 1120000000.0,
      "Depreciation": 1120000000.0,
      "Gain Loss On Investment Securities": -15000000.0,
      "Net Income From Continuing Operations": 3449000000.0
    },
    "2021-12-31T00:00:00": {
      "Free Cash Flow": 1020000000.0,
      "Repurchase Of Capital Stock": null,
      "Repayment Of Debt": -7418000000.0,
      "Issuance Of Debt": 13304000000.0,
      "Capital Expenditure": -1080000000.0,
      "End Cash Position": 7244000000.0,
      "Other Cash Adjustment Outside Changein Cash": null,
      "Beginning Cash Position": 1663000000.0,
      "Effect Of Exchange Rate Changes": 96000000.0,
      "Changes In Cash": 5485000000.0,
      "Financing Cash Flow": -875000000.0,
      "Net Other Financing Charges": -7264000000.0,
      "Cash Dividends Paid": -6000000.0,
      "Net Common Stock Issuance": null,
      "Common Stock Payments": null,
      "Net Issuance Payments Of Debt": 6415000000.0,
      "Net Short Term Debt Issuance": 529000000.0,
      "Short Term Debt Issuance": 529000000.0,
      "Net Long Term Debt Issuance": 5886000000.0,
      "Long Term Debt Payments": -7418000000.0,
      "Long Term Debt Issuance": 13304000000.0,
      "Investing Cash Flow": 4260000000.0,
      "Net Other Investing Changes": 96000000.0,
      "Net Investment Purchase And Sale": 4662000000.0,
      "Sale Of Investment": 6296000000.0,
      "Purchase Of Investment": -1634000000.0,
      "Net Business Purchase And Sale": 468000000.0,
      "Sale Of Business": 770000000.0,
      "Purchase Of Business": -302000000.0,
      "Net Intangibles Purchase And Sale": -318000000.0,
      "Purchase Of Intangibles": -318000000.0,
      "Net PPE Purchase And Sale": -648000000.0,
      "Sale Of PPE": 114000000.0,
      "Purchase Of PPE": -762000000.0,
      "Operating Cash Flow": 2100000000.0,
      "Taxes Refund Paid": -635000000.0,
      "Dividend Received Cfo": 12000000.0,
      "Change In Working Capital": -350000000.0,
      "Change In Other Current Assets": -118000000.0,
      "Change In Payable": 1171000000.0,
      "Change In Inventory": -1307000000.0,
      "Change In Receivables": -96000000.0,
      "Other Non Cash Items": -737000000.0,
      "Depreciation And Amortization": 1160000000.0,
      "Depreciation": 1160000000.0,
      "Gain Loss On Investment Securities": -624000000.0,
      "Net Income From Continuing Operations": 3274000000.0
    }
  },
  "earnings_estimate": {
    "avg": {
      "0q": 0.79388,
      "+1q": 0.62869,
      "0y": 3.49704,
      "+1y": 3.82431
    },
    "low": {
      "0q": 0.79388,
      "+1q": 0.62869,
      "0y": 3.2747,
      "+1y": 3.27
    },
    "high": {
      "0q": 0.79388,
      "+1q": 0.62869,
      "0y": 3.76498,
      "+1y": 4.74
    },
    "yearAgoEps": {
      "0q": 1.621,
      "+1q": 1.0917,
      "0y": 4.73,
      "+1y": 3.49704
    },
    "numberOfAnalysts": {
      "0q": 1,
      "+1q": 1,
      "0y": 11,
      "+1y": 12
    },
    "growth": {
      "0q": -0.5103,
      "+1q": -0.4241,
      "0y": -0.2607,
      "+1y": 0.0936
    }
  },
  "revenue_estimate": {
    "avg": {
      "0q": 12783861440,
      "+1q": 11712522070,
      "0y": 49507326480,
      "+1y": 51628612730
    },
    "low": {
      "0q": 12156142420,
      "+1q": 11608864210,
      "0y": 48676142420,
      "+1y": 47398552340
    },
    "high": {
      "0q": 13491295000,
      "+1q": 11790000000,
      "0y": 50182594680,
      "+1y": 55100000000
    },
    "numberOfAnalysts": {
      "0q": 4,
      "+1q": 3,
      "0y": 15,
      "+1y": 15
    },
    "yearAgoRevenue": {
      "0q": 14350000000,
      "+1q": 12449000000,
      "0y": 54077000000,
      "+1y": 49507326480
    },
    "growth": {
      "0q": -0.1091,
      "+1q": -0.0592,
      "0y": -0.0845,
      "+1y": 0.0428
    }
  },
  "growth_estimates": {
    "stockTrend": {
      "0q": -0.5103,
      "+1q": -0.4241,
      "0y": -0.2607,
      "+1y": 0.0936,
      "LTG": null
    },
    "indexTrend": {
      "0q": 0.1273,
      "+1q": 0.103599995,
      "0y": 0.14310001,
      "+1y": 0.1557,
      "LTG": 0.122
    }
  },
  "revenue_forecasts": null,
  "dividend_rate": 1.9,
  "trailing_dividend_rate": 1.9
}