{
  "ticker": "EDNR.MI",
  "name": "Edison",
  "country": "italy",
  "currency": "EUR",
  "last_fetched": "2026-02-26T20:49:33.271681",
  "market_cap": 10608903168,
  "revenue": 15386999808,
  "net_income": 343000000,
  "pe_ratio": 56.0,
  "forward_pe": null,
  "dividend_yield": 4.02,
  "profit_margin": 0.02619,
  "roe": 0.056110002,
  "debt_to_equity": 14.848,
  "beta": 0.479,
  "ev_to_ebitda": null,
  "sector": "Energy",
  "industry": "Oil & Gas Integrated",
  "summary": "Edison S.p.A. engages in the supply, production, and sale of electric power and gas in Italy and Europe. It produces and sells electric power through a network of 124 hydroelectric power plants, 14 thermoelectric power plants, 53 wind farms, and 61 photovoltaic plants. The company also engages in gas infrastructure and supplies business; liquefied natural gas business; and gas storage activities. In addition, it produces and sells hydrogen. Further, the company offers energy efficiency and environmental solutions to industrial clients and public administration. The company was formerly known as Montedison SpA and changed its name to Edison S.p.A. in 2002. Edison S.p.A. was founded in 1883 and is based in Milan, Italy. Edison S.p.A. operates as a subsidiary of Transalpina di Energia Spa.",
  "website": "https://www.edison.it/it",
  "employees": null,
  "target_high": null,
  "target_low": null,
  "target_mean": null,
  "target_median": null,
  "recommendation": "none",
  "num_analysts": null,
  "income_stmt": {
    "2024-12-31T00:00:00": {
      "Tax Effect Of Unusual Items": 5220000.0,
      "Tax Rate For Calcs": 0.29,
      "Normalized EBITDA": 1518000000.0,
      "Total Unusual Items": 18000000.0,
      "Total Unusual Items Excluding Goodwill": 18000000.0,
      "Net Income From Continuing Operation Net Minority Interest": 343000000.0,
      "Reconciled Depreciation": 522000000.0,
      "Reconciled Cost Of Revenue": 12526000000.0,
      "EBITDA": 1536000000.0,
      "EBIT": 1014000000.0,
      "Net Interest Income": -23000000.0,
      "Normalized Income": 330220000.0,
      "Net Income From Continuing And Discontinued Operation": 403000000.0,
      "Total Expenses": 14373000000.0,
      "Total Operating Income As Reported": 554000000.0,
      "Diluted Average Shares": 4736117250.0,
      "Basic Average Shares": 4736117250.0,
      "Diluted EPS": 0.085091,
      "Basic EPS": 0.085091,
      "Diluted NI Availto Com Stockholders": 403000000.0,
      "Net Income Common Stockholders": 403000000.0,
      "Otherunder Preferred Stock Dividend": 0.0,
      "Net Income": 403000000.0,
      "Minority Interests": -43000000.0,
      "Net Income Including Noncontrolling Interests": 446000000.0,
      "Net Income Discontinuous Operations": 60000000.0,
      "Net Income Continuous Operations": 386000000.0,
      "Tax Provision": 158000000.0,
      "Pretax Income": 544000000.0,
      "Other Non Operating Income Expenses": -478000000.0,
      "Special Income Charges": 22000000.0,
      "Other Special Charges": -65000000.0,
      "Write Off": 19000000.0,
      "Impairment Of Capital Assets": 24000000.0,
      "Net Non Operating Interest Income Expense": -23000000.0,
      "Total Other Finance Cost": -4000000.0,
      "Operating Income": 1014000000.0,
      "Operating Expense": 1847000000.0,
      "Other Operating Expenses": 582000000.0,
      "Depreciation And Amortization In Income Statement": 498000000.0,
      "Amortization": 124000000.0,
      "Depreciation Income Statement": 374000000.0,
      "Selling General And Administration": 314000000.0,
      "Selling And Marketing Expense": 21000000.0,
      "General And Administrative Expense": 293000000.0,
      "Gross Profit": 2861000000.0,
      "Cost Of Revenue": 12526000000.0,
      "Total Revenue": 15387000000.0,
      "Operating Revenue": 15387000000.0
    },
    "2023-12-31T00:00:00": {
      "Tax Effect Of Unusual Items": -5523000.0,
      "Tax Rate For Calcs": 0.263,
      "Normalized EBITDA": 1683000000.0,
      "Total Unusual Items": -21000000.0,
      "Total Unusual Items Excluding Goodwill": -21000000.0,
      "Net Income From Continuing Operation Net Minority Interest": 501000000.0,
      "Reconciled Depreciation": 460000000.0,
      "Reconciled Cost Of Revenue": 15421000000.0,
      "EBITDA": 1662000000.0,
      "EBIT": 1202000000.0,
      "Net Interest Income": -52000000.0,
      "Normalized Income": 516477000.0,
      "Net Income From Continuing And Discontinued Operation": 515000000.0,
      "Total Expenses": 17234000000.0,
      "Total Operating Income As Reported": 796000000.0,
      "Diluted Average Shares": 4736117250.0,
      "Basic Average Shares": 4736117250.0,
      "Diluted EPS": 0.108739,
      "Basic EPS": 0.108739,
      "Diluted NI Availto Com Stockholders": 515000000.0,
      "Net Income Common Stockholders": 515000000.0,
      "Otherunder Preferred Stock Dividend": 0.0,
      "Net Income": 515000000.0,
      "Minority Interests": -81000000.0,
      "Net Income Including Noncontrolling Interests": 596000000.0,
      "Net Income Discontinuous Operations": 14000000.0,
      "Net Income Continuous Operations": 582000000.0,
      "Tax Provision": 208000000.0,
      "Pretax Income": 790000000.0,
      "Other Non Operating Income Expenses": -384000000.0,
      "Special Income Charges": -25000000.0,
      "Other Special Charges": -14000000.0,
      "Write Off": 30000000.0,
      "Impairment Of Capital Assets": 9000000.0,
      "Net Non Operating Interest Income Expense": -52000000.0,
      "Total Other Finance Cost": 14000000.0,
      "Operating Income": 1202000000.0,
      "Operating Expense": 1813000000.0,
      "Other Operating Expenses": 599000000.0,
      "Depreciation And Amortization In Income Statement": 451000000.0,
      "Amortization": 112000000.0,
      "Depreciation Income Statement": 451000000.0,
      "Selling General And Administration": 343000000.0,
      "Selling And Marketing Expense": 22000000.0,
      "General And Administrative Expense": 321000000.0,
      "Gross Profit": 3015000000.0,
      "Cost Of Revenue": 15421000000.0,
      "Total Revenue": 18436000000.0,
      "Operating Revenue": 18436000000.0
    },
    "2022-12-31T00:00:00": {
      "Tax Effect Of Unusual Items": -18720000.0,
      "Tax Rate For Calcs": 0.24,
      "Normalized EBITDA": 1093000000.0,
      "Total Unusual Items": -78000000.0,
      "Total Unusual Items Excluding Goodwill": -78000000.0,
      "Net Income From Continuing Operation Net Minority Interest": 122000000.0,
      "Reconciled Depreciation": 439000000.0,
      "Reconciled Cost Of Revenue": 28330000000.0,
      "EBITDA": 1015000000.0,
      "EBIT": 576000000.0,
      "Net Interest Income": -50000000.0,
      "Normalized Income": 181280000.0,
      "Net Income From Continuing And Discontinued Operation": 151000000.0,
      "Total Expenses": 29733000000.0,
      "Total Operating Income As Reported": null,
      "Diluted Average Shares": 4736117250.0,
      "Basic Average Shares": 4736117250.0,
      "Diluted EPS": 0.031883,
      "Basic EPS": 0.031883,
      "Diluted NI Availto Com Stockholders": 151000000.0,
      "Net Income Common Stockholders": 151000000.0,
      "Otherunder Preferred Stock Dividend": 0.0,
      "Net Income": 151000000.0,
      "Minority Interests": -31000000.0,
      "Net Income Including Noncontrolling Interests": 182000000.0,
      "Net Income Discontinuous Operations": 29000000.0,
      "Net Income Continuous Operations": 153000000.0,
      "Tax Provision": 442000000.0,
      "Pretax Income": 595000000.0,
      "Other Non Operating Income Expenses": 58000000.0,
      "Special Income Charges": -85000000.0,
      "Other Special Charges": -3000000.0,
      "Write Off": 32000000.0,
      "Impairment Of Capital Assets": 56000000.0,
      "Net Non Operating Interest Income Expense": -50000000.0,
      "Total Other Finance Cost": 13000000.0,
      "Operating Income": 576000000.0,
      "Operating Expense": 1403000000.0,
      "Other Operating Expenses": 447000000.0,
      "Depreciation And Amortization In Income Statement": 383000000.0,
      "Amortization": 91000000.0,
      "Depreciation Income Statement": 383000000.0,
      "Selling General And Administration": 209000000.0,
      "Selling And Marketing Expense": 19000000.0,
      "General And Administrative Expense": 190000000.0,
      "Gross Profit": 1979000000.0,
      "Cost Of Revenue": 28330000000.0,
      "Total Revenue": 30309000000.0,
      "Operating Revenue": 30309000000.0
    },
    "2021-12-31T00:00:00": {
      "Tax Effect Of Unusual Items": -3510000.0,
      "Tax Rate For Calcs": 0.117,
      "Normalized EBITDA": 909000000.0,
      "Total Unusual Items": -30000000.0,
      "Total Unusual Items Excluding Goodwill": -30000000.0,
      "Net Income From Continuing Operation Net Minority Interest": 414000000.0,
      "Reconciled Depreciation": 358000000.0,
      "Reconciled Cost Of Revenue": 10049000000.0,
      "EBITDA": 879000000.0,
      "EBIT": 521000000.0,
      "Net Interest Income": -26000000.0,
      "Normalized Income": 440490000.0,
      "Net Income From Continuing And Discontinued Operation": 413000000.0,
      "Total Expenses": 11218000000.0,
      "Total Operating Income As Reported": null,
      "Diluted Average Shares": 4736117250.0,
      "Basic Average Shares": 4736117250.0,
      "Diluted EPS": 0.087202,
      "Basic EPS": 0.087202,
      "Diluted NI Availto Com Stockholders": 413000000.0,
      "Net Income Common Stockholders": 413000000.0,
      "Otherunder Preferred Stock Dividend": 0.0,
      "Net Income": 413000000.0,
      "Minority Interests": -17000000.0,
      "Net Income Including Noncontrolling Interests": 430000000.0,
      "Net Income Discontinuous Operations": -1000000.0,
      "Net Income Continuous Operations": 431000000.0,
      "Tax Provision": 57000000.0,
      "Pretax Income": 488000000.0,
      "Other Non Operating Income Expenses": -20000000.0,
      "Special Income Charges": -20000000.0,
      "Other Special Charges": -24000000.0,
      "Write Off": 42000000.0,
      "Impairment Of Capital Assets": 2000000.0,
      "Net Non Operating Interest Income Expense": -26000000.0,
      "Total Other Finance Cost": 8000000.0,
      "Operating Income": 521000000.0,
      "Operating Expense": 1169000000.0,
      "Other Operating Expenses": 287000000.0,
      "Depreciation And Amortization In Income Statement": 356000000.0,
      "Amortization": 67000000.0,
      "Depreciation Income Statement": 356000000.0,
      "Selling General And Administration": 191000000.0,
      "Selling And Marketing Expense": 16000000.0,
      "General And Administrative Expense": 175000000.0,
      "Gross Profit": 1690000000.0,
      "Cost Of Revenue": 10049000000.0,
      "Total Revenue": 11739000000.0,
      "Operating Revenue": 11739000000.0
    }
  },
  "quarterly_income": {
    "2025-06-30T00:00:00": {
      "Tax Effect Of Unusual Items": 16835820.895522,
      "Tax Rate For Calcs": 0.358209,
      "Normalized EBITDA": 138000000.0,
      "Total Unusual Items": 47000000.0,
      "Total Unusual Items Excluding Goodwill": 47000000.0,
      "Net Income From Continuing Operation Net Minority Interest": 36000000.0,
      "Reconciled Depreciation": 133000000.0,
      "Reconciled Cost Of Revenue": 3129000000.0,
      "EBITDA": 185000000.0,
      "EBIT": 52000000.0,
      "Net Interest Income": 13000000.0,
      "Interest Expense": -15000000.0,
      "Interest Income": 3000000.0,
      "Normalized Income": 5835820.895522,
      "Net Income From Continuing And Discontinued Operation": 39000000.0,
      "Total Expenses": 3949000000.0,
      "Total Operating Income As Reported": 99000000.0,
      "Diluted Average Shares": null,
      "Basic Average Shares": null,
      "Diluted EPS": null,
      "Basic EPS": null,
      "Diluted NI Availto Com Stockholders": 39000000.0,
      "Net Income Common Stockholders": 39000000.0,
      "Otherunder Preferred Stock Dividend": 0.0,
      "Net Income": 39000000.0,
      "Minority Interests": -7000000.0,
      "Net Income Including Noncontrolling Interests": 46000000.0,
      "Net Income Discontinuous Operations": 3000000.0,
      "Net Income Continuous Operations": 43000000.0,
      "Tax Provision": 24000000.0,
      "Pretax Income": 67000000.0,
      "Other Non Operating Income Expenses": 63000000.0,
      "Special Income Charges": 42000000.0,
      "Write Off": 7000000.0,
      "Impairment Of Capital Assets": 0.0,
      "Net Non Operating Interest Income Expense": 13000000.0,
      "Total Other Finance Cost": 5000000.0,
      "Interest Expense Non Operating": -15000000.0,
      "Interest Income Non Operating": 3000000.0,
      "Operating Income": -41000000.0,
      "Operating Expense": 820000000.0,
      "Other Operating Expenses": 422000000.0,
      "Depreciation And Amortization In Income Statement": 133000000.0,
      "Depreciation Income Statement": 133000000.0,
      "Gross Profit": 779000000.0,
      "Cost Of Revenue": 3129000000.0,
      "Total Revenue": 3908000000.0,
      "Operating Revenue": 3908000000.0
    },
    "2025-03-31T00:00:00": {
      "Tax Effect Of Unusual Items": -330000.0,
      "Tax Rate For Calcs": 0.33,
      "Normalized EBITDA": 332000000.0,
      "Total Unusual Items": -1000000.0,
      "Total Unusual Items Excluding Goodwill": -1000000.0,
      "Net Income From Continuing Operation Net Minority Interest": 115000000.0,
      "Reconciled Depreciation": 124000000.0,
      "Reconciled Cost Of Revenue": 5063000000.0,
      "EBITDA": 331000000.0,
      "EBIT": 207000000.0,
      "Net Interest Income": -20000000.0,
      "Interest Expense": 18000000.0,
      "Interest Income": 3000000.0,
      "Normalized Income": 115670000.0,
      "Net Income From Continuing And Discontinued Operation": 139000000.0,
      "Total Expenses": 5308000000.0,
      "Total Operating Income As Reported": 203000000.0,
      "Diluted Average Shares": 4736117250.0,
      "Basic Average Shares": 4736117250.0,
      "Diluted EPS": 0.029349,
      "Basic EPS": 0.029349,
      "Diluted NI Availto Com Stockholders": 139000000.0,
      "Net Income Common Stockholders": 139000000.0,
      "Otherunder Preferred Stock Dividend": 0.0,
      "Net Income": 139000000.0,
      "Minority Interests": -11000000.0,
      "Net Income Including Noncontrolling Interests": 150000000.0,
      "Net Income Discontinuous Operations": 24000000.0,
      "Net Income Continuous Operations": 126000000.0,
      "Tax Provision": 63000000.0,
      "Pretax Income": 189000000.0,
      "Other Non Operating Income Expenses": -28000000.0,
      "Special Income Charges": -7000000.0,
      "Write Off": 7000000.0,
      "Impairment Of Capital Assets": 0.0,
      "Net Non Operating Interest Income Expense": -20000000.0,
      "Total Other Finance Cost": 5000000.0,
      "Interest Expense Non Operating": 18000000.0,
      "Interest Income Non Operating": 3000000.0,
      "Operating Income": 232000000.0,
      "Operating Expense": 245000000.0,
      "Other Operating Expenses": 10000000.0,
      "Depreciation And Amortization In Income Statement": 124000000.0,
      "Depreciation Income Statement": 124000000.0,
      "Gross Profit": 477000000.0,
      "Cost Of Revenue": 5063000000.0,
      "Total Revenue": 5540000000.0,
      "Operating Revenue": 5540000000.0
    },
    "2024-12-31T00:00:00": {
      "Tax Effect Of Unusual Items": 12480000.0,
      "Tax Rate For Calcs": 0.24,
      "Normalized EBITDA": 485000000.0,
      "Total Unusual Items": 52000000.0,
      "Total Unusual Items Excluding Goodwill": 52000000.0,
      "Net Income From Continuing Operation Net Minority Interest": -36000000.0,
      "Reconciled Depreciation": 137000000.0,
      "Reconciled Cost Of Revenue": 3949000000.0,
      "EBITDA": 537000000.0,
      "EBIT": 400000000.0,
      "Net Interest Income": 9000000.0,
      "Interest Expense": null,
      "Interest Income": null,
      "Normalized Income": -75520000.0,
      "Net Income From Continuing And Discontinued Operation": 0.0,
      "Total Expenses": 4343000000.0,
      "Total Operating Income As Reported": null,
      "Diluted Average Shares": null,
      "Basic Average Shares": null,
      "Diluted EPS": null,
      "Basic EPS": null,
      "Diluted NI Availto Com Stockholders": 0.0,
      "Net Income Common Stockholders": 0.0,
      "Otherunder Preferred Stock Dividend": 0.0,
      "Net Income": 0.0,
      "Minority Interests": -8000000.0,
      "Net Income Including Noncontrolling Interests": 8000000.0,
      "Net Income Discontinuous Operations": 36000000.0,
      "Net Income Continuous Operations": -28000000.0,
      "Tax Provision": 1000000.0,
      "Pretax Income": -27000000.0,
      "Other Non Operating Income Expenses": -64000000.0,
      "Special Income Charges": 36000000.0,
      "Write Off": 5000000.0,
      "Impairment Of Capital Assets": null,
      "Net Non Operating Interest Income Expense": 9000000.0,
      "Total Other Finance Cost": -18000000.0,
      "Interest Expense Non Operating": null,
      "Interest Income Non Operating": null,
      "Operating Income": -34000000.0,
      "Operating Expense": 394000000.0,
      "Other Operating Expenses": -184000000.0,
      "Depreciation And Amortization In Income Statement": 137000000.0,
      "Depreciation Income Statement": 13000000.0,
      "Gross Profit": 360000000.0,
      "Cost Of Revenue": 3949000000.0,
      "Total Revenue": 4309000000.0,
      "Operating Revenue": 4309000000.0
    },
    "2024-09-30T00:00:00": {
      "Tax Effect Of Unusual Items": -18572549.019608,
      "Tax Rate For Calcs": 0.290196,
      "Normalized EBITDA": 481000000.0,
      "Total Unusual Items": -64000000.0,
      "Total Unusual Items Excluding Goodwill": -64000000.0,
      "Net Income From Continuing Operation Net Minority Interest": 174000000.0,
      "Reconciled Depreciation": 123000000.0,
      "Reconciled Cost Of Revenue": 2872000000.0,
      "EBITDA": 417000000.0,
      "EBIT": 294000000.0,
      "Net Interest Income": -38000000.0,
      "Interest Expense": 39000000.0,
      "Interest Income": 7000000.0,
      "Normalized Income": 219427450.980392,
      "Net Income From Continuing And Discontinued Operation": 182000000.0,
      "Total Expenses": 3015000000.0,
      "Total Operating Income As Reported": null,
      "Diluted Average Shares": null,
      "Basic Average Shares": null,
      "Diluted EPS": null,
      "Basic EPS": null,
      "Diluted NI Availto Com Stockholders": 182000000.0,
      "Net Income Common Stockholders": 182000000.0,
      "Otherunder Preferred Stock Dividend": 0.0,
      "Net Income": 182000000.0,
      "Minority Interests": -7000000.0,
      "Net Income Including Noncontrolling Interests": 189000000.0,
      "Net Income Discontinuous Operations": 8000000.0,
      "Net Income Continuous Operations": 181000000.0,
      "Tax Provision": 74000000.0,
      "Pretax Income": 255000000.0,
      "Other Non Operating Income Expenses": -441000000.0,
      "Special Income Charges": -37000000.0,
      "Write Off": 10000000.0,
      "Impairment Of Capital Assets": null,
      "Net Non Operating Interest Income Expense": -38000000.0,
      "Total Other Finance Cost": 6000000.0,
      "Interest Expense Non Operating": 39000000.0,
      "Interest Income Non Operating": 7000000.0,
      "Operating Income": 795000000.0,
      "Operating Expense": 143000000.0,
      "Other Operating Expenses": 55000000.0,
      "Depreciation And Amortization In Income Statement": 123000000.0,
      "Depreciation Income Statement": 123000000.0,
      "Gross Profit": 938000000.0,
      "Cost Of Revenue": 2872000000.0,
      "Total Revenue": 3810000000.0,
      "Operating Revenue": 3810000000.0
    },
    "2024-06-30T00:00:00": {
      "Tax Effect Of Unusual Items": 5430303.030303,
      "Tax Rate For Calcs": 0.387879,
      "Normalized EBITDA": 12000000.0,
      "Total Unusual Items": 14000000.0,
      "Total Unusual Items Excluding Goodwill": 14000000.0,
      "Net Income From Continuing Operation Net Minority Interest": -109000000.0,
      "Reconciled Depreciation": 122000000.0,
      "Reconciled Cost Of Revenue": 2299000000.0,
      "EBITDA": 26000000.0,
      "EBIT": -96000000.0,
      "Net Interest Income": 20000000.0,
      "Interest Expense": null,
      "Interest Income": null,
      "Normalized Income": -117569696.969697,
      "Net Income From Continuing And Discontinued Operation": -101000000.0,
      "Total Expenses": 3365000000.0,
      "Total Operating Income As Reported": null,
      "Diluted Average Shares": null,
      "Basic Average Shares": null,
      "Diluted EPS": null,
      "Basic EPS": null,
      "Diluted NI Availto Com Stockholders": -101000000.0,
      "Net Income Common Stockholders": -101000000.0,
      "Otherunder Preferred Stock Dividend": 0.0,
      "Net Income": -101000000.0,
      "Minority Interests": -8000000.0,
      "Net Income Including Noncontrolling Interests": -93000000.0,
      "Net Income Discontinuous Operations": 8000000.0,
      "Net Income Continuous Operations": -101000000.0,
      "Tax Provision": -64000000.0,
      "Pretax Income": -165000000.0,
      "Other Non Operating Income Expenses": -35000000.0,
      "Special Income Charges": 25000000.0,
      "Write Off": 2000000.0,
      "Impairment Of Capital Assets": 0.0,
      "Net Non Operating Interest Income Expense": 20000000.0,
      "Total Other Finance Cost": 1000000.0,
      "Interest Expense Non Operating": null,
      "Interest Income Non Operating": null,
      "Operating Income": -163000000.0,
      "Operating Expense": 1066000000.0,
      "Other Operating Expenses": 692000000.0,
      "Depreciation And Amortization In Income Statement": 122000000.0,
      "Depreciation Income Statement": 122000000.0,
      "Gross Profit": 903000000.0,
      "Cost Of Revenue": 2299000000.0,
      "Total Revenue": 3202000000.0,
      "Operating Revenue": 3202000000.0
    }
  },
  "balance_sheet": {
    "2024-12-31T00:00:00": {
      "Ordinary Shares Number": 4736117250.0,
      "Share Issued": 4736117250.0,
      "Net Debt": null,
      "Total Debt": 1019000000.0,
      "Tangible Book Value": 3985000000.0,
      "Invested Capital": 7193000000.0,
      "Working Capital": 1582000000.0,
      "Net Tangible Assets": 3985000000.0,
      "Capital Lease Obligations": 293000000.0,
      "Common Stock Equity": 6467000000.0,
      "Total Capitalization": 6960000000.0,
      "Total Equity Gross Minority Interest": 6863000000.0,
      "Minority Interest": 396000000.0,
      "Stockholders Equity": 6467000000.0,
      "Retained Earnings": 403000000.0,
      "Capital Stock": 4736000000.0,
      "Common Stock": 4736000000.0,
      "Total Liabilities Net Minority Interest": 6397000000.0,
      "Total Non Current Liabilities Net Minority Interest": 2112000000.0,
      "Other Non Current Liabilities": 230000000.0,
      "Derivative Product Liabilities": 22000000.0,
      "Non Current Pension And Other Postretirement Benefit Plans": 32000000.0,
      "Tradeand Other Payables Non Current": null,
      "Non Current Deferred Taxes Liabilities": 62000000.0,
      "Long Term Debt And Capital Lease Obligation": 733000000.0,
      "Long Term Capital Lease Obligation": 240000000.0,
      "Long Term Debt": 493000000.0,
      "Long Term Provisions": 1033000000.0,
      "Current Liabilities": 4285000000.0,
      "Other Current Liabilities": 665000000.0,
      "Current Debt And Capital Lease Obligation": 286000000.0,
      "Current Capital Lease Obligation": 53000000.0,
      "Current Debt": 233000000.0,
      "Payables": 2551000000.0,
      "Total Tax Payable": 24000000.0,
      "Accounts Payable": 2527000000.0,
      "Total Assets": 13260000000.0,
      "Total Non Current Assets": 7393000000.0,
      "Other Non Current Assets": 301000000.0,
      "Non Current Deferred Taxes Assets": 392000000.0,
      "Financial Assets": 51000000.0,
      "Investmentin Financial Assets": 95000000.0,
      "Available For Sale Securities": 95000000.0,
      "Long Term Equity Investment": 171000000.0,
      "Goodwill And Other Intangible Assets": 2482000000.0,
      "Other Intangible Assets": 375000000.0,
      "Goodwill": 2107000000.0,
      "Net PPE": 3867000000.0,
      "Gross PPE": 3867000000.0,
      "Construction In Progress": 340000000.0,
      "Other Properties": 425000000.0,
      "Machinery Furniture Equipment": 2676000000.0,
      "Properties": 426000000.0,
      "Current Assets": 5867000000.0,
      "Other Current Assets": 461000000.0,
      "Hedging Assets Current": 534000000.0,
      "Assets Held For Sale Current": 787000000.0,
      "Inventory": 178000000.0,
      "Other Inventories": 8000000.0,
      "Raw Materials": 170000000.0,
      "Taxes Receivable": 160000000.0,
      "Accounts Receivable": 2690000000.0,
      "Allowance For Doubtful Accounts Receivable": -156000000.0,
      "Gross Accounts Receivable": 2846000000.0,
      "Cash Cash Equivalents And Short Term Investments": 1057000000.0,
      "Other Short Term Investments": 136000000.0,
      "Cash And Cash Equivalents": 921000000.0,
      "Cash Financial": null
    },
    "2023-12-31T00:00:00": {
      "Ordinary Shares Number": 4736117250.0,
      "Share Issued": 4736117250.0,
      "Net Debt": null,
      "Total Debt": 1041000000.0,
      "Tangible Book Value": 3966000000.0,
      "Invested Capital": 7171000000.0,
      "Working Capital": 1523000000.0,
      "Net Tangible Assets": 3966000000.0,
      "Capital Lease Obligations": 330000000.0,
      "Common Stock Equity": 6460000000.0,
      "Total Capitalization": 6877000000.0,
      "Total Equity Gross Minority Interest": 6895000000.0,
      "Minority Interest": 435000000.0,
      "Stockholders Equity": 6460000000.0,
      "Retained Earnings": 515000000.0,
      "Capital Stock": 4736000000.0,
      "Common Stock": 4736000000.0,
      "Total Liabilities Net Minority Interest": 6732000000.0,
      "Total Non Current Liabilities Net Minority Interest": 2141000000.0,
      "Other Non Current Liabilities": 116000000.0,
      "Derivative Product Liabilities": 152000000.0,
      "Non Current Pension And Other Postretirement Benefit Plans": 33000000.0,
      "Tradeand Other Payables Non Current": null,
      "Non Current Deferred Taxes Liabilities": 85000000.0,
      "Long Term Debt And Capital Lease Obligation": 696000000.0,
      "Long Term Capital Lease Obligation": 279000000.0,
      "Long Term Debt": 417000000.0,
      "Long Term Provisions": 1059000000.0,
      "Current Liabilities": 4591000000.0,
      "Other Current Liabilities": 364000000.0,
      "Current Debt And Capital Lease Obligation": 345000000.0,
      "Current Capital Lease Obligation": 51000000.0,
      "Current Debt": 294000000.0,
      "Payables": 2503000000.0,
      "Total Tax Payable": 257000000.0,
      "Accounts Payable": 2246000000.0,
      "Total Assets": 13627000000.0,
      "Total Non Current Assets": 7513000000.0,
      "Other Non Current Assets": 229000000.0,
      "Non Current Deferred Taxes Assets": 401000000.0,
      "Financial Assets": 181000000.0,
      "Investmentin Financial Assets": 89000000.0,
      "Available For Sale Securities": 89000000.0,
      "Long Term Equity Investment": 291000000.0,
      "Goodwill And Other Intangible Assets": 2494000000.0,
      "Other Intangible Assets": 387000000.0,
      "Goodwill": 2107000000.0,
      "Net PPE": 3811000000.0,
      "Gross PPE": 3811000000.0,
      "Construction In Progress": 722000000.0,
      "Other Properties": 468000000.0,
      "Machinery Furniture Equipment": 2272000000.0,
      "Properties": 349000000.0,
      "Current Assets": 6114000000.0,
      "Other Current Assets": 376000000.0,
      "Hedging Assets Current": 1037000000.0,
      "Assets Held For Sale Current": 547000000.0,
      "Inventory": 174000000.0,
      "Other Inventories": 7000000.0,
      "Raw Materials": 167000000.0,
      "Taxes Receivable": 36000000.0,
      "Accounts Receivable": 2561000000.0,
      "Allowance For Doubtful Accounts Receivable": -170000000.0,
      "Gross Accounts Receivable": 2731000000.0,
      "Cash Cash Equivalents And Short Term Investments": 1383000000.0,
      "Other Short Term Investments": 149000000.0,
      "Cash And Cash Equivalents": 1234000000.0,
      "Cash Financial": null
    },
    "2022-12-31T00:00:00": {
      "Ordinary Shares Number": 4736117250.0,
      "Share Issued": 4736117250.0,
      "Net Debt": 180000000.0,
      "Total Debt": 909000000.0,
      "Tangible Book Value": 3091000000.0,
      "Invested Capital": 6295000000.0,
      "Working Capital": 840000000.0,
      "Net Tangible Assets": 3091000000.0,
      "Capital Lease Obligations": 273000000.0,
      "Common Stock Equity": 5659000000.0,
      "Total Capitalization": 6134000000.0,
      "Total Equity Gross Minority Interest": 6048000000.0,
      "Minority Interest": 389000000.0,
      "Stockholders Equity": 5659000000.0,
      "Retained Earnings": 151000000.0,
      "Capital Stock": 4736000000.0,
      "Common Stock": 4736000000.0,
      "Total Liabilities Net Minority Interest": 11288000000.0,
      "Total Non Current Liabilities Net Minority Interest": 2696000000.0,
      "Other Non Current Liabilities": 37000000.0,
      "Derivative Product Liabilities": 1153000000.0,
      "Non Current Pension And Other Postretirement Benefit Plans": 34000000.0,
      "Tradeand Other Payables Non Current": null,
      "Non Current Deferred Taxes Liabilities": 76000000.0,
      "Long Term Debt And Capital Lease Obligation": 709000000.0,
      "Long Term Capital Lease Obligation": 234000000.0,
      "Long Term Debt": 475000000.0,
      "Long Term Provisions": 687000000.0,
      "Current Liabilities": 8592000000.0,
      "Other Current Liabilities": 680000000.0,
      "Current Debt And Capital Lease Obligation": 200000000.0,
      "Current Capital Lease Obligation": 39000000.0,
      "Current Debt": 161000000.0,
      "Payables": 4170000000.0,
      "Total Tax Payable": 392000000.0,
      "Accounts Payable": 3778000000.0,
      "Total Assets": 17336000000.0,
      "Total Non Current Assets": 7904000000.0,
      "Other Non Current Assets": 162000000.0,
      "Non Current Deferred Taxes Assets": 427000000.0,
      "Financial Assets": 468000000.0,
      "Investmentin Financial Assets": 86000000.0,
      "Available For Sale Securities": 86000000.0,
      "Long Term Equity Investment": 216000000.0,
      "Goodwill And Other Intangible Assets": 2568000000.0,
      "Other Intangible Assets": 340000000.0,
      "Goodwill": 2228000000.0,
      "Net PPE": 3967000000.0,
      "Gross PPE": 3967000000.0,
      "Construction In Progress": 565000000.0,
      "Other Properties": 423000000.0,
      "Machinery Furniture Equipment": 2642000000.0,
      "Properties": 337000000.0,
      "Current Assets": 9432000000.0,
      "Other Current Assets": 372000000.0,
      "Hedging Assets Current": 3706000000.0,
      "Assets Held For Sale Current": 150000000.0,
      "Inventory": 387000000.0,
      "Other Inventories": 13000000.0,
      "Raw Materials": 374000000.0,
      "Taxes Receivable": 63000000.0,
      "Accounts Receivable": 4281000000.0,
      "Allowance For Doubtful Accounts Receivable": -171000000.0,
      "Gross Accounts Receivable": 4452000000.0,
      "Cash Cash Equivalents And Short Term Investments": 473000000.0,
      "Other Short Term Investments": 17000000.0,
      "Cash And Cash Equivalents": 456000000.0,
      "Cash Financial": null
    },
    "2021-12-31T00:00:00": {
      "Ordinary Shares Number": 4736117250.0,
      "Share Issued": 4736117250.0,
      "Net Debt": null,
      "Total Debt": 996000000.0,
      "Tangible Book Value": 3411000000.0,
      "Invested Capital": 6307000000.0,
      "Working Capital": 1067000000.0,
      "Net Tangible Assets": 3411000000.0,
      "Capital Lease Obligations": 241000000.0,
      "Common Stock Equity": 5934000000.0,
      "Total Capitalization": 6307000000.0,
      "Total Equity Gross Minority Interest": 6353000000.0,
      "Minority Interest": 419000000.0,
      "Stockholders Equity": 5934000000.0,
      "Retained Earnings": 413000000.0,
      "Capital Stock": 4736000000.0,
      "Common Stock": 4736000000.0,
      "Total Liabilities Net Minority Interest": 10355000000.0,
      "Total Non Current Liabilities Net Minority Interest": 2441000000.0,
      "Other Non Current Liabilities": 15000000.0,
      "Derivative Product Liabilities": 891000000.0,
      "Non Current Pension And Other Postretirement Benefit Plans": 37000000.0,
      "Tradeand Other Payables Non Current": 17000000.0,
      "Non Current Deferred Taxes Liabilities": 44000000.0,
      "Long Term Debt And Capital Lease Obligation": 614000000.0,
      "Long Term Capital Lease Obligation": 241000000.0,
      "Long Term Debt": 373000000.0,
      "Long Term Provisions": 823000000.0,
      "Current Liabilities": 7914000000.0,
      "Other Current Liabilities": 402000000.0,
      "Current Debt And Capital Lease Obligation": 382000000.0,
      "Current Capital Lease Obligation": 34000000.0,
      "Current Debt": 348000000.0,
      "Payables": 3008000000.0,
      "Total Tax Payable": 136000000.0,
      "Accounts Payable": 2872000000.0,
      "Total Assets": 16708000000.0,
      "Total Non Current Assets": 7727000000.0,
      "Other Non Current Assets": 71000000.0,
      "Non Current Deferred Taxes Assets": 329000000.0,
      "Financial Assets": 863000000.0,
      "Investmentin Financial Assets": 15000000.0,
      "Available For Sale Securities": 15000000.0,
      "Long Term Equity Investment": 160000000.0,
      "Goodwill And Other Intangible Assets": 2523000000.0,
      "Other Intangible Assets": 339000000.0,
      "Goodwill": 2184000000.0,
      "Net PPE": 3744000000.0,
      "Gross PPE": 3744000000.0,
      "Construction In Progress": 669000000.0,
      "Other Properties": 438000000.0,
      "Machinery Furniture Equipment": 2320000000.0,
      "Properties": 317000000.0,
      "Current Assets": 8981000000.0,
      "Other Current Assets": 432000000.0,
      "Hedging Assets Current": 3843000000.0,
      "Assets Held For Sale Current": 69000000.0,
      "Inventory": 176000000.0,
      "Other Inventories": 11000000.0,
      "Raw Materials": 165000000.0,
      "Taxes Receivable": 6000000.0,
      "Accounts Receivable": 3542000000.0,
      "Allowance For Doubtful Accounts Receivable": -163000000.0,
      "Gross Accounts Receivable": 3705000000.0,
      "Cash Cash Equivalents And Short Term Investments": 913000000.0,
      "Other Short Term Investments": 3000000.0,
      "Cash And Cash Equivalents": 910000000.0,
      "Cash Financial": 910000000.0
    }
  },
  "cashflow": {
    "2024-12-31T00:00:00": {
      "Free Cash Flow": 192000000.0,
      "Repayment Of Debt": -135000000.0,
      "Issuance Of Debt": 102000000.0,
      "Issuance Of Capital Stock": 0.0,
      "Capital Expenditure": -578000000.0,
      "End Cash Position": 921000000.0,
      "Beginning Cash Position": 1234000000.0,
      "Effect Of Exchange Rate Changes": 0.0,
      "Changes In Cash": -313000000.0,
      "Other Cash Adjustment Inside Changein Cash": null,
      "Financing Cash Flow": -472000000.0,
      "Net Other Financing Charges": null,
      "Cash Dividends Paid": null,
      "Net Common Stock Issuance": 0.0,
      "Common Stock Issuance": 0.0,
      "Net Issuance Payments Of Debt": -33000000.0,
      "Net Short Term Debt Issuance": null,
      "Short Term Debt Payments": null,
      "Net Long Term Debt Issuance": -33000000.0,
      "Long Term Debt Payments": -135000000.0,
      "Long Term Debt Issuance": 102000000.0,
      "Investing Cash Flow": -611000000.0,
      "Net Other Investing Changes": -18000000.0,
      "Net Investment Purchase And Sale": -48000000.0,
      "Sale Of Investment": 0.0,
      "Purchase Of Investment": -48000000.0,
      "Net Business Purchase And Sale": -8000000.0,
      "Purchase Of Business": -8000000.0,
      "Net Intangibles Purchase And Sale": -537000000.0,
      "Sale Of Intangibles": 41000000.0,
      "Purchase Of Intangibles": -578000000.0,
      "Net PPE Purchase And Sale": -537000000.0,
      "Sale Of PPE": 41000000.0,
      "Purchase Of PPE": -578000000.0,
      "Operating Cash Flow": 770000000.0,
      "Taxes Refund Paid": -499000000.0,
      "Interest Paid Cfo": -18000000.0,
      "Dividend Received Cfo": 4000000.0,
      "Change In Working Capital": -291000000.0,
      "Change In Other Current Assets": -289000000.0,
      "Other Non Cash Items": 40000000.0,
      "Provisionand Write Offof Assets": 508000000.0,
      "Depreciation And Amortization": 522000000.0,
      "Depreciation": 522000000.0,
      "Gain Loss On Investment Securities": 4000000.0,
      "Gain Loss On Sale Of PPE": -45000000.0,
      "Net Income From Continuing Operations": 544000000.0
    },
    "2023-12-31T00:00:00": {
      "Free Cash Flow": 960000000.0,
      "Repayment Of Debt": -43000000.0,
      "Issuance Of Debt": 59000000.0,
      "Issuance Of Capital Stock": 0.0,
      "Capital Expenditure": -501000000.0,
      "End Cash Position": 1234000000.0,
      "Beginning Cash Position": 456000000.0,
      "Effect Of Exchange Rate Changes": 0.0,
      "Changes In Cash": 778000000.0,
      "Other Cash Adjustment Inside Changein Cash": null,
      "Financing Cash Flow": -125000000.0,
      "Net Other Financing Charges": -4000000.0,
      "Cash Dividends Paid": null,
      "Net Common Stock Issuance": 0.0,
      "Common Stock Issuance": 0.0,
      "Net Issuance Payments Of Debt": 16000000.0,
      "Net Short Term Debt Issuance": null,
      "Short Term Debt Payments": null,
      "Net Long Term Debt Issuance": 16000000.0,
      "Long Term Debt Payments": -43000000.0,
      "Long Term Debt Issuance": 59000000.0,
      "Investing Cash Flow": -558000000.0,
      "Net Other Investing Changes": -19000000.0,
      "Net Investment Purchase And Sale": -30000000.0,
      "Sale Of Investment": 0.0,
      "Purchase Of Investment": -30000000.0,
      "Net Business Purchase And Sale": -84000000.0,
      "Purchase Of Business": -84000000.0,
      "Net Intangibles Purchase And Sale": -425000000.0,
      "Sale Of Intangibles": 76000000.0,
      "Purchase Of Intangibles": -501000000.0,
      "Net PPE Purchase And Sale": -425000000.0,
      "Sale Of PPE": 76000000.0,
      "Purchase Of PPE": -501000000.0,
      "Operating Cash Flow": 1461000000.0,
      "Taxes Refund Paid": -436000000.0,
      "Interest Paid Cfo": -65000000.0,
      "Dividend Received Cfo": 0.0,
      "Change In Working Capital": 246000000.0,
      "Change In Other Current Assets": 247000000.0,
      "Other Non Cash Items": 59000000.0,
      "Provisionand Write Offof Assets": 431000000.0,
      "Depreciation And Amortization": 460000000.0,
      "Depreciation": 460000000.0,
      "Gain Loss On Investment Securities": -6000000.0,
      "Gain Loss On Sale Of PPE": -6000000.0,
      "Net Income From Continuing Operations": 790000000.0
    },
    "2022-12-31T00:00:00": {
      "Free Cash Flow": 200000000.0,
      "Repayment Of Debt": -268000000.0,
      "Issuance Of Debt": 125000000.0,
      "Issuance Of Capital Stock": 0.0,
      "Capital Expenditure": -543000000.0,
      "End Cash Position": 456000000.0,
      "Beginning Cash Position": 910000000.0,
      "Effect Of Exchange Rate Changes": 0.0,
      "Changes In Cash": -454000000.0,
      "Other Cash Adjustment Inside Changein Cash": null,
      "Financing Cash Flow": -492000000.0,
      "Net Other Financing Charges": 1000000.0,
      "Cash Dividends Paid": -350000000.0,
      "Net Common Stock Issuance": 0.0,
      "Common Stock Issuance": 0.0,
      "Net Issuance Payments Of Debt": -143000000.0,
      "Net Short Term Debt Issuance": 0.0,
      "Short Term Debt Payments": 0.0,
      "Net Long Term Debt Issuance": -143000000.0,
      "Long Term Debt Payments": -268000000.0,
      "Long Term Debt Issuance": 125000000.0,
      "Investing Cash Flow": -705000000.0,
      "Net Other Investing Changes": -17000000.0,
      "Net Investment Purchase And Sale": 47000000.0,
      "Sale Of Investment": 54000000.0,
      "Purchase Of Investment": -7000000.0,
      "Net Business Purchase And Sale": -206000000.0,
      "Purchase Of Business": -206000000.0,
      "Net Intangibles Purchase And Sale": -529000000.0,
      "Sale Of Intangibles": 14000000.0,
      "Purchase Of Intangibles": -543000000.0,
      "Net PPE Purchase And Sale": null,
      "Sale Of PPE": null,
      "Purchase Of PPE": null,
      "Operating Cash Flow": 743000000.0,
      "Taxes Refund Paid": -265000000.0,
      "Interest Paid Cfo": -2000000.0,
      "Dividend Received Cfo": 10000000.0,
      "Change In Working Capital": -24000000.0,
      "Change In Other Current Assets": -21000000.0,
      "Other Non Cash Items": 5000000.0,
      "Provisionand Write Offof Assets": -19000000.0,
      "Depreciation And Amortization": 439000000.0,
      "Depreciation": 439000000.0,
      "Gain Loss On Investment Securities": 5000000.0,
      "Gain Loss On Sale Of PPE": null,
      "Net Income From Continuing Operations": 595000000.0
    },
    "2021-12-31T00:00:00": {
      "Free Cash Flow": -502000000.0,
      "Repayment Of Debt": -156000000.0,
      "Issuance Of Debt": 235000000.0,
      "Issuance Of Capital Stock": null,
      "Capital Expenditure": -592000000.0,
      "End Cash Position": 910000000.0,
      "Beginning Cash Position": 313000000.0,
      "Effect Of Exchange Rate Changes": 0.0,
      "Changes In Cash": 597000000.0,
      "Other Cash Adjustment Inside Changein Cash": 0.0,
      "Financing Cash Flow": 136000000.0,
      "Net Other Financing Charges": 57000000.0,
      "Cash Dividends Paid": null,
      "Net Common Stock Issuance": null,
      "Common Stock Issuance": null,
      "Net Issuance Payments Of Debt": 79000000.0,
      "Net Short Term Debt Issuance": 0.0,
      "Short Term Debt Payments": 0.0,
      "Net Long Term Debt Issuance": 79000000.0,
      "Long Term Debt Payments": -156000000.0,
      "Long Term Debt Issuance": 235000000.0,
      "Investing Cash Flow": 371000000.0,
      "Net Other Investing Changes": null,
      "Net Investment Purchase And Sale": 582000000.0,
      "Sale Of Investment": 868000000.0,
      "Purchase Of Investment": -286000000.0,
      "Net Business Purchase And Sale": -53000000.0,
      "Purchase Of Business": -53000000.0,
      "Net Intangibles Purchase And Sale": -158000000.0,
      "Sale Of Intangibles": 434000000.0,
      "Purchase Of Intangibles": -592000000.0,
      "Net PPE Purchase And Sale": null,
      "Sale Of PPE": null,
      "Purchase Of PPE": null,
      "Operating Cash Flow": 90000000.0,
      "Taxes Refund Paid": -65000000.0,
      "Interest Paid Cfo": -9000000.0,
      "Dividend Received Cfo": null,
      "Change In Working Capital": -753000000.0,
      "Change In Other Current Assets": -751000000.0,
      "Other Non Cash Items": 4000000.0,
      "Provisionand Write Offof Assets": 99000000.0,
      "Depreciation And Amortization": 358000000.0,
      "Depreciation": 358000000.0,
      "Gain Loss On Investment Securities": -6000000.0,
      "Gain Loss On Sale Of PPE": null,
      "Net Income From Continuing Operations": 488000000.0
    }
  },
  "earnings_estimate": null,
  "revenue_estimate": {
    "avg": {
      "0q": 0,
      "+1q": 0,
      "0y": 0,
      "+1y": 0
    },
    "low": {
      "0q": 0,
      "+1q": 0,
      "0y": 0,
      "+1y": 0
    },
    "high": {
      "0q": 0,
      "+1q": 0,
      "0y": 0,
      "+1y": 0
    },
    "numberOfAnalysts": {
      "0q": 0,
      "+1q": 0,
      "0y": 0,
      "+1y": 0
    }
  },
  "growth_estimates": {
    "stockTrend": {
      "0q": null,
      "+1q": null,
      "0y": null,
      "+1y": null,
      "LTG": null
    },
    "indexTrend": {
      "0q": 0.1273,
      "+1q": 0.103599995,
      "0y": 0.14310001,
      "+1y": 0.1557,
      "LTG": 0.122
    }
  },
  "revenue_forecasts": null,
  "dividend_rate": 0.09,
  "trailing_dividend_rate": 0.09
}