{
  "ticker": "ENB.TO",
  "name": "Enbridge",
  "country": "canada",
  "currency": "CAD",
  "last_fetched": "2026-02-26T20:51:21.212076",
  "market_cap": 155931688960,
  "revenue": 65194000384,
  "net_income": 7043999744,
  "pe_ratio": 22.18323,
  "forward_pe": 22.219526,
  "dividend_yield": 5.41,
  "profit_margin": 0.1149,
  "roe": 0.115550004,
  "debt_to_equity": 161.396,
  "beta": 0.853,
  "ev_to_ebitda": 15.56,
  "sector": "Energy",
  "industry": "Oil & Gas Midstream",
  "summary": "Enbridge Inc., together with its subsidiaries, operates as an energy infrastructure company. The company operates through four segments: Liquids Pipelines, Gas Transmission, Gas Distribution and Storage, and Renewable Power Generation. The Liquids Pipelines segment operates pipelines and related terminals to transport, store, and export various grades of crude oil and other liquid hydrocarbons in Canada and the United States. This segment also provides physical commodity marketing and logistical services, and crude oil marketing services. The Gas Transmission segment invests in natural gas pipelines and gathering and processing facilities in Canada and the United States. The Gas Distribution and Storage segment is involved in natural gas utility operations serving residential, commercial, and industrial customers in Ontario, as well as natural gas distribution activities in Quebec. The Renewable Power Generation segment operates wind, solar, geothermal, waste heat recovery, and transmission assets in North America. The company was formerly known as IPL Energy Inc. and changed its name to Enbridge Inc. in October 1998. Enbridge Inc. was founded in 1949 and is headquartered in Calgary, Canada.",
  "website": "https://www.enbridge.com",
  "employees": 14800,
  "target_high": 82.0,
  "target_low": 66.0,
  "target_mean": 73.42857,
  "target_median": 72.0,
  "recommendation": "buy",
  "num_analysts": 21,
  "income_stmt": {
    "2025-12-31T00:00:00": {
      "Tax Effect Of Unusual Items": 28290000.0,
      "Tax Rate For Calcs": 0.205,
      "Normalized EBITDA": 20308000000.0,
      "Total Unusual Items": 138000000.0,
      "Total Unusual Items Excluding Goodwill": 138000000.0,
      "Net Income From Continuing Operation Net Minority Interest": 7491000000.0,
      "Reconciled Depreciation": 5661000000.0,
      "Reconciled Cost Of Revenue": 43697000000.0,
      "EBITDA": 20446000000.0,
      "EBIT": 14785000000.0,
      "Net Interest Income": -5023000000.0,
      "Interest Expense": 4992000000.0,
      "Normalized Income": 7381290000.0,
      "Net Income From Continuing And Discontinued Operation": 7491000000.0,
      "Total Expenses": 53666000000.0,
      "Total Operating Income As Reported": 10958000000.0,
      "Diluted Average Shares": 2186000000.0,
      "Basic Average Shares": 2180000000.0,
      "Diluted EPS": 3.22,
      "Basic EPS": 3.23,
      "Diluted NI Availto Com Stockholders": 7072000000.0,
      "Net Income Common Stockholders": 7072000000.0,
      "Preferred Stock Dividends": 419000000.0,
      "Net Income": 7491000000.0,
      "Minority Interests": -298000000.0,
      "Net Income Including Noncontrolling Interests": 7789000000.0,
      "Net Income Continuous Operations": 7789000000.0,
      "Tax Provision": 2004000000.0,
      "Pretax Income": 9793000000.0,
      "Other Income Expense": 3288000000.0,
      "Other Non Operating Income Expenses": 926000000.0,
      "Special Income Charges": -570000000.0,
      "Gain On Sale Of Ppe": null,
      "Gain On Sale Of Business": 0.0,
      "Write Off": null,
      "Impairment Of Capital Assets": 570000000.0,
      "Restructuring And Mergern Acquisition": null,
      "Earnings From Equity Interest": 2224000000.0,
      "Gain On Sale Of Security": 708000000.0,
      "Net Non Operating Interest Income Expense": -5023000000.0,
      "Total Other Finance Cost": 31000000.0,
      "Interest Expense Non Operating": 4992000000.0,
      "Operating Income": 11528000000.0,
      "Operating Expense": 9969000000.0,
      "Other Operating Expenses": 9969000000.0,
      "Selling General And Administration": null,
      "General And Administrative Expense": null,
      "Other Gand A": null,
      "Salaries And Wages": null,
      "Gross Profit": 21497000000.0,
      "Cost Of Revenue": 43697000000.0,
      "Total Revenue": 65194000000.0,
      "Operating Revenue": 65194000000.0
    },
    "2024-12-31T00:00:00": {
      "Tax Effect Of Unusual Items": -269533000.0,
      "Tax Rate For Calcs": 0.229,
      "Normalized EBITDA": 18044000000.0,
      "Total Unusual Items": -1177000000.0,
      "Total Unusual Items Excluding Goodwill": -1177000000.0,
      "Net Income From Continuing Operation Net Minority Interest": 5441000000.0,
      "Reconciled Depreciation": 5167000000.0,
      "Reconciled Cost Of Revenue": 34207000000.0,
      "EBITDA": 16867000000.0,
      "EBIT": 11700000000.0,
      "Net Interest Income": -4419000000.0,
      "Interest Expense": 4401000000.0,
      "Normalized Income": 6348467000.0,
      "Net Income From Continuing And Discontinued Operation": 5441000000.0,
      "Total Expenses": 43634000000.0,
      "Total Operating Income As Reported": 9649000000.0,
      "Diluted Average Shares": 2158000000.0,
      "Basic Average Shares": 2155000000.0,
      "Diluted EPS": 2.34,
      "Basic EPS": 2.34,
      "Diluted NI Availto Com Stockholders": 5053000000.0,
      "Net Income Common Stockholders": 5053000000.0,
      "Preferred Stock Dividends": 388000000.0,
      "Net Income": 5441000000.0,
      "Minority Interests": -190000000.0,
      "Net Income Including Noncontrolling Interests": 5631000000.0,
      "Net Income Continuous Operations": 5631000000.0,
      "Tax Provision": 1668000000.0,
      "Pretax Income": 7299000000.0,
      "Other Income Expense": 1879000000.0,
      "Other Non Operating Income Expenses": 752000000.0,
      "Special Income Charges": 901000000.0,
      "Gain On Sale Of Ppe": null,
      "Gain On Sale Of Business": 1091000000.0,
      "Write Off": null,
      "Impairment Of Capital Assets": 190000000.0,
      "Restructuring And Mergern Acquisition": 0.0,
      "Earnings From Equity Interest": 2304000000.0,
      "Gain On Sale Of Security": -2078000000.0,
      "Net Non Operating Interest Income Expense": -4419000000.0,
      "Total Other Finance Cost": 18000000.0,
      "Interest Expense Non Operating": 4401000000.0,
      "Operating Income": 9839000000.0,
      "Operating Expense": 9427000000.0,
      "Other Operating Expenses": 9427000000.0,
      "Selling General And Administration": null,
      "General And Administrative Expense": null,
      "Other Gand A": null,
      "Salaries And Wages": null,
      "Gross Profit": 19266000000.0,
      "Cost Of Revenue": 34207000000.0,
      "Total Revenue": 53473000000.0,
      "Operating Revenue": 53473000000.0
    },
    "2023-12-31T00:00:00": {
      "Tax Effect Of Unusual Items": 63063000.0,
      "Tax Rate For Calcs": 0.231,
      "Normalized EBITDA": 16076000000.0,
      "Total Unusual Items": 273000000.0,
      "Total Unusual Items Excluding Goodwill": 273000000.0,
      "Net Income From Continuing Operation Net Minority Interest": 6191000000.0,
      "Reconciled Depreciation": 4613000000.0,
      "Reconciled Cost Of Revenue": 25979000000.0,
      "EBITDA": 16349000000.0,
      "EBIT": 11736000000.0,
      "Net Interest Income": -3812000000.0,
      "Interest Expense": 3857000000.0,
      "Normalized Income": 5981063000.0,
      "Net Income From Continuing And Discontinued Operation": 6191000000.0,
      "Total Expenses": 34579000000.0,
      "Total Operating Income As Reported": 8651000000.0,
      "Diluted Average Shares": 2058000000.0,
      "Basic Average Shares": 2056000000.0,
      "Diluted EPS": 2.84,
      "Basic EPS": 2.84,
      "Diluted NI Availto Com Stockholders": 5839000000.0,
      "Net Income Common Stockholders": 5839000000.0,
      "Preferred Stock Dividends": 352000000.0,
      "Net Income": 6191000000.0,
      "Minority Interests": 133000000.0,
      "Net Income Including Noncontrolling Interests": 6058000000.0,
      "Net Income Continuous Operations": 6058000000.0,
      "Tax Provision": 1821000000.0,
      "Pretax Income": 7879000000.0,
      "Other Income Expense": 2621000000.0,
      "Other Non Operating Income Expenses": 532000000.0,
      "Special Income Charges": -419000000.0,
      "Gain On Sale Of Ppe": 15000000.0,
      "Gain On Sale Of Business": 0.0,
      "Write Off": null,
      "Impairment Of Capital Assets": 419000000.0,
      "Restructuring And Mergern Acquisition": 0.0,
      "Earnings From Equity Interest": 1816000000.0,
      "Gain On Sale Of Security": 692000000.0,
      "Net Non Operating Interest Income Expense": -3812000000.0,
      "Total Other Finance Cost": -45000000.0,
      "Interest Expense Non Operating": 3857000000.0,
      "Operating Income": 9070000000.0,
      "Operating Expense": 8600000000.0,
      "Other Operating Expenses": 8600000000.0,
      "Selling General And Administration": -135000000.0,
      "General And Administrative Expense": -135000000.0,
      "Other Gand A": null,
      "Salaries And Wages": -135000000.0,
      "Gross Profit": 17670000000.0,
      "Cost Of Revenue": 25979000000.0,
      "Total Revenue": 43649000000.0,
      "Operating Revenue": 43649000000.0
    },
    "2022-12-31T00:00:00": {
      "Tax Effect Of Unusual Items": -1034996000.0,
      "Tax Rate For Calcs": 0.353,
      "Normalized EBITDA": 15015000000.0,
      "Total Unusual Items": -2932000000.0,
      "Total Unusual Items Excluding Goodwill": -2932000000.0,
      "Net Income From Continuing Operation Net Minority Interest": 3003000000.0,
      "Reconciled Depreciation": 4317000000.0,
      "Reconciled Cost Of Revenue": 36906000000.0,
      "EBITDA": 12083000000.0,
      "EBIT": 7766000000.0,
      "Net Interest Income": -3179000000.0,
      "Interest Expense": 3224000000.0,
      "Normalized Income": 4900004000.0,
      "Net Income From Continuing And Discontinued Operation": 3003000000.0,
      "Total Expenses": 45125000000.0,
      "Total Operating Income As Reported": 5178000000.0,
      "Diluted Average Shares": 2029000000.0,
      "Basic Average Shares": 2025000000.0,
      "Diluted EPS": 1.28,
      "Basic EPS": 1.28,
      "Diluted NI Availto Com Stockholders": 2589000000.0,
      "Net Income Common Stockholders": 2589000000.0,
      "Preferred Stock Dividends": 414000000.0,
      "Net Income": 3003000000.0,
      "Minority Interests": 65000000.0,
      "Net Income Including Noncontrolling Interests": 2938000000.0,
      "Net Income Continuous Operations": 2938000000.0,
      "Tax Provision": 1604000000.0,
      "Pretax Income": 4542000000.0,
      "Other Income Expense": -463000000.0,
      "Other Non Operating Income Expenses": 413000000.0,
      "Special Income Charges": -1930000000.0,
      "Gain On Sale Of Ppe": -12000000.0,
      "Gain On Sale Of Business": 0.0,
      "Write Off": 0.0,
      "Impairment Of Capital Assets": 3006000000.0,
      "Restructuring And Mergern Acquisition": -1076000000.0,
      "Earnings From Equity Interest": 2056000000.0,
      "Gain On Sale Of Security": -1002000000.0,
      "Net Non Operating Interest Income Expense": -3179000000.0,
      "Total Other Finance Cost": -45000000.0,
      "Interest Expense Non Operating": 3224000000.0,
      "Operating Income": 8184000000.0,
      "Operating Expense": 8219000000.0,
      "Other Operating Expenses": 8219000000.0,
      "Selling General And Administration": -239000000.0,
      "General And Administrative Expense": -239000000.0,
      "Other Gand A": 8219000000.0,
      "Salaries And Wages": -239000000.0,
      "Gross Profit": 16403000000.0,
      "Cost Of Revenue": 36906000000.0,
      "Total Revenue": 53309000000.0,
      "Operating Revenue": 53309000000.0
    },
    "2021-12-31T00:00:00": {
      "Tax Effect Of Unusual Items": null,
      "Tax Rate For Calcs": null,
      "Normalized EBITDA": null,
      "Total Unusual Items": null,
      "Total Unusual Items Excluding Goodwill": null,
      "Net Income From Continuing Operation Net Minority Interest": null,
      "Reconciled Depreciation": null,
      "Reconciled Cost Of Revenue": null,
      "EBITDA": null,
      "EBIT": null,
      "Net Interest Income": null,
      "Interest Expense": null,
      "Normalized Income": null,
      "Net Income From Continuing And Discontinued Operation": null,
      "Total Expenses": null,
      "Total Operating Income As Reported": null,
      "Diluted Average Shares": null,
      "Basic Average Shares": null,
      "Diluted EPS": null,
      "Basic EPS": null,
      "Diluted NI Availto Com Stockholders": null,
      "Net Income Common Stockholders": null,
      "Preferred Stock Dividends": null,
      "Net Income": null,
      "Minority Interests": null,
      "Net Income Including Noncontrolling Interests": null,
      "Net Income Continuous Operations": null,
      "Tax Provision": null,
      "Pretax Income": null,
      "Other Income Expense": null,
      "Other Non Operating Income Expenses": null,
      "Special Income Charges": null,
      "Gain On Sale Of Ppe": 319000000.0,
      "Gain On Sale Of Business": null,
      "Write Off": 111000000.0,
      "Impairment Of Capital Assets": null,
      "Restructuring And Mergern Acquisition": 0.0,
      "Earnings From Equity Interest": null,
      "Gain On Sale Of Security": null,
      "Net Non Operating Interest Income Expense": null,
      "Total Other Finance Cost": null,
      "Interest Expense Non Operating": null,
      "Operating Income": null,
      "Operating Expense": null,
      "Other Operating Expenses": null,
      "Selling General And Administration": -150000000.0,
      "General And Administrative Expense": -150000000.0,
      "Other Gand A": 6712000000.0,
      "Salaries And Wages": -150000000.0,
      "Gross Profit": null,
      "Cost Of Revenue": null,
      "Total Revenue": null,
      "Operating Revenue": null
    }
  },
  "quarterly_income": {
    "2025-12-31T00:00:00": {
      "Tax Effect Of Unusual Items": 1323289.90228,
      "Tax Rate For Calcs": 0.132329,
      "Normalized EBITDA": 5125000000.0,
      "Total Unusual Items": 10000000.0,
      "Total Unusual Items Excluding Goodwill": 10000000.0,
      "Net Income From Continuing Operation Net Minority Interest": 2060000000.0,
      "Reconciled Depreciation": 1464000000.0,
      "Reconciled Cost Of Revenue": 11506000000.0,
      "EBITDA": 5135000000.0,
      "EBIT": 3671000000.0,
      "Net Interest Income": -1246000000.0,
      "Interest Expense": 1215000000.0,
      "Normalized Income": 2051323289.90228,
      "Net Income From Continuing And Discontinued Operation": 2060000000.0,
      "Total Expenses": 14211000000.0,
      "Total Operating Income As Reported": 2726000000.0,
      "Diluted Average Shares": null,
      "Basic Average Shares": null,
      "Diluted EPS": null,
      "Basic EPS": null,
      "Diluted NI Availto Com Stockholders": 1952000000.0,
      "Net Income Common Stockholders": 1952000000.0,
      "Preferred Stock Dividends": 108000000.0,
      "Net Income": 2060000000.0,
      "Minority Interests": -71000000.0,
      "Net Income Including Noncontrolling Interests": 2131000000.0,
      "Net Income Continuous Operations": 2131000000.0,
      "Tax Provision": 325000000.0,
      "Pretax Income": 2456000000.0,
      "Other Income Expense": 736000000.0,
      "Other Non Operating Income Expenses": 192000000.0,
      "Special Income Charges": -240000000.0,
      "Gain On Sale Of Business": 0.0,
      "Impairment Of Capital Assets": 240000000.0,
      "Earnings From Equity Interest": 534000000.0,
      "Gain On Sale Of Security": 250000000.0,
      "Net Non Operating Interest Income Expense": -1246000000.0,
      "Interest Expense Non Operating": 1215000000.0,
      "Operating Income": 2966000000.0,
      "Operating Expense": 2705000000.0,
      "Other Operating Expenses": 2705000000.0,
      "Selling General And Administration": null,
      "General And Administrative Expense": null,
      "Salaries And Wages": null,
      "Gross Profit": 5671000000.0,
      "Cost Of Revenue": 11506000000.0,
      "Total Revenue": 17177000000.0,
      "Operating Revenue": 17177000000.0
    },
    "2025-09-30T00:00:00": {
      "Tax Effect Of Unusual Items": -137360000.0,
      "Tax Rate For Calcs": 0.272,
      "Normalized EBITDA": 4328000000.0,
      "Total Unusual Items": -505000000.0,
      "Total Unusual Items Excluding Goodwill": -505000000.0,
      "Net Income From Continuing Operation Net Minority Interest": 788000000.0,
      "Reconciled Depreciation": 1398000000.0,
      "Reconciled Cost Of Revenue": 9885000000.0,
      "EBITDA": 3823000000.0,
      "EBIT": 2425000000.0,
      "Net Interest Income": -1262000000.0,
      "Interest Expense": 1262000000.0,
      "Normalized Income": 1155640000.0,
      "Net Income From Continuing And Discontinued Operation": 788000000.0,
      "Total Expenses": 12368000000.0,
      "Total Operating Income As Reported": 2271000000.0,
      "Diluted Average Shares": 2187000000.0,
      "Basic Average Shares": 2181000000.0,
      "Diluted EPS": 0.3,
      "Basic EPS": 0.3,
      "Diluted NI Availto Com Stockholders": 682000000.0,
      "Net Income Common Stockholders": 682000000.0,
      "Preferred Stock Dividends": 106000000.0,
      "Net Income": 788000000.0,
      "Minority Interests": -59000000.0,
      "Net Income Including Noncontrolling Interests": 847000000.0,
      "Net Income Continuous Operations": 847000000.0,
      "Tax Provision": 316000000.0,
      "Pretax Income": 1163000000.0,
      "Other Income Expense": 154000000.0,
      "Other Non Operating Income Expenses": 208000000.0,
      "Special Income Charges": 0.0,
      "Gain On Sale Of Business": 0.0,
      "Impairment Of Capital Assets": 0.0,
      "Earnings From Equity Interest": 451000000.0,
      "Gain On Sale Of Security": -505000000.0,
      "Net Non Operating Interest Income Expense": -1262000000.0,
      "Interest Expense Non Operating": 1262000000.0,
      "Operating Income": 2271000000.0,
      "Operating Expense": 2483000000.0,
      "Other Operating Expenses": 2483000000.0,
      "Selling General And Administration": null,
      "General And Administrative Expense": null,
      "Salaries And Wages": null,
      "Gross Profit": 4754000000.0,
      "Cost Of Revenue": 9885000000.0,
      "Total Revenue": 14639000000.0,
      "Operating Revenue": 14639000000.0
    },
    "2025-06-30T00:00:00": {
      "Tax Effect Of Unusual Items": 169480000.0,
      "Tax Rate For Calcs": 0.223,
      "Normalized EBITDA": 4799000000.0,
      "Total Unusual Items": 760000000.0,
      "Total Unusual Items Excluding Goodwill": 760000000.0,
      "Net Income From Continuing Operation Net Minority Interest": 2279000000.0,
      "Reconciled Depreciation": 1391000000.0,
      "Reconciled Cost Of Revenue": 9947000000.0,
      "EBITDA": 5559000000.0,
      "EBIT": 4168000000.0,
      "Net Interest Income": -1181000000.0,
      "Interest Expense": 1181000000.0,
      "Normalized Income": 1688480000.0,
      "Net Income From Continuing And Discontinued Operation": 2279000000.0,
      "Total Expenses": 12257000000.0,
      "Total Operating Income As Reported": 2289000000.0,
      "Diluted Average Shares": 2186000000.0,
      "Basic Average Shares": 2180000000.0,
      "Diluted EPS": 1.0,
      "Basic EPS": 1.0,
      "Diluted NI Availto Com Stockholders": 2177000000.0,
      "Net Income Common Stockholders": 2177000000.0,
      "Preferred Stock Dividends": 102000000.0,
      "Net Income": 2279000000.0,
      "Minority Interests": -42000000.0,
      "Net Income Including Noncontrolling Interests": 2321000000.0,
      "Net Income Continuous Operations": 2321000000.0,
      "Tax Provision": 666000000.0,
      "Pretax Income": 2987000000.0,
      "Other Income Expense": 1549000000.0,
      "Other Non Operating Income Expenses": 279000000.0,
      "Special Income Charges": -330000000.0,
      "Gain On Sale Of Business": 0.0,
      "Impairment Of Capital Assets": 330000000.0,
      "Earnings From Equity Interest": 510000000.0,
      "Gain On Sale Of Security": 1090000000.0,
      "Net Non Operating Interest Income Expense": -1181000000.0,
      "Interest Expense Non Operating": 1181000000.0,
      "Operating Income": 2619000000.0,
      "Operating Expense": 2310000000.0,
      "Other Operating Expenses": 2310000000.0,
      "Selling General And Administration": null,
      "General And Administrative Expense": null,
      "Salaries And Wages": null,
      "Gross Profit": 4929000000.0,
      "Cost Of Revenue": 9947000000.0,
      "Total Revenue": 14876000000.0,
      "Operating Revenue": 14876000000.0
    },
    "2025-03-31T00:00:00": {
      "Tax Effect Of Unusual Items": -27813000.0,
      "Tax Rate For Calcs": 0.219,
      "Normalized EBITDA": 6056000000.0,
      "Total Unusual Items": -127000000.0,
      "Total Unusual Items Excluding Goodwill": -127000000.0,
      "Net Income From Continuing Operation Net Minority Interest": 2364000000.0,
      "Reconciled Depreciation": 1408000000.0,
      "Reconciled Cost Of Revenue": 12359000000.0,
      "EBITDA": 5929000000.0,
      "EBIT": 4521000000.0,
      "Net Interest Income": -1334000000.0,
      "Interest Expense": 1334000000.0,
      "Normalized Income": 2463187000.0,
      "Net Income From Continuing And Discontinued Operation": 2364000000.0,
      "Total Expenses": 14830000000.0,
      "Total Operating Income As Reported": 3672000000.0,
      "Diluted Average Shares": 2185000000.0,
      "Basic Average Shares": 2179000000.0,
      "Diluted EPS": 1.03,
      "Basic EPS": 1.04,
      "Diluted NI Availto Com Stockholders": 2261000000.0,
      "Net Income Common Stockholders": 2261000000.0,
      "Preferred Stock Dividends": 103000000.0,
      "Net Income": 2364000000.0,
      "Minority Interests": -126000000.0,
      "Net Income Including Noncontrolling Interests": 2490000000.0,
      "Net Income Continuous Operations": 2490000000.0,
      "Tax Provision": 697000000.0,
      "Pretax Income": 3187000000.0,
      "Other Income Expense": 849000000.0,
      "Other Non Operating Income Expenses": 247000000.0,
      "Special Income Charges": null,
      "Gain On Sale Of Business": null,
      "Impairment Of Capital Assets": null,
      "Earnings From Equity Interest": 729000000.0,
      "Gain On Sale Of Security": -127000000.0,
      "Net Non Operating Interest Income Expense": -1334000000.0,
      "Interest Expense Non Operating": 1334000000.0,
      "Operating Income": 3672000000.0,
      "Operating Expense": 2471000000.0,
      "Other Operating Expenses": 2471000000.0,
      "Selling General And Administration": null,
      "General And Administrative Expense": null,
      "Salaries And Wages": null,
      "Gross Profit": 6143000000.0,
      "Cost Of Revenue": 12359000000.0,
      "Total Revenue": 18502000000.0,
      "Operating Revenue": 18502000000.0
    },
    "2024-12-31T00:00:00": {
      "Tax Effect Of Unusual Items": -416833922.261484,
      "Tax Rate For Calcs": 0.272085,
      "Normalized EBITDA": 4865000000.0,
      "Total Unusual Items": -1532000000.0,
      "Total Unusual Items Excluding Goodwill": -1532000000.0,
      "Net Income From Continuing Operation Net Minority Interest": 595000000.0,
      "Reconciled Depreciation": 1384000000.0,
      "Reconciled Cost Of Revenue": 10876000000.0,
      "EBITDA": 3333000000.0,
      "EBIT": 1949000000.0,
      "Net Interest Income": -1118000000.0,
      "Interest Expense": 1100000000.0,
      "Normalized Income": 1710166077.738516,
      "Net Income From Continuing And Discontinued Operation": 595000000.0,
      "Total Expenses": 13580000000.0,
      "Total Operating Income As Reported": 2447000000.0,
      "Diluted Average Shares": null,
      "Basic Average Shares": null,
      "Diluted EPS": null,
      "Basic EPS": null,
      "Diluted NI Availto Com Stockholders": 493000000.0,
      "Net Income Common Stockholders": 493000000.0,
      "Preferred Stock Dividends": 102000000.0,
      "Net Income": 595000000.0,
      "Minority Interests": -23000000.0,
      "Net Income Including Noncontrolling Interests": 618000000.0,
      "Net Income Continuous Operations": 618000000.0,
      "Tax Provision": 231000000.0,
      "Pretax Income": 849000000.0,
      "Other Income Expense": -670000000.0,
      "Other Non Operating Income Expenses": 222000000.0,
      "Special Income Charges": -190000000.0,
      "Gain On Sale Of Business": 0.0,
      "Impairment Of Capital Assets": null,
      "Earnings From Equity Interest": 640000000.0,
      "Gain On Sale Of Security": -1342000000.0,
      "Net Non Operating Interest Income Expense": -1118000000.0,
      "Interest Expense Non Operating": 1100000000.0,
      "Operating Income": 2637000000.0,
      "Operating Expense": 2704000000.0,
      "Other Operating Expenses": 2704000000.0,
      "Selling General And Administration": null,
      "General And Administrative Expense": null,
      "Salaries And Wages": null,
      "Gross Profit": 5341000000.0,
      "Cost Of Revenue": 10876000000.0,
      "Total Revenue": 16217000000.0,
      "Operating Revenue": 16217000000.0
    },
    "2024-09-30T00:00:00": {
      "Tax Effect Of Unusual Items": null,
      "Tax Rate For Calcs": null,
      "Normalized EBITDA": null,
      "Total Unusual Items": null,
      "Total Unusual Items Excluding Goodwill": null,
      "Net Income From Continuing Operation Net Minority Interest": null,
      "Reconciled Depreciation": null,
      "Reconciled Cost Of Revenue": null,
      "EBITDA": null,
      "EBIT": null,
      "Net Interest Income": null,
      "Interest Expense": null,
      "Normalized Income": null,
      "Net Income From Continuing And Discontinued Operation": null,
      "Total Expenses": null,
      "Total Operating Income As Reported": null,
      "Diluted Average Shares": 2180000000.0,
      "Basic Average Shares": 2177000000.0,
      "Diluted EPS": 0.59,
      "Basic EPS": 0.59,
      "Diluted NI Availto Com Stockholders": null,
      "Net Income Common Stockholders": null,
      "Preferred Stock Dividends": null,
      "Net Income": null,
      "Minority Interests": null,
      "Net Income Including Noncontrolling Interests": null,
      "Net Income Continuous Operations": null,
      "Tax Provision": null,
      "Pretax Income": null,
      "Other Income Expense": null,
      "Other Non Operating Income Expenses": null,
      "Special Income Charges": 0.0,
      "Gain On Sale Of Business": 0.0,
      "Impairment Of Capital Assets": 0.0,
      "Earnings From Equity Interest": null,
      "Gain On Sale Of Security": null,
      "Net Non Operating Interest Income Expense": null,
      "Interest Expense Non Operating": null,
      "Operating Income": null,
      "Operating Expense": null,
      "Other Operating Expenses": null,
      "Selling General And Administration": null,
      "General And Administrative Expense": null,
      "Salaries And Wages": null,
      "Gross Profit": null,
      "Cost Of Revenue": null,
      "Total Revenue": null,
      "Operating Revenue": null
    },
    "2024-06-30T00:00:00": {
      "Tax Effect Of Unusual Items": null,
      "Tax Rate For Calcs": null,
      "Normalized EBITDA": null,
      "Total Unusual Items": null,
      "Total Unusual Items Excluding Goodwill": null,
      "Net Income From Continuing Operation Net Minority Interest": null,
      "Reconciled Depreciation": null,
      "Reconciled Cost Of Revenue": null,
      "EBITDA": null,
      "EBIT": null,
      "Net Interest Income": null,
      "Interest Expense": null,
      "Normalized Income": null,
      "Net Income From Continuing And Discontinued Operation": null,
      "Total Expenses": null,
      "Total Operating Income As Reported": null,
      "Diluted Average Shares": 2139000000.0,
      "Basic Average Shares": 2137000000.0,
      "Diluted EPS": 0.86,
      "Basic EPS": 0.86,
      "Diluted NI Availto Com Stockholders": null,
      "Net Income Common Stockholders": null,
      "Preferred Stock Dividends": null,
      "Net Income": null,
      "Minority Interests": null,
      "Net Income Including Noncontrolling Interests": null,
      "Net Income Continuous Operations": null,
      "Tax Provision": null,
      "Pretax Income": null,
      "Other Income Expense": null,
      "Other Non Operating Income Expenses": null,
      "Special Income Charges": null,
      "Gain On Sale Of Business": null,
      "Impairment Of Capital Assets": 0.0,
      "Earnings From Equity Interest": null,
      "Gain On Sale Of Security": null,
      "Net Non Operating Interest Income Expense": null,
      "Interest Expense Non Operating": null,
      "Operating Income": null,
      "Operating Expense": null,
      "Other Operating Expenses": null,
      "Selling General And Administration": -48000000.0,
      "General And Administrative Expense": -48000000.0,
      "Salaries And Wages": -48000000.0,
      "Gross Profit": null,
      "Cost Of Revenue": null,
      "Total Revenue": null,
      "Operating Revenue": null
    }
  },
  "balance_sheet": {
    "2025-12-31T00:00:00": {
      "Treasury Shares Number": null,
      "Preferred Shares Number": 277000000.0,
      "Ordinary Shares Number": 2182000000.0,
      "Share Issued": 2182000000.0,
      "Net Debt": 104158000000.0,
      "Total Debt": 105252000000.0,
      "Tangible Book Value": 16224000000.0,
      "Invested Capital": 160767000000.0,
      "Working Capital": -7809000000.0,
      "Net Tangible Assets": 23042000000.0,
      "Common Stock Equity": 55515000000.0,
      "Preferred Stock Equity": 6818000000.0,
      "Total Capitalization": 161296000000.0,
      "Total Equity Gross Minority Interest": 65188000000.0,
      "Minority Interest": 2855000000.0,
      "Stockholders Equity": 62333000000.0,
      "Gains Losses Not Affecting Retained Earnings": 4681000000.0,
      "Other Equity Adjustments": 4681000000.0,
      "Retained Earnings": -21284000000.0,
      "Additional Paid In Capital": 242000000.0,
      "Capital Stock": 78694000000.0,
      "Common Stock": 71876000000.0,
      "Preferred Stock": 6818000000.0,
      "Total Liabilities Net Minority Interest": 153287000000.0,
      "Total Non Current Liabilities Net Minority Interest": 132283000000.0,
      "Other Non Current Liabilities": 12302000000.0,
      "Preferred Securities Outside Stock Equity": 736000000.0,
      "Non Current Deferred Liabilities": 20282000000.0,
      "Non Current Deferred Taxes Liabilities": 20282000000.0,
      "Long Term Debt And Capital Lease Obligation": 98963000000.0,
      "Long Term Debt": 98963000000.0,
      "Current Liabilities": 21004000000.0,
      "Other Current Liabilities": 1568000000.0,
      "Current Deferred Liabilities": 1214000000.0,
      "Current Deferred Revenue": 1214000000.0,
      "Current Debt And Capital Lease Obligation": 6289000000.0,
      "Current Debt": 6289000000.0,
      "Other Current Borrowings": 6289000000.0,
      "Current Provisions": 113000000.0,
      "Payables And Accrued Expenses": 11820000000.0,
      "Current Accrued Expenses": 1176000000.0,
      "Interest Payable": 1176000000.0,
      "Payables": 10644000000.0,
      "Other Payable": null,
      "Dueto Related Parties Current": 38000000.0,
      "Dividends Payable": 2150000000.0,
      "Total Tax Payable": 901000000.0,
      "Accounts Payable": 7555000000.0,
      "Total Assets": 218475000000.0,
      "Total Non Current Assets": 205296000000.0,
      "Other Non Current Assets": 12442000000.0,
      "Non Current Deferred Assets": 701000000.0,
      "Non Current Deferred Taxes Assets": 701000000.0,
      "Investments And Advances": 21264000000.0,
      "Other Investments": null,
      "Investmentin Financial Assets": null,
      "Available For Sale Securities": null,
      "Long Term Equity Investment": null,
      "Investmentsin Joint Venturesat Cost": null,
      "Investments In Other Ventures Under Equity Method": null,
      "Investmentsin Associatesat Cost": null,
      "Investmentsin Subsidiariesat Cost": null,
      "Goodwill And Other Intangible Assets": 39291000000.0,
      "Other Intangible Assets": 3991000000.0,
      "Goodwill": 35300000000.0,
      "Net PPE": 131598000000.0,
      "Accumulated Depreciation": -41140000000.0,
      "Gross PPE": 172738000000.0,
      "Construction In Progress": 7240000000.0,
      "Other Properties": 117067000000.0,
      "Machinery Furniture Equipment": 44101000000.0,
      "Land And Improvements": 4330000000.0,
      "Properties": null,
      "Current Assets": 13195000000.0,
      "Other Current Assets": 2293000000.0,
      "Hedging Assets Current": 591000000.0,
      "Restricted Cash": 83000000.0,
      "Inventory": 1621000000.0,
      "Other Inventories": 172000000.0,
      "Finished Goods": 1449000000.0,
      "Raw Materials": null,
      "Receivables": 7513000000.0,
      "Receivables Adjustments Allowances": null,
      "Other Receivables": null,
      "Duefrom Related Parties Current": 86000000.0,
      "Taxes Receivable": 346000000.0,
      "Accounts Receivable": 7081000000.0,
      "Cash Cash Equivalents And Short Term Investments": 1094000000.0,
      "Cash And Cash Equivalents": 1094000000.0
    },
    "2024-12-31T00:00:00": {
      "Treasury Shares Number": null,
      "Preferred Shares Number": 277000000.0,
      "Ordinary Shares Number": 2177956195.0,
      "Share Issued": 2177956195.0,
      "Net Debt": 100041000000.0,
      "Total Debt": 101844000000.0,
      "Tangible Book Value": 17895000000.0,
      "Invested Capital": 160926000000.0,
      "Working Capital": -10649000000.0,
      "Net Tangible Assets": 24713000000.0,
      "Common Stock Equity": 59082000000.0,
      "Preferred Stock Equity": 6818000000.0,
      "Total Capitalization": 159314000000.0,
      "Total Equity Gross Minority Interest": 68893000000.0,
      "Minority Interest": 2993000000.0,
      "Stockholders Equity": 65900000000.0,
      "Gains Losses Not Affecting Retained Earnings": 7115000000.0,
      "Other Equity Adjustments": 7115000000.0,
      "Retained Earnings": -20046000000.0,
      "Additional Paid In Capital": 275000000.0,
      "Capital Stock": 78556000000.0,
      "Common Stock": 71738000000.0,
      "Preferred Stock": 6818000000.0,
      "Total Liabilities Net Minority Interest": 150080000000.0,
      "Total Non Current Liabilities Net Minority Interest": 126268000000.0,
      "Other Non Current Liabilities": 13258000000.0,
      "Preferred Securities Outside Stock Equity": 0.0,
      "Non Current Deferred Liabilities": 19596000000.0,
      "Non Current Deferred Taxes Liabilities": 19596000000.0,
      "Long Term Debt And Capital Lease Obligation": 93414000000.0,
      "Long Term Debt": 93414000000.0,
      "Current Liabilities": 23812000000.0,
      "Other Current Liabilities": 2830000000.0,
      "Current Deferred Liabilities": 1072000000.0,
      "Current Deferred Revenue": 1072000000.0,
      "Current Debt And Capital Lease Obligation": 8430000000.0,
      "Current Debt": 8430000000.0,
      "Other Current Borrowings": 8430000000.0,
      "Current Provisions": 120000000.0,
      "Payables And Accrued Expenses": 11360000000.0,
      "Current Accrued Expenses": 1231000000.0,
      "Interest Payable": 1231000000.0,
      "Payables": 10129000000.0,
      "Other Payable": null,
      "Dueto Related Parties Current": 22000000.0,
      "Dividends Payable": 2088000000.0,
      "Total Tax Payable": 959000000.0,
      "Accounts Payable": 7060000000.0,
      "Total Assets": 218973000000.0,
      "Total Non Current Assets": 205810000000.0,
      "Other Non Current Assets": 12032000000.0,
      "Non Current Deferred Assets": 796000000.0,
      "Non Current Deferred Taxes Assets": 796000000.0,
      "Investments And Advances": 20691000000.0,
      "Other Investments": null,
      "Investmentin Financial Assets": null,
      "Available For Sale Securities": null,
      "Long Term Equity Investment": null,
      "Investmentsin Joint Venturesat Cost": null,
      "Investments In Other Ventures Under Equity Method": null,
      "Investmentsin Associatesat Cost": null,
      "Investmentsin Subsidiariesat Cost": null,
      "Goodwill And Other Intangible Assets": 41187000000.0,
      "Other Intangible Assets": 4587000000.0,
      "Goodwill": 36600000000.0,
      "Net PPE": 131104000000.0,
      "Accumulated Depreciation": -37962000000.0,
      "Gross PPE": 169066000000.0,
      "Construction In Progress": 5648000000.0,
      "Other Properties": 115798000000.0,
      "Machinery Furniture Equipment": 43439000000.0,
      "Land And Improvements": 4181000000.0,
      "Properties": null,
      "Current Assets": 13163000000.0,
      "Other Current Assets": 1838000000.0,
      "Hedging Assets Current": 557000000.0,
      "Restricted Cash": 92000000.0,
      "Inventory": 1488000000.0,
      "Other Inventories": 198000000.0,
      "Finished Goods": 1290000000.0,
      "Raw Materials": null,
      "Receivables": 7385000000.0,
      "Receivables Adjustments Allowances": null,
      "Other Receivables": null,
      "Duefrom Related Parties Current": 90000000.0,
      "Taxes Receivable": 375000000.0,
      "Accounts Receivable": 6920000000.0,
      "Cash Cash Equivalents And Short Term Investments": 1803000000.0,
      "Cash And Cash Equivalents": 1803000000.0
    },
    "2023-12-31T00:00:00": {
      "Treasury Shares Number": 0.0,
      "Preferred Shares Number": 277000000.0,
      "Ordinary Shares Number": 2125574412.0,
      "Share Issued": 2125574412.0,
      "Net Debt": 75298000000.0,
      "Total Debt": 81199000000.0,
      "Tangible Book Value": 19251000000.0,
      "Invested Capital": 135835000000.0,
      "Working Capital": -3036000000.0,
      "Net Tangible Assets": 26069000000.0,
      "Common Stock Equity": 54636000000.0,
      "Preferred Stock Equity": 6818000000.0,
      "Total Capitalization": 136169000000.0,
      "Total Equity Gross Minority Interest": 64483000000.0,
      "Minority Interest": 3029000000.0,
      "Stockholders Equity": 61454000000.0,
      "Gains Losses Not Affecting Retained Earnings": 2303000000.0,
      "Other Equity Adjustments": 2303000000.0,
      "Retained Earnings": -17115000000.0,
      "Additional Paid In Capital": 268000000.0,
      "Capital Stock": 75998000000.0,
      "Common Stock": 69180000000.0,
      "Preferred Stock": 6818000000.0,
      "Total Liabilities Net Minority Interest": 115834000000.0,
      "Total Non Current Liabilities Net Minority Interest": 98399000000.0,
      "Other Non Current Liabilities": 8653000000.0,
      "Preferred Securities Outside Stock Equity": null,
      "Non Current Deferred Liabilities": 15031000000.0,
      "Non Current Deferred Taxes Liabilities": 15031000000.0,
      "Long Term Debt And Capital Lease Obligation": 74715000000.0,
      "Long Term Debt": 74715000000.0,
      "Current Liabilities": 17435000000.0,
      "Other Current Liabilities": 1775000000.0,
      "Current Deferred Liabilities": 1177000000.0,
      "Current Deferred Revenue": 1177000000.0,
      "Current Debt And Capital Lease Obligation": 6484000000.0,
      "Current Debt": 6484000000.0,
      "Other Current Borrowings": 6484000000.0,
      "Current Provisions": 136000000.0,
      "Payables And Accrued Expenses": 7863000000.0,
      "Current Accrued Expenses": 958000000.0,
      "Interest Payable": 958000000.0,
      "Payables": 6905000000.0,
      "Other Payable": null,
      "Dueto Related Parties Current": 26000000.0,
      "Dividends Payable": 1975000000.0,
      "Total Tax Payable": 596000000.0,
      "Accounts Payable": 4308000000.0,
      "Total Assets": 180317000000.0,
      "Total Non Current Assets": 165918000000.0,
      "Other Non Current Assets": 8758000000.0,
      "Non Current Deferred Assets": 341000000.0,
      "Non Current Deferred Taxes Assets": 341000000.0,
      "Investments And Advances": 16793000000.0,
      "Other Investments": 173000000.0,
      "Investmentin Financial Assets": 430000000.0,
      "Available For Sale Securities": 430000000.0,
      "Long Term Equity Investment": 16190000000.0,
      "Investmentsin Joint Venturesat Cost": 217000000.0,
      "Investments In Other Ventures Under Equity Method": 110000000.0,
      "Investmentsin Associatesat Cost": 11731000000.0,
      "Investmentsin Subsidiariesat Cost": 4132000000.0,
      "Goodwill And Other Intangible Assets": 35385000000.0,
      "Other Intangible Assets": 3537000000.0,
      "Goodwill": 31848000000.0,
      "Net PPE": 104641000000.0,
      "Accumulated Depreciation": -32558000000.0,
      "Gross PPE": 137199000000.0,
      "Construction In Progress": 2829000000.0,
      "Other Properties": 93136000000.0,
      "Machinery Furniture Equipment": 37634000000.0,
      "Land And Improvements": 3600000000.0,
      "Properties": null,
      "Current Assets": 14399000000.0,
      "Other Current Assets": 1470000000.0,
      "Hedging Assets Current": 623000000.0,
      "Restricted Cash": 84000000.0,
      "Inventory": 1479000000.0,
      "Other Inventories": 128000000.0,
      "Finished Goods": 1351000000.0,
      "Raw Materials": null,
      "Receivables": 4842000000.0,
      "Receivables Adjustments Allowances": null,
      "Other Receivables": null,
      "Duefrom Related Parties Current": 85000000.0,
      "Taxes Receivable": 347000000.0,
      "Accounts Receivable": 4410000000.0,
      "Cash Cash Equivalents And Short Term Investments": 5901000000.0,
      "Cash And Cash Equivalents": 5901000000.0
    },
    "2022-12-31T00:00:00": {
      "Treasury Shares Number": null,
      "Preferred Shares Number": 277000000.0,
      "Ordinary Shares Number": 2025000000.0,
      "Share Issued": 2025000000.0,
      "Net Debt": 80119000000.0,
      "Total Debt": 80980000000.0,
      "Tangible Book Value": 16611000000.0,
      "Invested Capital": 134049000000.0,
      "Working Capital": -8154000000.0,
      "Net Tangible Assets": 23429000000.0,
      "Common Stock Equity": 53069000000.0,
      "Preferred Stock Equity": 6818000000.0,
      "Total Capitalization": 132826000000.0,
      "Total Equity Gross Minority Interest": 63398000000.0,
      "Minority Interest": 3511000000.0,
      "Stockholders Equity": 59887000000.0,
      "Gains Losses Not Affecting Retained Earnings": 3520000000.0,
      "Other Equity Adjustments": 3520000000.0,
      "Retained Earnings": -15486000000.0,
      "Additional Paid In Capital": 275000000.0,
      "Capital Stock": 71578000000.0,
      "Common Stock": 64760000000.0,
      "Preferred Stock": 6818000000.0,
      "Total Liabilities Net Minority Interest": 116210000000.0,
      "Total Non Current Liabilities Net Minority Interest": 95909000000.0,
      "Other Non Current Liabilities": 9189000000.0,
      "Preferred Securities Outside Stock Equity": null,
      "Non Current Deferred Liabilities": 13781000000.0,
      "Non Current Deferred Taxes Liabilities": 13781000000.0,
      "Long Term Debt And Capital Lease Obligation": 72939000000.0,
      "Long Term Debt": 72939000000.0,
      "Current Liabilities": 20301000000.0,
      "Other Current Liabilities": 1656000000.0,
      "Current Deferred Liabilities": 1056000000.0,
      "Current Deferred Revenue": 1056000000.0,
      "Current Debt And Capital Lease Obligation": 8041000000.0,
      "Current Debt": 8041000000.0,
      "Other Current Borrowings": 8041000000.0,
      "Current Provisions": null,
      "Payables And Accrued Expenses": 9548000000.0,
      "Current Accrued Expenses": 763000000.0,
      "Interest Payable": 763000000.0,
      "Payables": 8785000000.0,
      "Other Payable": 1695000000.0,
      "Dueto Related Parties Current": 105000000.0,
      "Dividends Payable": 1825000000.0,
      "Total Tax Payable": 683000000.0,
      "Accounts Payable": 6172000000.0,
      "Total Assets": 179608000000.0,
      "Total Non Current Assets": 167461000000.0,
      "Other Non Current Assets": 10135000000.0,
      "Non Current Deferred Assets": 472000000.0,
      "Non Current Deferred Taxes Assets": 472000000.0,
      "Investments And Advances": 15936000000.0,
      "Other Investments": 101000000.0,
      "Investmentin Financial Assets": 488000000.0,
      "Available For Sale Securities": 488000000.0,
      "Long Term Equity Investment": 15347000000.0,
      "Investmentsin Joint Venturesat Cost": 314000000.0,
      "Investments In Other Ventures Under Equity Method": 107000000.0,
      "Investmentsin Associatesat Cost": 10710000000.0,
      "Investmentsin Subsidiariesat Cost": 4216000000.0,
      "Goodwill And Other Intangible Assets": 36458000000.0,
      "Other Intangible Assets": 4018000000.0,
      "Goodwill": 32440000000.0,
      "Net PPE": 104460000000.0,
      "Accumulated Depreciation": -29540000000.0,
      "Gross PPE": 134000000000.0,
      "Construction In Progress": 2316000000.0,
      "Other Properties": 91019000000.0,
      "Machinery Furniture Equipment": 37028000000.0,
      "Land And Improvements": 3637000000.0,
      "Properties": null,
      "Current Assets": 12147000000.0,
      "Other Current Assets": 1917000000.0,
      "Hedging Assets Current": 1015000000.0,
      "Restricted Cash": 46000000.0,
      "Inventory": 2255000000.0,
      "Other Inventories": 112000000.0,
      "Finished Goods": 2143000000.0,
      "Raw Materials": null,
      "Receivables": 6053000000.0,
      "Receivables Adjustments Allowances": -92000000.0,
      "Other Receivables": 1313000000.0,
      "Duefrom Related Parties Current": 114000000.0,
      "Taxes Receivable": 323000000.0,
      "Accounts Receivable": 5616000000.0,
      "Cash Cash Equivalents And Short Term Investments": 861000000.0,
      "Cash And Cash Equivalents": 861000000.0
    },
    "2021-12-31T00:00:00": {
      "Treasury Shares Number": null,
      "Preferred Shares Number": null,
      "Ordinary Shares Number": null,
      "Share Issued": null,
      "Net Debt": null,
      "Total Debt": null,
      "Tangible Book Value": null,
      "Invested Capital": null,
      "Working Capital": null,
      "Net Tangible Assets": null,
      "Common Stock Equity": null,
      "Preferred Stock Equity": null,
      "Total Capitalization": null,
      "Total Equity Gross Minority Interest": null,
      "Minority Interest": null,
      "Stockholders Equity": null,
      "Gains Losses Not Affecting Retained Earnings": null,
      "Other Equity Adjustments": null,
      "Retained Earnings": null,
      "Additional Paid In Capital": null,
      "Capital Stock": null,
      "Common Stock": null,
      "Preferred Stock": null,
      "Total Liabilities Net Minority Interest": null,
      "Total Non Current Liabilities Net Minority Interest": null,
      "Other Non Current Liabilities": null,
      "Preferred Securities Outside Stock Equity": null,
      "Non Current Deferred Liabilities": null,
      "Non Current Deferred Taxes Liabilities": null,
      "Long Term Debt And Capital Lease Obligation": null,
      "Long Term Debt": null,
      "Current Liabilities": null,
      "Other Current Liabilities": null,
      "Current Deferred Liabilities": null,
      "Current Deferred Revenue": null,
      "Current Debt And Capital Lease Obligation": null,
      "Current Debt": null,
      "Other Current Borrowings": null,
      "Current Provisions": null,
      "Payables And Accrued Expenses": null,
      "Current Accrued Expenses": null,
      "Interest Payable": null,
      "Payables": null,
      "Other Payable": 844000000.0,
      "Dueto Related Parties Current": null,
      "Dividends Payable": null,
      "Total Tax Payable": null,
      "Accounts Payable": null,
      "Total Assets": null,
      "Total Non Current Assets": null,
      "Other Non Current Assets": null,
      "Non Current Deferred Assets": null,
      "Non Current Deferred Taxes Assets": null,
      "Investments And Advances": null,
      "Other Investments": 52000000.0,
      "Investmentin Financial Assets": 290000000.0,
      "Available For Sale Securities": 290000000.0,
      "Long Term Equity Investment": 12982000000.0,
      "Investmentsin Joint Venturesat Cost": 309000000.0,
      "Investments In Other Ventures Under Equity Method": 106000000.0,
      "Investmentsin Associatesat Cost": 9472000000.0,
      "Investmentsin Subsidiariesat Cost": 3095000000.0,
      "Goodwill And Other Intangible Assets": null,
      "Other Intangible Assets": null,
      "Goodwill": null,
      "Net PPE": null,
      "Accumulated Depreciation": null,
      "Gross PPE": null,
      "Construction In Progress": null,
      "Other Properties": null,
      "Machinery Furniture Equipment": null,
      "Land And Improvements": null,
      "Properties": 86121000000.0,
      "Current Assets": null,
      "Other Current Assets": null,
      "Hedging Assets Current": null,
      "Restricted Cash": null,
      "Inventory": null,
      "Other Inventories": null,
      "Finished Goods": null,
      "Raw Materials": 1577000000.0,
      "Receivables": null,
      "Receivables Adjustments Allowances": -87000000.0,
      "Other Receivables": 710000000.0,
      "Duefrom Related Parties Current": null,
      "Taxes Receivable": null,
      "Accounts Receivable": null,
      "Cash Cash Equivalents And Short Term Investments": null,
      "Cash And Cash Equivalents": null
    }
  },
  "cashflow": {
    "2025-12-31T00:00:00": {
      "Free Cash Flow": 3105000000.0,
      "Repurchase Of Capital Stock": 0.0,
      "Repayment Of Debt": -6849000000.0,
      "Issuance Of Debt": 10997000000.0,
      "Issuance Of Capital Stock": 28000000.0,
      "Capital Expenditure": -9165000000.0,
      "Interest Paid Supplemental Data": 4924000000.0,
      "Income Tax Paid Supplemental Data": 1207000000.0,
      "End Cash Position": 1320000000.0,
      "Beginning Cash Position": 2000000000.0,
      "Effect Of Exchange Rate Changes": -47000000.0,
      "Changes In Cash": -633000000.0,
      "Financing Cash Flow": -2400000000.0,
      "Cash Flow From Continuing Financing Activities": -2400000000.0,
      "Net Other Financing Charges": 266000000.0,
      "Cash Dividends Paid": -8639000000.0,
      "Preferred Stock Dividend Paid": -419000000.0,
      "Common Stock Dividend Paid": -8220000000.0,
      "Net Preferred Stock Issuance": null,
      "Preferred Stock Payments": null,
      "Net Common Stock Issuance": 28000000.0,
      "Common Stock Payments": 0.0,
      "Common Stock Issuance": 28000000.0,
      "Net Issuance Payments Of Debt": 5945000000.0,
      "Net Short Term Debt Issuance": 1797000000.0,
      "Short Term Debt Issuance": null,
      "Net Long Term Debt Issuance": 4148000000.0,
      "Long Term Debt Payments": -6849000000.0,
      "Long Term Debt Issuance": 10997000000.0,
      "Investing Cash Flow": -10503000000.0,
      "Cash Flow From Continuing Investing Activities": -10503000000.0,
      "Net Other Investing Changes": -46000000.0,
      "Dividends Received Cfi": 681000000.0,
      "Net Investment Purchase And Sale": -2322000000.0,
      "Purchase Of Investment": null,
      "Net Business Purchase And Sale": 349000000.0,
      "Sale Of Business": 349000000.0,
      "Purchase Of Business": 0.0,
      "Net Intangibles Purchase And Sale": -192000000.0,
      "Purchase Of Intangibles": -192000000.0,
      "Capital Expenditure Reported": -8973000000.0,
      "Operating Cash Flow": 12270000000.0,
      "Cash Flow From Continuing Operating Activities": 12270000000.0,
      "Dividend Received Cfo": 2066000000.0,
      "Change In Working Capital": -1405000000.0,
      "Change In Other Working Capital": null,
      "Change In Other Current Liabilities": -960000000.0,
      "Change In Other Current Assets": -89000000.0,
      "Change In Payables And Accrued Expense": 329000000.0,
      "Change In Accrued Expense": -54000000.0,
      "Change In Interest Payable": -54000000.0,
      "Change In Payable": 383000000.0,
      "Change In Account Payable": 383000000.0,
      "Change In Inventory": -166000000.0,
      "Change In Receivables": -519000000.0,
      "Changes In Account Receivables": -519000000.0,
      "Other Non Cash Items": 122000000.0,
      "Asset Impairment Charge": 570000000.0,
      "Deferred Tax": 1025000000.0,
      "Deferred Income Tax": 1025000000.0,
      "Depreciation Amortization Depletion": 5661000000.0,
      "Depreciation And Amortization": 5661000000.0,
      "Operating Gains Losses": -3558000000.0,
      "Earnings Losses From Equity Investments": -2224000000.0,
      "Gain Loss On Investment Securities": -1334000000.0,
      "Gain Loss On Sale Of Business": 0.0,
      "Net Income From Continuing Operations": 7789000000.0
    },
    "2024-12-31T00:00:00": {
      "Free Cash Flow": 5670000000.0,
      "Repurchase Of Capital Stock": 0.0,
      "Repayment Of Debt": -6633000000.0,
      "Issuance Of Debt": 9645000000.0,
      "Issuance Of Capital Stock": 2485000000.0,
      "Capital Expenditure": -6930000000.0,
      "Interest Paid Supplemental Data": 4134000000.0,
      "Income Tax Paid Supplemental Data": 861000000.0,
      "End Cash Position": 2000000000.0,
      "Beginning Cash Position": 5985000000.0,
      "Effect Of Exchange Rate Changes": 234000000.0,
      "Changes In Cash": -4219000000.0,
      "Financing Cash Flow": 3544000000.0,
      "Cash Flow From Continuing Financing Activities": 3544000000.0,
      "Net Other Financing Charges": -369000000.0,
      "Cash Dividends Paid": -8262000000.0,
      "Preferred Stock Dividend Paid": -387000000.0,
      "Common Stock Dividend Paid": -7875000000.0,
      "Net Preferred Stock Issuance": 0.0,
      "Preferred Stock Payments": 0.0,
      "Net Common Stock Issuance": 2485000000.0,
      "Common Stock Payments": 0.0,
      "Common Stock Issuance": 2485000000.0,
      "Net Issuance Payments Of Debt": 9690000000.0,
      "Net Short Term Debt Issuance": 6678000000.0,
      "Short Term Debt Issuance": null,
      "Net Long Term Debt Issuance": 3012000000.0,
      "Long Term Debt Payments": -6633000000.0,
      "Long Term Debt Issuance": 9645000000.0,
      "Investing Cash Flow": -20363000000.0,
      "Cash Flow From Continuing Investing Activities": -20363000000.0,
      "Net Other Investing Changes": -54000000.0,
      "Dividends Received Cfi": 785000000.0,
      "Net Investment Purchase And Sale": -3416000000.0,
      "Purchase Of Investment": null,
      "Net Business Purchase And Sale": -10748000000.0,
      "Sale Of Business": 2724000000.0,
      "Purchase Of Business": -13472000000.0,
      "Net Intangibles Purchase And Sale": -219000000.0,
      "Purchase Of Intangibles": -219000000.0,
      "Capital Expenditure Reported": -6711000000.0,
      "Operating Cash Flow": 12600000000.0,
      "Cash Flow From Continuing Operating Activities": 12600000000.0,
      "Dividend Received Cfo": 2121000000.0,
      "Change In Working Capital": -133000000.0,
      "Change In Other Working Capital": null,
      "Change In Other Current Liabilities": 245000000.0,
      "Change In Other Current Assets": -426000000.0,
      "Change In Payables And Accrued Expense": 1532000000.0,
      "Change In Accrued Expense": 157000000.0,
      "Change In Interest Payable": 157000000.0,
      "Change In Payable": 1375000000.0,
      "Change In Account Payable": 1375000000.0,
      "Change In Inventory": 177000000.0,
      "Change In Receivables": -1661000000.0,
      "Changes In Account Receivables": -1661000000.0,
      "Other Non Cash Items": 218000000.0,
      "Asset Impairment Charge": 190000000.0,
      "Deferred Tax": 719000000.0,
      "Deferred Income Tax": 719000000.0,
      "Depreciation Amortization Depletion": 5167000000.0,
      "Depreciation And Amortization": 5167000000.0,
      "Operating Gains Losses": -1313000000.0,
      "Earnings Losses From Equity Investments": -2304000000.0,
      "Gain Loss On Investment Securities": 2082000000.0,
      "Gain Loss On Sale Of Business": -1091000000.0,
      "Net Income From Continuing Operations": 5631000000.0
    },
    "2023-12-31T00:00:00": {
      "Free Cash Flow": 9325000000.0,
      "Repurchase Of Capital Stock": -125000000.0,
      "Repayment Of Debt": -4819000000.0,
      "Issuance Of Debt": 15448000000.0,
      "Issuance Of Capital Stock": 4450000000.0,
      "Capital Expenditure": -4876000000.0,
      "Interest Paid Supplemental Data": 3380000000.0,
      "Income Tax Paid Supplemental Data": 578000000.0,
      "End Cash Position": 5985000000.0,
      "Beginning Cash Position": 907000000.0,
      "Effect Of Exchange Rate Changes": -216000000.0,
      "Changes In Cash": 5294000000.0,
      "Financing Cash Flow": -2864000000.0,
      "Cash Flow From Continuing Financing Activities": -2864000000.0,
      "Net Other Financing Charges": -437000000.0,
      "Cash Dividends Paid": -7628000000.0,
      "Preferred Stock Dividend Paid": -352000000.0,
      "Common Stock Dividend Paid": -7276000000.0,
      "Net Preferred Stock Issuance": 0.0,
      "Preferred Stock Payments": 0.0,
      "Net Common Stock Issuance": 4325000000.0,
      "Common Stock Payments": -125000000.0,
      "Common Stock Issuance": 4450000000.0,
      "Net Issuance Payments Of Debt": 876000000.0,
      "Net Short Term Debt Issuance": -9753000000.0,
      "Short Term Debt Issuance": null,
      "Net Long Term Debt Issuance": 10629000000.0,
      "Long Term Debt Payments": -4819000000.0,
      "Long Term Debt Issuance": 15448000000.0,
      "Investing Cash Flow": -6043000000.0,
      "Cash Flow From Continuing Investing Activities": -6043000000.0,
      "Net Other Investing Changes": -88000000.0,
      "Dividends Received Cfi": 1151000000.0,
      "Net Investment Purchase And Sale": -1276000000.0,
      "Purchase Of Investment": -1276000000.0,
      "Net Business Purchase And Sale": -954000000.0,
      "Sale Of Business": 0.0,
      "Purchase Of Business": -954000000.0,
      "Net Intangibles Purchase And Sale": -222000000.0,
      "Purchase Of Intangibles": -222000000.0,
      "Capital Expenditure Reported": -4654000000.0,
      "Operating Cash Flow": 14201000000.0,
      "Cash Flow From Continuing Operating Activities": 14201000000.0,
      "Dividend Received Cfo": 1998000000.0,
      "Change In Working Capital": 2311000000.0,
      "Change In Other Working Capital": 23000000.0,
      "Change In Other Current Liabilities": 513000000.0,
      "Change In Other Current Assets": 1301000000.0,
      "Change In Payables And Accrued Expense": -1409000000.0,
      "Change In Accrued Expense": 199000000.0,
      "Change In Interest Payable": 199000000.0,
      "Change In Payable": -1608000000.0,
      "Change In Account Payable": -1608000000.0,
      "Change In Inventory": 763000000.0,
      "Change In Receivables": 1143000000.0,
      "Changes In Account Receivables": 1143000000.0,
      "Other Non Cash Items": 378000000.0,
      "Asset Impairment Charge": 419000000.0,
      "Deferred Tax": 1420000000.0,
      "Deferred Income Tax": 1420000000.0,
      "Depreciation Amortization Depletion": 4613000000.0,
      "Depreciation And Amortization": 4613000000.0,
      "Operating Gains Losses": -2996000000.0,
      "Earnings Losses From Equity Investments": -1816000000.0,
      "Gain Loss On Investment Securities": -1180000000.0,
      "Gain Loss On Sale Of Business": 0.0,
      "Net Income From Continuing Operations": 6058000000.0
    },
    "2022-12-31T00:00:00": {
      "Free Cash Flow": 6409000000.0,
      "Repurchase Of Capital Stock": -1154000000.0,
      "Repayment Of Debt": -4198000000.0,
      "Issuance Of Debt": 7547000000.0,
      "Issuance Of Capital Stock": 3000000.0,
      "Capital Expenditure": -4821000000.0,
      "Interest Paid Supplemental Data": 2920000000.0,
      "Income Tax Paid Supplemental Data": 495000000.0,
      "End Cash Position": 907000000.0,
      "Beginning Cash Position": 320000000.0,
      "Effect Of Exchange Rate Changes": 55000000.0,
      "Changes In Cash": 532000000.0,
      "Financing Cash Flow": -5428000000.0,
      "Cash Flow From Continuing Financing Activities": -5428000000.0,
      "Net Other Financing Charges": 532000000.0,
      "Cash Dividends Paid": -7306000000.0,
      "Preferred Stock Dividend Paid": -338000000.0,
      "Common Stock Dividend Paid": -6968000000.0,
      "Net Preferred Stock Issuance": -1003000000.0,
      "Preferred Stock Payments": -1003000000.0,
      "Net Common Stock Issuance": -148000000.0,
      "Common Stock Payments": -151000000.0,
      "Common Stock Issuance": 3000000.0,
      "Net Issuance Payments Of Debt": 2497000000.0,
      "Net Short Term Debt Issuance": -852000000.0,
      "Short Term Debt Issuance": null,
      "Net Long Term Debt Issuance": 3349000000.0,
      "Long Term Debt Payments": -4198000000.0,
      "Long Term Debt Issuance": 7547000000.0,
      "Investing Cash Flow": -5270000000.0,
      "Cash Flow From Continuing Investing Activities": -5270000000.0,
      "Net Other Investing Changes": 135000000.0,
      "Dividends Received Cfi": 763000000.0,
      "Net Investment Purchase And Sale": -1041000000.0,
      "Purchase Of Investment": -1041000000.0,
      "Net Business Purchase And Sale": -306000000.0,
      "Sale Of Business": 522000000.0,
      "Purchase Of Business": -828000000.0,
      "Net Intangibles Purchase And Sale": -174000000.0,
      "Purchase Of Intangibles": -174000000.0,
      "Capital Expenditure Reported": -4647000000.0,
      "Operating Cash Flow": 11230000000.0,
      "Cash Flow From Continuing Operating Activities": 11230000000.0,
      "Dividend Received Cfo": 1827000000.0,
      "Change In Working Capital": -12000000.0,
      "Change In Other Working Capital": 1000000.0,
      "Change In Other Current Liabilities": 877000000.0,
      "Change In Other Current Assets": -394000000.0,
      "Change In Payables And Accrued Expense": 659000000.0,
      "Change In Accrued Expense": 58000000.0,
      "Change In Interest Payable": 58000000.0,
      "Change In Payable": 601000000.0,
      "Change In Account Payable": 601000000.0,
      "Change In Inventory": -599000000.0,
      "Change In Receivables": -555000000.0,
      "Changes In Account Receivables": -555000000.0,
      "Other Non Cash Items": -1027000000.0,
      "Asset Impairment Charge": 3006000000.0,
      "Deferred Tax": 957000000.0,
      "Deferred Income Tax": 957000000.0,
      "Depreciation Amortization Depletion": 4317000000.0,
      "Depreciation And Amortization": 4317000000.0,
      "Operating Gains Losses": -776000000.0,
      "Earnings Losses From Equity Investments": -2056000000.0,
      "Gain Loss On Investment Securities": 1280000000.0,
      "Gain Loss On Sale Of Business": 0.0,
      "Net Income From Continuing Operations": 2938000000.0
    },
    "2021-12-31T00:00:00": {
      "Free Cash Flow": null,
      "Repurchase Of Capital Stock": null,
      "Repayment Of Debt": null,
      "Issuance Of Debt": null,
      "Issuance Of Capital Stock": null,
      "Capital Expenditure": null,
      "Interest Paid Supplemental Data": null,
      "Income Tax Paid Supplemental Data": null,
      "End Cash Position": null,
      "Beginning Cash Position": null,
      "Effect Of Exchange Rate Changes": null,
      "Changes In Cash": null,
      "Financing Cash Flow": null,
      "Cash Flow From Continuing Financing Activities": null,
      "Net Other Financing Charges": null,
      "Cash Dividends Paid": null,
      "Preferred Stock Dividend Paid": null,
      "Common Stock Dividend Paid": null,
      "Net Preferred Stock Issuance": -415000000.0,
      "Preferred Stock Payments": -415000000.0,
      "Net Common Stock Issuance": null,
      "Common Stock Payments": null,
      "Common Stock Issuance": null,
      "Net Issuance Payments Of Debt": null,
      "Net Short Term Debt Issuance": null,
      "Short Term Debt Issuance": 3354000000.0,
      "Net Long Term Debt Issuance": null,
      "Long Term Debt Payments": null,
      "Long Term Debt Issuance": null,
      "Investing Cash Flow": null,
      "Cash Flow From Continuing Investing Activities": null,
      "Net Other Investing Changes": null,
      "Dividends Received Cfi": null,
      "Net Investment Purchase And Sale": null,
      "Purchase Of Investment": -640000000.0,
      "Net Business Purchase And Sale": null,
      "Sale Of Business": null,
      "Purchase Of Business": null,
      "Net Intangibles Purchase And Sale": null,
      "Purchase Of Intangibles": null,
      "Capital Expenditure Reported": null,
      "Operating Cash Flow": null,
      "Cash Flow From Continuing Operating Activities": null,
      "Dividend Received Cfo": null,
      "Change In Working Capital": null,
      "Change In Other Working Capital": -195000000.0,
      "Change In Other Current Liabilities": null,
      "Change In Other Current Assets": null,
      "Change In Payables And Accrued Expense": null,
      "Change In Accrued Expense": null,
      "Change In Interest Payable": null,
      "Change In Payable": null,
      "Change In Account Payable": null,
      "Change In Inventory": null,
      "Change In Receivables": null,
      "Changes In Account Receivables": null,
      "Other Non Cash Items": null,
      "Asset Impairment Charge": null,
      "Deferred Tax": null,
      "Deferred Income Tax": null,
      "Depreciation Amortization Depletion": null,
      "Depreciation And Amortization": null,
      "Operating Gains Losses": null,
      "Earnings Losses From Equity Investments": null,
      "Gain Loss On Investment Securities": null,
      "Gain Loss On Sale Of Business": null,
      "Net Income From Continuing Operations": null
    }
  },
  "earnings_estimate": {
    "avg": {
      "0q": 0.95679,
      "+1q": 0.63731,
      "0y": 2.99208,
      "+1y": 3.21474
    },
    "low": {
      "0q": 0.83,
      "+1q": 0.56,
      "0y": 2.61,
      "+1y": 2.99
    },
    "high": {
      "0q": 1.06,
      "+1q": 0.68,
      "0y": 3.22,
      "+1y": 3.51869
    },
    "yearAgoEps": {
      "0q": 1.03,
      "+1q": 0.65,
      "0y": 3.02,
      "+1y": 2.99208
    },
    "numberOfAnalysts": {
      "0q": 9,
      "+1q": 8,
      "0y": 18,
      "+1y": 16
    },
    "growth": {
      "0q": -0.071100004,
      "+1q": -0.0195,
      "0y": -0.0092,
      "+1y": 0.0744
    }
  },
  "revenue_estimate": {
    "avg": {
      "0q": 18669432310,
      "+1q": 14868641910,
      "0y": 61405128850,
      "+1y": 60062905880
    },
    "low": {
      "0q": 18669432310,
      "+1q": 14868641910,
      "0y": 50349000000,
      "+1y": 33954085860
    },
    "high": {
      "0q": 18669432310,
      "+1q": 14868641910,
      "0y": 66662000000,
      "+1y": 69213393230
    },
    "numberOfAnalysts": {
      "0q": 1,
      "+1q": 1,
      "0y": 7,
      "+1y": 8
    },
    "yearAgoRevenue": {
      "0q": 18502000000,
      "+1q": 14876000000,
      "0y": 65194000000,
      "+1y": 61405128850
    },
    "growth": {
      "0q": 0.009,
      "+1q": -0.0005,
      "0y": -0.0581,
      "+1y": -0.0219
    }
  },
  "growth_estimates": {
    "stockTrend": {
      "0q": -0.071100004,
      "+1q": -0.0195,
      "0y": -0.0092,
      "+1y": 0.0744,
      "LTG": null
    },
    "indexTrend": {
      "0q": 0.1273,
      "+1q": 0.103599995,
      "0y": 0.14310001,
      "+1y": 0.1557,
      "LTG": 0.122
    }
  },
  "revenue_forecasts": null,
  "dividend_rate": 3.88,
  "trailing_dividend_rate": 3.77
}