{
  "ticker": "ENEL.MI",
  "name": "Enel",
  "country": "italy",
  "currency": "EUR",
  "last_fetched": "2026-02-26T20:48:31.746803",
  "market_cap": 101959008256,
  "revenue": 77777002496,
  "net_income": 6136000000,
  "pe_ratio": 16.939999,
  "forward_pe": 14.168421,
  "dividend_yield": 4.85,
  "profit_margin": 0.08206,
  "roe": 0.15062,
  "debt_to_equity": 139.005,
  "beta": 0.901,
  "ev_to_ebitda": 9.234,
  "sector": "Utilities",
  "industry": "Utilities - Diversified",
  "summary": "Enel SpA operates as an integrated operator in electricity and gas industries worldwide. It operates through Thermal Generation and Trading; Enel Green Power; Enel Grids; and End-user Markets segments. The company operates renewable, nuclear, wind, hydroelectric, thermal, solar, and geothermal power plants. It also generates, distributes, transmits, and sells electricity. In addition, the company is involved in development and commercialization of electric mobility solutions; retail and wholesale commercialization of natural gas; and trading and services. Further, it provides technological solutions, such as transport, property management, as well as industrial processes and services, charging infrastructures for electric vehicles, energy efficiency in industrial and domestic processes, distributed generation, energy consultancy services, smart street lighting, and circular cities. Additionally, the company engages in the sale of energy commodities. The company was founded in 1962 and is headquartered in Rome, Italy.",
  "website": "https://www.enel.com",
  "employees": 61192,
  "target_high": 11.5,
  "target_low": 8.0,
  "target_mean": 9.65435,
  "target_median": 9.7,
  "recommendation": "buy",
  "num_analysts": 23,
  "income_stmt": {
    "2024-12-31T00:00:00": {
      "Tax Effect Of Unusual Items": 367570000.0,
      "Tax Rate For Calcs": 0.059,
      "Normalized EBITDA": 15787000000.0,
      "Total Unusual Items": 6230000000.0,
      "Total Unusual Items Excluding Goodwill": 6230000000.0,
      "Net Income From Continuing Operation Net Minority Interest": 7016000000.0,
      "Reconciled Depreciation": 6683000000.0,
      "Reconciled Cost Of Revenue": 32504000000.0,
      "EBITDA": 22017000000.0,
      "EBIT": 15334000000.0,
      "Net Interest Income": -3306000000.0,
      "Interest Expense": 3451000000.0,
      "Interest Income": 615000000.0,
      "Normalized Income": 1153570000.0,
      "Net Income From Continuing And Discontinued Operation": 7016000000.0,
      "Total Expenses": 59798000000.0,
      "Rent Expense Supplemental": 813000000.0,
      "Total Operating Income As Reported": 15494000000.0,
      "Diluted Average Shares": 10471641791.0,
      "Basic Average Shares": 10471641791.0,
      "Diluted EPS": 0.67,
      "Basic EPS": 0.67,
      "Diluted NI Availto Com Stockholders": 6770000000.0,
      "Average Dilution Earnings": 0.0,
      "Net Income Common Stockholders": 6770000000.0,
      "Otherunder Preferred Stock Dividend": 246000000.0,
      "Preferred Stock Dividends": 0.0,
      "Net Income": 7016000000.0,
      "Minority Interests": -1213000000.0,
      "Net Income Including Noncontrolling Interests": 8229000000.0,
      "Net Income Discontinuous Operations": 0.0,
      "Net Income Continuous Operations": 8229000000.0,
      "Tax Provision": 3654000000.0,
      "Pretax Income": 11883000000.0,
      "Special Income Charges": 735000000.0,
      "Other Special Charges": -2624000000.0,
      "Write Off": 1323000000.0,
      "Impairment Of Capital Assets": 566000000.0,
      "Net Non Operating Interest Income Expense": -3306000000.0,
      "Total Other Finance Cost": 470000000.0,
      "Interest Expense Non Operating": 3451000000.0,
      "Interest Income Non Operating": 615000000.0,
      "Operating Income": 10851000000.0,
      "Operating Expense": 27294000000.0,
      "Other Operating Expenses": 16970000000.0,
      "Depreciation And Amortization In Income Statement": 6683000000.0,
      "Amortization": 1785000000.0,
      "Depreciation Income Statement": 4898000000.0,
      "Selling General And Administration": 340000000.0,
      "General And Administrative Expense": 340000000.0,
      "Rent And Landing Fees": 813000000.0,
      "Gross Profit": 38145000000.0,
      "Cost Of Revenue": 32504000000.0,
      "Total Revenue": 70649000000.0,
      "Operating Revenue": 70649000000.0
    },
    "2023-12-31T00:00:00": {
      "Tax Effect Of Unusual Items": 230280000.0,
      "Tax Rate For Calcs": 0.057,
      "Normalized EBITDA": 15350000000.0,
      "Total Unusual Items": 4040000000.0,
      "Total Unusual Items Excluding Goodwill": 4040000000.0,
      "Net Income From Continuing Operation Net Minority Interest": 3809000000.0,
      "Reconciled Depreciation": 8457000000.0,
      "Reconciled Cost Of Revenue": 47912000000.0,
      "EBITDA": 19390000000.0,
      "EBIT": 10933000000.0,
      "Net Interest Income": -3382000000.0,
      "Interest Expense": 3517000000.0,
      "Interest Income": 624000000.0,
      "Normalized Income": -720000.0,
      "Net Income From Continuing And Discontinued Operation": 3438000000.0,
      "Total Expenses": 76449000000.0,
      "Rent Expense Supplemental": 534000000.0,
      "Total Operating Income As Reported": 10832000000.0,
      "Diluted Average Shares": 10743750000.0,
      "Basic Average Shares": 10743750000.0,
      "Diluted EPS": 0.32,
      "Basic EPS": 0.32,
      "Diluted NI Availto Com Stockholders": 3256000000.0,
      "Average Dilution Earnings": 0.0,
      "Net Income Common Stockholders": 3256000000.0,
      "Otherunder Preferred Stock Dividend": 182000000.0,
      "Preferred Stock Dividends": 0.0,
      "Net Income": 3438000000.0,
      "Minority Interests": -829000000.0,
      "Net Income Including Noncontrolling Interests": 4267000000.0,
      "Net Income Discontinuous Operations": -371000000.0,
      "Net Income Continuous Operations": 4638000000.0,
      "Tax Provision": 2778000000.0,
      "Pretax Income": 7416000000.0,
      "Special Income Charges": -2366000000.0,
      "Other Special Charges": -704000000.0,
      "Write Off": 1334000000.0,
      "Impairment Of Capital Assets": 1736000000.0,
      "Net Non Operating Interest Income Expense": -3382000000.0,
      "Total Other Finance Cost": 489000000.0,
      "Interest Expense Non Operating": 3517000000.0,
      "Interest Income Non Operating": 624000000.0,
      "Operating Income": 6050000000.0,
      "Operating Expense": 28537000000.0,
      "Other Operating Expenses": 18222000000.0,
      "Depreciation And Amortization In Income Statement": 6353000000.0,
      "Amortization": 1677000000.0,
      "Depreciation Income Statement": 4676000000.0,
      "Selling General And Administration": 288000000.0,
      "General And Administrative Expense": 288000000.0,
      "Rent And Landing Fees": 534000000.0,
      "Gross Profit": 34587000000.0,
      "Cost Of Revenue": 47912000000.0,
      "Total Revenue": 82499000000.0,
      "Operating Revenue": 82499000000.0
    },
    "2022-12-31T00:00:00": {
      "Tax Effect Of Unusual Items": 8196000000.0,
      "Tax Rate For Calcs": 0.24,
      "Normalized EBITDA": -14036000000.0,
      "Total Unusual Items": 34150000000.0,
      "Total Unusual Items Excluding Goodwill": 34150000000.0,
      "Net Income From Continuing Operation Net Minority Interest": 3916000000.0,
      "Reconciled Depreciation": 8809000000.0,
      "Reconciled Cost Of Revenue": 96984000000.0,
      "EBITDA": 20114000000.0,
      "EBIT": 11305000000.0,
      "Net Interest Income": -2215000000.0,
      "Interest Expense": 2628000000.0,
      "Interest Income": 359000000.0,
      "Normalized Income": -22038000000.0,
      "Net Income From Continuing And Discontinued Operation": 1682000000.0,
      "Total Expenses": 125974000000.0,
      "Rent Expense Supplemental": 503000000.0,
      "Total Operating Income As Reported": 11193000000.0,
      "Diluted Average Shares": 10160538038.0,
      "Basic Average Shares": 10160538038.0,
      "Diluted EPS": 0.15,
      "Basic EPS": 0.15,
      "Diluted NI Availto Com Stockholders": 1559000000.0,
      "Average Dilution Earnings": null,
      "Net Income Common Stockholders": 1559000000.0,
      "Otherunder Preferred Stock Dividend": 123000000.0,
      "Preferred Stock Dividends": 0.0,
      "Net Income": 1682000000.0,
      "Minority Interests": -1238000000.0,
      "Net Income Including Noncontrolling Interests": 2920000000.0,
      "Net Income Discontinuous Operations": -2234000000.0,
      "Net Income Continuous Operations": 5154000000.0,
      "Tax Provision": 3523000000.0,
      "Pretax Income": 8677000000.0,
      "Special Income Charges": -409000000.0,
      "Other Special Charges": -2230000000.0,
      "Write Off": 1278000000.0,
      "Impairment Of Capital Assets": 1361000000.0,
      "Net Non Operating Interest Income Expense": -2215000000.0,
      "Total Other Finance Cost": -54000000.0,
      "Interest Expense Non Operating": 2628000000.0,
      "Interest Income Non Operating": 359000000.0,
      "Operating Income": -23308000000.0,
      "Operating Expense": 28990000000.0,
      "Other Operating Expenses": 20312000000.0,
      "Depreciation And Amortization In Income Statement": 6086000000.0,
      "Amortization": 1612000000.0,
      "Depreciation Income Statement": 4474000000.0,
      "Selling General And Administration": 298000000.0,
      "General And Administrative Expense": 298000000.0,
      "Rent And Landing Fees": 503000000.0,
      "Gross Profit": 5682000000.0,
      "Cost Of Revenue": 96984000000.0,
      "Total Revenue": 102666000000.0,
      "Operating Revenue": 102666000000.0
    },
    "2021-12-31T00:00:00": {
      "Tax Effect Of Unusual Items": 4488300000.0,
      "Tax Rate For Calcs": 0.3,
      "Normalized EBITDA": 1441000000.0,
      "Total Unusual Items": 14961000000.0,
      "Total Unusual Items Excluding Goodwill": 14961000000.0,
      "Net Income From Continuing Operation Net Minority Interest": 3090000000.0,
      "Reconciled Depreciation": 8691000000.0,
      "Reconciled Cost Of Revenue": 48034000000.0,
      "EBITDA": 16402000000.0,
      "EBIT": 7711000000.0,
      "Net Interest Income": -2661000000.0,
      "Interest Expense": 2333000000.0,
      "Interest Income": 197000000.0,
      "Normalized Income": -7382700000.0,
      "Net Income From Continuing And Discontinued Operation": 3189000000.0,
      "Total Expenses": 74526000000.0,
      "Rent Expense Supplemental": 126000000.0,
      "Total Operating Income As Reported": 7551000000.0,
      "Diluted Average Shares": 10162568494.0,
      "Basic Average Shares": 10162568494.0,
      "Diluted EPS": 0.31,
      "Basic EPS": 0.31,
      "Diluted NI Availto Com Stockholders": 3118000000.0,
      "Average Dilution Earnings": null,
      "Net Income Common Stockholders": 3118000000.0,
      "Otherunder Preferred Stock Dividend": 71000000.0,
      "Preferred Stock Dividends": 0.0,
      "Net Income": 3189000000.0,
      "Minority Interests": -668000000.0,
      "Net Income Including Noncontrolling Interests": 3857000000.0,
      "Net Income Discontinuous Operations": 99000000.0,
      "Net Income Continuous Operations": 3758000000.0,
      "Tax Provision": 1620000000.0,
      "Pretax Income": 5378000000.0,
      "Special Income Charges": -2305000000.0,
      "Other Special Charges": -1785000000.0,
      "Write Off": 1175000000.0,
      "Impairment Of Capital Assets": 2915000000.0,
      "Net Non Operating Interest Income Expense": -2661000000.0,
      "Total Other Finance Cost": 525000000.0,
      "Interest Expense Non Operating": 2333000000.0,
      "Interest Income Non Operating": 197000000.0,
      "Operating Income": -6154000000.0,
      "Operating Expense": 26492000000.0,
      "Other Operating Expenses": 17315000000.0,
      "Depreciation And Amortization In Income Statement": 5592000000.0,
      "Amortization": 1330000000.0,
      "Depreciation Income Statement": 4262000000.0,
      "Selling General And Administration": 300000000.0,
      "General And Administrative Expense": 300000000.0,
      "Rent And Landing Fees": 126000000.0,
      "Gross Profit": 20338000000.0,
      "Cost Of Revenue": 48034000000.0,
      "Total Revenue": 68372000000.0,
      "Operating Revenue": 68372000000.0
    }
  },
  "quarterly_income": {
    "2025-09-30T00:00:00": {
      "Tax Effect Of Unusual Items": 1586313477.537438,
      "Tax Rate For Calcs": 0.278203,
      "Normalized EBITDA": 4998000000.0,
      "Total Unusual Items": 5702000000.0,
      "Total Unusual Items Excluding Goodwill": 5702000000.0,
      "Net Income From Continuing Operation Net Minority Interest": 1808000000.0,
      "Reconciled Depreciation": 1880000000.0,
      "Reconciled Cost Of Revenue": 7775000000.0,
      "EBITDA": 10700000000.0,
      "EBIT": 8177000000.0,
      "Net Interest Income": -797000000.0,
      "Interest Expense": 5172000000.0,
      "Interest Income": 4240000000.0,
      "Normalized Income": -2307686522.462562,
      "Net Income From Continuing And Discontinued Operation": 1808000000.0,
      "Total Expenses": 15804000000.0,
      "Rent Expense Supplemental": 11819000000.0,
      "Total Operating Income As Reported": 3725000000.0,
      "Diluted Average Shares": null,
      "Basic Average Shares": null,
      "Diluted EPS": null,
      "Basic EPS": null,
      "Diluted NI Availto Com Stockholders": 1898000000.0,
      "Net Income Common Stockholders": 1898000000.0,
      "Otherunder Preferred Stock Dividend": -90000000.0,
      "Net Income": 1808000000.0,
      "Minority Interests": -361000000.0,
      "Net Income Including Noncontrolling Interests": 2169000000.0,
      "Net Income Discontinuous Operations": 0.0,
      "Net Income Continuous Operations": 2169000000.0,
      "Tax Provision": 836000000.0,
      "Pretax Income": 3005000000.0,
      "Special Income Charges": 518000000.0,
      "Other Special Charges": -48000000.0,
      "Net Non Operating Interest Income Expense": -797000000.0,
      "Interest Expense Non Operating": 5172000000.0,
      "Interest Income Non Operating": 4240000000.0,
      "Operating Income": 348000000.0,
      "Operating Expense": 8029000000.0,
      "Other Operating Expenses": -7281000000.0,
      "Depreciation And Amortization In Income Statement": 2523000000.0,
      "Depreciation Income Statement": 3392000000.0,
      "Rent And Landing Fees": 11819000000.0,
      "Gross Profit": 8377000000.0,
      "Cost Of Revenue": 7775000000.0,
      "Total Revenue": 16152000000.0,
      "Operating Revenue": 16152000000.0
    },
    "2025-06-30T00:00:00": {
      "Tax Effect Of Unusual Items": 828583770.690351,
      "Tax Rate For Calcs": 0.311264,
      "Normalized EBITDA": 480000000.0,
      "Total Unusual Items": 2662000000.0,
      "Total Unusual Items Excluding Goodwill": 2662000000.0,
      "Net Income From Continuing Operation Net Minority Interest": 1421000000.0,
      "Reconciled Depreciation": 1730000000.0,
      "Reconciled Cost Of Revenue": 7080000000.0,
      "EBITDA": 3142000000.0,
      "EBIT": 1412000000.0,
      "Net Interest Income": -627000000.0,
      "Interest Expense": -1065000000.0,
      "Interest Income": -1557000000.0,
      "Normalized Income": -412416229.309649,
      "Net Income From Continuing And Discontinued Operation": 1421000000.0,
      "Total Expenses": 14856000000.0,
      "Rent Expense Supplemental": -3928000000.0,
      "Total Operating Income As Reported": 3154000000.0,
      "Diluted Average Shares": null,
      "Basic Average Shares": null,
      "Diluted EPS": null,
      "Basic EPS": null,
      "Diluted NI Availto Com Stockholders": 1331000000.0,
      "Net Income Common Stockholders": 1331000000.0,
      "Otherunder Preferred Stock Dividend": 90000000.0,
      "Net Income": 1421000000.0,
      "Minority Interests": -285000000.0,
      "Net Income Including Noncontrolling Interests": 1706000000.0,
      "Net Income Discontinuous Operations": 0.0,
      "Net Income Continuous Operations": 1706000000.0,
      "Tax Provision": 771000000.0,
      "Pretax Income": 2477000000.0,
      "Special Income Charges": -422000000.0,
      "Other Special Charges": -48000000.0,
      "Net Non Operating Interest Income Expense": -627000000.0,
      "Interest Expense Non Operating": -1065000000.0,
      "Interest Income Non Operating": -1557000000.0,
      "Operating Income": -1771000000.0,
      "Operating Expense": 7776000000.0,
      "Other Operating Expenses": 9063000000.0,
      "Depreciation And Amortization In Income Statement": 1494000000.0,
      "Depreciation Income Statement": 625000000.0,
      "Rent And Landing Fees": -3928000000.0,
      "Gross Profit": 6005000000.0,
      "Cost Of Revenue": 7080000000.0,
      "Total Revenue": 13085000000.0,
      "Operating Revenue": 13085000000.0
    },
    "2025-03-31T00:00:00": {
      "Tax Effect Of Unusual Items": 142428000.0,
      "Tax Rate For Calcs": 0.286,
      "Normalized EBITDA": 7260000000.0,
      "Total Unusual Items": 498000000.0,
      "Total Unusual Items Excluding Goodwill": 498000000.0,
      "Net Income From Continuing Operation Net Minority Interest": 2007000000.0,
      "Reconciled Depreciation": 1693000000.0,
      "Reconciled Cost Of Revenue": 10381000000.0,
      "EBITDA": 7758000000.0,
      "EBIT": 5829000000.0,
      "Net Interest Income": -729000000.0,
      "Interest Expense": 2473000000.0,
      "Interest Income": 1744000000.0,
      "Normalized Income": 1651428000.0,
      "Net Income From Continuing And Discontinued Operation": 2007000000.0,
      "Total Expenses": 18480000000.0,
      "Rent Expense Supplemental": 4187000000.0,
      "Total Operating Income As Reported": 4045000000.0,
      "Diluted Average Shares": 10563157895.0,
      "Basic Average Shares": 10563157895.0,
      "Diluted EPS": 0.19,
      "Basic EPS": 0.19,
      "Diluted NI Availto Com Stockholders": 2007000000.0,
      "Net Income Common Stockholders": 2007000000.0,
      "Otherunder Preferred Stock Dividend": 0.0,
      "Net Income": 2007000000.0,
      "Minority Interests": -389000000.0,
      "Net Income Including Noncontrolling Interests": 2396000000.0,
      "Net Income Discontinuous Operations": 0.0,
      "Net Income Continuous Operations": 2396000000.0,
      "Tax Provision": 960000000.0,
      "Pretax Income": 3356000000.0,
      "Special Income Charges": 47000000.0,
      "Other Special Charges": -47000000.0,
      "Net Non Operating Interest Income Expense": -729000000.0,
      "Interest Expense Non Operating": 2473000000.0,
      "Interest Income Non Operating": 1744000000.0,
      "Operating Income": 3593000000.0,
      "Operating Expense": 8099000000.0,
      "Other Operating Expenses": 818000000.0,
      "Depreciation And Amortization In Income Statement": 1929000000.0,
      "Depreciation Income Statement": 1929000000.0,
      "Rent And Landing Fees": 4187000000.0,
      "Gross Profit": 11692000000.0,
      "Cost Of Revenue": 10381000000.0,
      "Total Revenue": 22073000000.0,
      "Operating Revenue": 22073000000.0
    },
    "2024-12-31T00:00:00": {
      "Tax Effect Of Unusual Items": 586462950.373895,
      "Tax Rate For Calcs": 0.170632,
      "Normalized EBITDA": -2248000000.0,
      "Total Unusual Items": 3437000000.0,
      "Total Unusual Items Excluding Goodwill": 3437000000.0,
      "Net Income From Continuing Operation Net Minority Interest": 1146000000.0,
      "Reconciled Depreciation": 1772000000.0,
      "Reconciled Cost Of Revenue": 12352000000.0,
      "EBITDA": 1189000000.0,
      "EBIT": -583000000.0,
      "Net Interest Income": -750000000.0,
      "Interest Expense": -2054000000.0,
      "Interest Income": -2334000000.0,
      "Normalized Income": -1704537049.626105,
      "Net Income From Continuing And Discontinued Operation": 1146000000.0,
      "Total Expenses": 15570000000.0,
      "Rent Expense Supplemental": -11288000000.0,
      "Total Operating Income As Reported": 2766000000.0,
      "Diluted Average Shares": null,
      "Basic Average Shares": null,
      "Diluted EPS": null,
      "Basic EPS": null,
      "Diluted NI Availto Com Stockholders": 900000000.0,
      "Net Income Common Stockholders": 900000000.0,
      "Otherunder Preferred Stock Dividend": 246000000.0,
      "Net Income": 1146000000.0,
      "Minority Interests": -74000000.0,
      "Net Income Including Noncontrolling Interests": 1220000000.0,
      "Net Income Discontinuous Operations": 0.0,
      "Net Income Continuous Operations": 1220000000.0,
      "Tax Provision": 251000000.0,
      "Pretax Income": 1471000000.0,
      "Special Income Charges": -920000000.0,
      "Other Special Charges": -969000000.0,
      "Net Non Operating Interest Income Expense": -750000000.0,
      "Interest Expense Non Operating": -2054000000.0,
      "Interest Income Non Operating": -2334000000.0,
      "Operating Income": 670000000.0,
      "Operating Expense": 3218000000.0,
      "Other Operating Expenses": 14088000000.0,
      "Depreciation And Amortization In Income Statement": 816000000.0,
      "Depreciation Income Statement": -969000000.0,
      "Rent And Landing Fees": -11288000000.0,
      "Gross Profit": 3888000000.0,
      "Cost Of Revenue": 12352000000.0,
      "Total Revenue": 16240000000.0,
      "Operating Revenue": 16240000000.0
    },
    "2024-09-30T00:00:00": {
      "Tax Effect Of Unusual Items": 316909816.971714,
      "Tax Rate For Calcs": 0.306489,
      "Normalized EBITDA": 8383000000.0,
      "Total Unusual Items": 1034000000.0,
      "Total Unusual Items Excluding Goodwill": 1034000000.0,
      "Net Income From Continuing Operation Net Minority Interest": 1726000000.0,
      "Reconciled Depreciation": 1623000000.0,
      "Reconciled Cost Of Revenue": 7315000000.0,
      "EBITDA": 9417000000.0,
      "EBIT": 6787000000.0,
      "Net Interest Income": -1002000000.0,
      "Interest Expense": 3782000000.0,
      "Interest Income": 2652000000.0,
      "Normalized Income": 1008909816.971714,
      "Net Income From Continuing And Discontinued Operation": 1726000000.0,
      "Total Expenses": 15765000000.0,
      "Rent Expense Supplemental": 11865000000.0,
      "Total Operating Income As Reported": 3740000000.0,
      "Diluted Average Shares": null,
      "Basic Average Shares": null,
      "Diluted EPS": null,
      "Basic EPS": null,
      "Diluted NI Availto Com Stockholders": 1798000000.0,
      "Net Income Common Stockholders": 1798000000.0,
      "Otherunder Preferred Stock Dividend": -72000000.0,
      "Net Income": 1726000000.0,
      "Minority Interests": -358000000.0,
      "Net Income Including Noncontrolling Interests": 2084000000.0,
      "Net Income Discontinuous Operations": 0.0,
      "Net Income Continuous Operations": 2084000000.0,
      "Tax Provision": 921000000.0,
      "Pretax Income": 3005000000.0,
      "Special Income Charges": 888000000.0,
      "Other Special Charges": -251000000.0,
      "Net Non Operating Interest Income Expense": -1002000000.0,
      "Interest Expense Non Operating": 3782000000.0,
      "Interest Income Non Operating": 2652000000.0,
      "Operating Income": 2151000000.0,
      "Operating Expense": 8450000000.0,
      "Other Operating Expenses": -6954000000.0,
      "Depreciation And Amortization In Income Statement": 2630000000.0,
      "Depreciation Income Statement": 3462000000.0,
      "Rent And Landing Fees": 11865000000.0,
      "Gross Profit": 10601000000.0,
      "Cost Of Revenue": 7315000000.0,
      "Total Revenue": 17916000000.0,
      "Operating Revenue": 17916000000.0
    }
  },
  "balance_sheet": {
    "2024-12-31T00:00:00": {
      "Treasury Shares Number": 12079670.0,
      "Ordinary Shares Number": 10154600276.0,
      "Share Issued": 10166679946.0,
      "Net Debt": 59370000000.0,
      "Total Debt": 70352000000.0,
      "Tangible Book Value": 5044000000.0,
      "Invested Capital": 101152000000.0,
      "Working Capital": -8526000000.0,
      "Net Tangible Assets": 5044000000.0,
      "Capital Lease Obligations": 2931000000.0,
      "Common Stock Equity": 33731000000.0,
      "Total Capitalization": 91118000000.0,
      "Total Equity Gross Minority Interest": 49171000000.0,
      "Minority Interest": 15440000000.0,
      "Stockholders Equity": 33731000000.0,
      "Other Equity Interest": 7145000000.0,
      "Treasury Stock": 78000000.0,
      "Retained Earnings": 17991000000.0,
      "Additional Paid In Capital": 7496000000.0,
      "Capital Stock": 10167000000.0,
      "Common Stock": 10167000000.0,
      "Total Liabilities Net Minority Interest": 137968000000.0,
      "Total Non Current Liabilities Net Minority Interest": 88155000000.0,
      "Other Non Current Liabilities": 2886000000.0,
      "Derivative Product Liabilities": 2915000000.0,
      "Non Current Pension And Other Postretirement Benefit Plans": 1614000000.0,
      "Non Current Accrued Expenses": 401000000.0,
      "Non Current Deferred Revenue": 5823000000.0,
      "Non Current Deferred Taxes Liabilities": 7951000000.0,
      "Long Term Debt And Capital Lease Obligation": 60000000000.0,
      "Long Term Capital Lease Obligation": 2613000000.0,
      "Long Term Debt": 57387000000.0,
      "Long Term Provisions": 6501000000.0,
      "Current Liabilities": 49813000000.0,
      "Other Current Liabilities": 2774000000.0,
      "Current Debt And Capital Lease Obligation": 10352000000.0,
      "Current Capital Lease Obligation": 318000000.0,
      "Current Debt": 10034000000.0,
      "Pensionand Other Post Retirement Benefit Plans Current": 244000000.0,
      "Current Provisions": 1333000000.0,
      "Payables": 26568000000.0,
      "Other Payable": 7474000000.0,
      "Dividends Payable": 2523000000.0,
      "Total Tax Payable": 2878000000.0,
      "Accounts Payable": 13693000000.0,
      "Total Assets": 187139000000.0,
      "Total Non Current Assets": 145852000000.0,
      "Other Non Current Assets": 78000000.0,
      "Defined Pension Benefit": 72000000.0,
      "Non Current Prepaid Assets": 319000000.0,
      "Non Current Deferred Taxes Assets": 9025000000.0,
      "Financial Assets": 2003000000.0,
      "Other Investments": null,
      "Investmentin Financial Assets": 7570000000.0,
      "Available For Sale Securities": 7570000000.0,
      "Long Term Equity Investment": 1456000000.0,
      "Investmentsin Joint Venturesat Cost": null,
      "Investments In Other Ventures Under Equity Method": null,
      "Investmentsin Associatesat Cost": null,
      "Investment Properties": 30000000.0,
      "Goodwill And Other Intangible Assets": 28687000000.0,
      "Other Intangible Assets": 15837000000.0,
      "Goodwill": 12850000000.0,
      "Net PPE": 94584000000.0,
      "Accumulated Depreciation": -113493000000.0,
      "Gross PPE": 208077000000.0,
      "Construction In Progress": 11231000000.0,
      "Other Properties": 6850000000.0,
      "Machinery Furniture Equipment": 175047000000.0,
      "Buildings And Improvements": 14283000000.0,
      "Land And Improvements": 666000000.0,
      "Properties": 0.0,
      "Current Assets": 41287000000.0,
      "Other Current Assets": 10000000.0,
      "Hedging Assets Current": 3512000000.0,
      "Assets Held For Sale Current": 415000000.0,
      "Restricted Cash": 1982000000.0,
      "Prepaid Assets": 469000000.0,
      "Inventory": 3530000000.0,
      "Other Inventories": 139000000.0,
      "Finished Goods": 43000000.0,
      "Raw Materials": 3348000000.0,
      "Other Receivables": 2446000000.0,
      "Taxes Receivable": 2059000000.0,
      "Accounts Receivable": 15941000000.0,
      "Allowance For Doubtful Accounts Receivable": -3763000000.0,
      "Gross Accounts Receivable": 19704000000.0,
      "Cash Cash Equivalents And Short Term Investments": 10923000000.0,
      "Other Short Term Investments": 2872000000.0,
      "Cash And Cash Equivalents": 8051000000.0,
      "Cash Equivalents": 3256000000.0,
      "Cash Financial": 4795000000.0
    },
    "2023-12-31T00:00:00": {
      "Treasury Shares Number": 9262330.0,
      "Ordinary Shares Number": 10157417616.0,
      "Share Issued": 10166679946.0,
      "Net Debt": 63851000000.0,
      "Total Debt": 73557000000.0,
      "Tangible Book Value": 1658000000.0,
      "Invested Capital": 102407000000.0,
      "Working Capital": -8580000000.0,
      "Net Tangible Assets": 1658000000.0,
      "Capital Lease Obligations": 2905000000.0,
      "Common Stock Equity": 31755000000.0,
      "Total Capitalization": 90203000000.0,
      "Total Equity Gross Minority Interest": 45109000000.0,
      "Minority Interest": 13354000000.0,
      "Stockholders Equity": 31755000000.0,
      "Other Equity Interest": 6553000000.0,
      "Treasury Stock": 59000000.0,
      "Retained Earnings": 15096000000.0,
      "Additional Paid In Capital": 7496000000.0,
      "Capital Stock": 10167000000.0,
      "Common Stock": 10167000000.0,
      "Total Liabilities Net Minority Interest": 150115000000.0,
      "Total Non Current Liabilities Net Minority Interest": 91000000000.0,
      "Other Non Current Liabilities": 3639000000.0,
      "Derivative Product Liabilities": 3373000000.0,
      "Non Current Pension And Other Postretirement Benefit Plans": 2320000000.0,
      "Non Current Accrued Expenses": 464000000.0,
      "Non Current Deferred Revenue": 5876000000.0,
      "Non Current Deferred Taxes Liabilities": 8217000000.0,
      "Long Term Debt And Capital Lease Obligation": 61085000000.0,
      "Long Term Capital Lease Obligation": 2637000000.0,
      "Long Term Debt": 58448000000.0,
      "Long Term Provisions": 6018000000.0,
      "Current Liabilities": 59115000000.0,
      "Other Current Liabilities": 2406000000.0,
      "Current Debt And Capital Lease Obligation": 12472000000.0,
      "Current Capital Lease Obligation": 268000000.0,
      "Current Debt": 12204000000.0,
      "Pensionand Other Post Retirement Benefit Plans Current": 235000000.0,
      "Current Provisions": 1294000000.0,
      "Payables": 28762000000.0,
      "Other Payable": 7864000000.0,
      "Dividends Payable": 2470000000.0,
      "Total Tax Payable": 2607000000.0,
      "Accounts Payable": 15821000000.0,
      "Total Assets": 195224000000.0,
      "Total Non Current Assets": 144689000000.0,
      "Other Non Current Assets": 83000000.0,
      "Defined Pension Benefit": 42000000.0,
      "Non Current Prepaid Assets": 349000000.0,
      "Non Current Deferred Taxes Assets": 9218000000.0,
      "Financial Assets": 2383000000.0,
      "Other Investments": null,
      "Investmentin Financial Assets": 8707000000.0,
      "Available For Sale Securities": 8707000000.0,
      "Long Term Equity Investment": 1650000000.0,
      "Investmentsin Joint Venturesat Cost": null,
      "Investments In Other Ventures Under Equity Method": null,
      "Investmentsin Associatesat Cost": null,
      "Investment Properties": 97000000.0,
      "Goodwill And Other Intangible Assets": 30097000000.0,
      "Other Intangible Assets": 17055000000.0,
      "Goodwill": 13042000000.0,
      "Net PPE": 89801000000.0,
      "Accumulated Depreciation": -111123000000.0,
      "Gross PPE": 200924000000.0,
      "Construction In Progress": 14149000000.0,
      "Other Properties": 6366000000.0,
      "Machinery Furniture Equipment": 167123000000.0,
      "Buildings And Improvements": 12656000000.0,
      "Land And Improvements": 630000000.0,
      "Properties": 0.0,
      "Current Assets": 50535000000.0,
      "Other Current Assets": 24000000.0,
      "Hedging Assets Current": 6407000000.0,
      "Assets Held For Sale Current": 5919000000.0,
      "Restricted Cash": 2899000000.0,
      "Prepaid Assets": 399000000.0,
      "Inventory": 4202000000.0,
      "Other Inventories": 559000000.0,
      "Finished Goods": 45000000.0,
      "Raw Materials": 3598000000.0,
      "Other Receivables": 2665000000.0,
      "Taxes Receivable": 2016000000.0,
      "Accounts Receivable": 17773000000.0,
      "Allowance For Doubtful Accounts Receivable": -3775000000.0,
      "Gross Accounts Receivable": 21548000000.0,
      "Cash Cash Equivalents And Short Term Investments": 8231000000.0,
      "Other Short Term Investments": 1430000000.0,
      "Cash And Cash Equivalents": 6801000000.0,
      "Cash Equivalents": 2114000000.0,
      "Cash Financial": 4687000000.0
    },
    "2022-12-31T00:00:00": {
      "Treasury Shares Number": 7153795.0,
      "Ordinary Shares Number": 10159526151.0,
      "Share Issued": 10166679946.0,
      "Net Debt": 74192000000.0,
      "Total Debt": 87905000000.0,
      "Tangible Book Value": -2607000000.0,
      "Invested Capital": 113888000000.0,
      "Working Capital": -3446000000.0,
      "Net Tangible Assets": -2607000000.0,
      "Capital Lease Obligations": 2672000000.0,
      "Common Stock Equity": 28655000000.0,
      "Total Capitalization": 94435000000.0,
      "Total Equity Gross Minority Interest": 42080000000.0,
      "Minority Interest": 13425000000.0,
      "Stockholders Equity": 28655000000.0,
      "Other Equity Interest": 5567000000.0,
      "Treasury Stock": 47000000.0,
      "Retained Earnings": 15795000000.0,
      "Additional Paid In Capital": 7496000000.0,
      "Capital Stock": 10167000000.0,
      "Common Stock": 10167000000.0,
      "Total Liabilities Net Minority Interest": 177794000000.0,
      "Total Non Current Liabilities Net Minority Interest": 102130000000.0,
      "Other Non Current Liabilities": 3899000000.0,
      "Derivative Product Liabilities": 5895000000.0,
      "Non Current Pension And Other Postretirement Benefit Plans": 2202000000.0,
      "Non Current Accrued Expenses": 347000000.0,
      "Non Current Deferred Revenue": 5747000000.0,
      "Non Current Deferred Taxes Liabilities": 9794000000.0,
      "Long Term Debt And Capital Lease Obligation": 68191000000.0,
      "Long Term Capital Lease Obligation": 2411000000.0,
      "Long Term Debt": 65780000000.0,
      "Long Term Provisions": 6055000000.0,
      "Current Liabilities": 75664000000.0,
      "Other Current Liabilities": 2770000000.0,
      "Current Debt And Capital Lease Obligation": 19714000000.0,
      "Current Capital Lease Obligation": 261000000.0,
      "Current Debt": 19453000000.0,
      "Pensionand Other Post Retirement Benefit Plans Current": 215000000.0,
      "Current Provisions": 1325000000.0,
      "Payables": 27266000000.0,
      "Other Payable": 4728000000.0,
      "Dividends Payable": 2228000000.0,
      "Total Tax Payable": 2669000000.0,
      "Accounts Payable": 17641000000.0,
      "Total Assets": 219874000000.0,
      "Total Non Current Assets": 147656000000.0,
      "Other Non Current Assets": 221000000.0,
      "Defined Pension Benefit": 8000000.0,
      "Non Current Prepaid Assets": 349000000.0,
      "Non Current Deferred Taxes Assets": 11175000000.0,
      "Financial Assets": 3970000000.0,
      "Other Investments": 447000000.0,
      "Investmentin Financial Assets": 8311000000.0,
      "Available For Sale Securities": 8311000000.0,
      "Long Term Equity Investment": 1281000000.0,
      "Investmentsin Joint Venturesat Cost": 949000000.0,
      "Investments In Other Ventures Under Equity Method": 1281000000.0,
      "Investmentsin Associatesat Cost": 332000000.0,
      "Investment Properties": 94000000.0,
      "Goodwill And Other Intangible Assets": 31262000000.0,
      "Other Intangible Assets": 17520000000.0,
      "Goodwill": 13742000000.0,
      "Net PPE": 88521000000.0,
      "Accumulated Depreciation": -109627000000.0,
      "Gross PPE": 198148000000.0,
      "Construction In Progress": 13964000000.0,
      "Other Properties": 6032000000.0,
      "Machinery Furniture Equipment": 165370000000.0,
      "Buildings And Improvements": 12153000000.0,
      "Land And Improvements": 629000000.0,
      "Properties": 0.0,
      "Current Assets": 72218000000.0,
      "Other Current Assets": 16000000.0,
      "Hedging Assets Current": 14830000000.0,
      "Assets Held For Sale Current": 6155000000.0,
      "Restricted Cash": 8319000000.0,
      "Prepaid Assets": 429000000.0,
      "Inventory": 4756000000.0,
      "Other Inventories": 158000000.0,
      "Finished Goods": 47000000.0,
      "Raw Materials": 4551000000.0,
      "Other Receivables": 2474000000.0,
      "Taxes Receivable": 2159000000.0,
      "Accounts Receivable": 16605000000.0,
      "Allowance For Doubtful Accounts Receivable": -3783000000.0,
      "Gross Accounts Receivable": 20388000000.0,
      "Cash Cash Equivalents And Short Term Investments": 16475000000.0,
      "Other Short Term Investments": 5434000000.0,
      "Cash And Cash Equivalents": 11041000000.0,
      "Cash Equivalents": 2038000000.0,
      "Cash Financial": 9003000000.0
    },
    "2021-12-31T00:00:00": {
      "Treasury Shares Number": null,
      "Ordinary Shares Number": 10161790794.0,
      "Share Issued": 10161790794.0,
      "Net Debt": 59514000000.0,
      "Total Debt": 70919000000.0,
      "Tangible Book Value": -2238000000.0,
      "Invested Capital": 98025000000.0,
      "Working Capital": -10346000000.0,
      "Net Tangible Assets": -2238000000.0,
      "Capital Lease Obligations": 2547000000.0,
      "Common Stock Equity": 29653000000.0,
      "Total Capitalization": 81865000000.0,
      "Total Equity Gross Minority Interest": 42342000000.0,
      "Minority Interest": 12689000000.0,
      "Stockholders Equity": 29653000000.0,
      "Other Equity Interest": 5567000000.0,
      "Treasury Stock": 36000000.0,
      "Retained Earnings": 17801000000.0,
      "Additional Paid In Capital": 7496000000.0,
      "Capital Stock": 10167000000.0,
      "Common Stock": 10167000000.0,
      "Total Liabilities Net Minority Interest": 164598000000.0,
      "Total Non Current Liabilities Net Minority Interest": 87878000000.0,
      "Other Non Current Liabilities": 4027000000.0,
      "Derivative Product Liabilities": 3339000000.0,
      "Non Current Pension And Other Postretirement Benefit Plans": 2724000000.0,
      "Non Current Accrued Expenses": 498000000.0,
      "Non Current Deferred Revenue": 6214000000.0,
      "Non Current Deferred Taxes Liabilities": 9259000000.0,
      "Long Term Debt And Capital Lease Obligation": 54500000000.0,
      "Long Term Capital Lease Obligation": 2288000000.0,
      "Long Term Debt": 52212000000.0,
      "Long Term Provisions": 7197000000.0,
      "Current Liabilities": 76720000000.0,
      "Other Current Liabilities": 3508000000.0,
      "Current Debt And Capital Lease Obligation": 16419000000.0,
      "Current Capital Lease Obligation": 259000000.0,
      "Current Debt": 16160000000.0,
      "Pensionand Other Post Retirement Benefit Plans Current": 205000000.0,
      "Current Provisions": 1126000000.0,
      "Payables": 26518000000.0,
      "Other Payable": 5382000000.0,
      "Dividends Payable": 2191000000.0,
      "Total Tax Payable": 1986000000.0,
      "Accounts Payable": 16959000000.0,
      "Total Assets": 206940000000.0,
      "Total Non Current Assets": 140566000000.0,
      "Other Non Current Assets": 3268000000.0,
      "Defined Pension Benefit": null,
      "Non Current Prepaid Assets": 50000000.0,
      "Non Current Deferred Taxes Assets": 11034000000.0,
      "Financial Assets": 2772000000.0,
      "Other Investments": null,
      "Investmentin Financial Assets": 5654000000.0,
      "Available For Sale Securities": 5654000000.0,
      "Long Term Equity Investment": 704000000.0,
      "Investmentsin Joint Venturesat Cost": 311000000.0,
      "Investments In Other Ventures Under Equity Method": 704000000.0,
      "Investmentsin Associatesat Cost": 393000000.0,
      "Investment Properties": 91000000.0,
      "Goodwill And Other Intangible Assets": 31891000000.0,
      "Other Intangible Assets": 18070000000.0,
      "Goodwill": 13821000000.0,
      "Net PPE": 84572000000.0,
      "Accumulated Depreciation": -108750000000.0,
      "Gross PPE": 193322000000.0,
      "Construction In Progress": 11819000000.0,
      "Other Properties": 5820000000.0,
      "Machinery Furniture Equipment": 163443000000.0,
      "Buildings And Improvements": 11597000000.0,
      "Land And Improvements": 643000000.0,
      "Properties": 0.0,
      "Current Assets": 66374000000.0,
      "Other Current Assets": null,
      "Hedging Assets Current": 22791000000.0,
      "Assets Held For Sale Current": 1242000000.0,
      "Restricted Cash": 6485000000.0,
      "Prepaid Assets": 412000000.0,
      "Inventory": 3023000000.0,
      "Other Inventories": 158000000.0,
      "Finished Goods": 49000000.0,
      "Raw Materials": 2816000000.0,
      "Other Receivables": 3633000000.0,
      "Taxes Receivable": 1694000000.0,
      "Accounts Receivable": 16076000000.0,
      "Allowance For Doubtful Accounts Receivable": -3663000000.0,
      "Gross Accounts Receivable": 19739000000.0,
      "Cash Cash Equivalents And Short Term Investments": 11018000000.0,
      "Other Short Term Investments": 2160000000.0,
      "Cash And Cash Equivalents": 8858000000.0,
      "Cash Equivalents": 732000000.0,
      "Cash Financial": 8126000000.0
    }
  },
  "cashflow": {
    "2024-12-31T00:00:00": {
      "Free Cash Flow": 3057000000.0,
      "Repurchase Of Capital Stock": -27000000.0,
      "Repayment Of Debt": -11121000000.0,
      "Issuance Of Debt": 6017000000.0,
      "Capital Expenditure": -10166000000.0,
      "End Cash Position": 8195000000.0,
      "Beginning Cash Position": 7143000000.0,
      "Effect Of Exchange Rate Changes": -74000000.0,
      "Changes In Cash": 1126000000.0,
      "Financing Cash Flow": -7989000000.0,
      "Net Other Financing Charges": 2268000000.0,
      "Interest Paid Cff": null,
      "Cash Dividends Paid": -5126000000.0,
      "Net Common Stock Issuance": -27000000.0,
      "Common Stock Payments": -27000000.0,
      "Net Issuance Payments Of Debt": -5104000000.0,
      "Net Long Term Debt Issuance": -5104000000.0,
      "Long Term Debt Payments": -11121000000.0,
      "Long Term Debt Issuance": 6017000000.0,
      "Investing Cash Flow": -4108000000.0,
      "Net Other Investing Changes": 436000000.0,
      "Net Business Purchase And Sale": 5622000000.0,
      "Sale Of Business": 5622000000.0,
      "Purchase Of Business": 0.0,
      "Net Intangibles Purchase And Sale": -1235000000.0,
      "Purchase Of Intangibles": -1235000000.0,
      "Net PPE Purchase And Sale": -8931000000.0,
      "Purchase Of PPE": -8931000000.0,
      "Operating Cash Flow": 13223000000.0,
      "Taxes Refund Paid": -3912000000.0,
      "Interest Received Cfo": 2103000000.0,
      "Interest Paid Cfo": -5276000000.0,
      "Change In Working Capital": 269000000.0,
      "Change In Other Current Assets": 275000000.0,
      "Change In Payable": -2451000000.0,
      "Change In Inventory": 558000000.0,
      "Change In Receivables": 510000000.0,
      "Other Non Cash Items": 3401000000.0,
      "Provisionand Write Offof Assets": null,
      "Deferred Tax": 3654000000.0,
      "Depreciation And Amortization": 6683000000.0,
      "Amortization Cash Flow": 1785000000.0,
      "Depreciation": 4898000000.0,
      "Net Income From Continuing Operations": 8229000000.0
    },
    "2023-12-31T00:00:00": {
      "Free Cash Flow": 1852000000.0,
      "Repurchase Of Capital Stock": -20000000.0,
      "Repayment Of Debt": -10078000000.0,
      "Issuance Of Debt": 6093000000.0,
      "Capital Expenditure": -12768000000.0,
      "End Cash Position": 7143000000.0,
      "Beginning Cash Position": 11543000000.0,
      "Effect Of Exchange Rate Changes": -49000000.0,
      "Changes In Cash": -4351000000.0,
      "Financing Cash Flow": -8361000000.0,
      "Net Other Financing Charges": 779000000.0,
      "Interest Paid Cff": -182000000.0,
      "Cash Dividends Paid": -5135000000.0,
      "Net Common Stock Issuance": -20000000.0,
      "Common Stock Payments": -20000000.0,
      "Net Issuance Payments Of Debt": -3985000000.0,
      "Net Long Term Debt Issuance": -3985000000.0,
      "Long Term Debt Payments": -10078000000.0,
      "Long Term Debt Issuance": 6093000000.0,
      "Investing Cash Flow": -10610000000.0,
      "Net Other Investing Changes": 92000000.0,
      "Net Business Purchase And Sale": 2066000000.0,
      "Sale Of Business": 2083000000.0,
      "Purchase Of Business": -17000000.0,
      "Net Intangibles Purchase And Sale": -1385000000.0,
      "Purchase Of Intangibles": -1385000000.0,
      "Net PPE Purchase And Sale": -11383000000.0,
      "Purchase Of PPE": -11383000000.0,
      "Operating Cash Flow": 14620000000.0,
      "Taxes Refund Paid": -2958000000.0,
      "Interest Received Cfo": 2049000000.0,
      "Interest Paid Cfo": -5657000000.0,
      "Change In Working Capital": 799000000.0,
      "Change In Other Current Assets": 2720000000.0,
      "Change In Payable": -1165000000.0,
      "Change In Inventory": 435000000.0,
      "Change In Receivables": -2594000000.0,
      "Other Non Cash Items": 3437000000.0,
      "Provisionand Write Offof Assets": null,
      "Deferred Tax": 2807000000.0,
      "Depreciation And Amortization": 8457000000.0,
      "Amortization Cash Flow": null,
      "Depreciation": 8457000000.0,
      "Net Income From Continuing Operations": 4267000000.0
    },
    "2022-12-31T00:00:00": {
      "Free Cash Flow": -4593000000.0,
      "Repurchase Of Capital Stock": -14000000.0,
      "Repayment Of Debt": -9979000000.0,
      "Issuance Of Debt": 22399000000.0,
      "Capital Expenditure": -13242000000.0,
      "End Cash Position": 11543000000.0,
      "Beginning Cash Position": 8990000000.0,
      "Effect Of Exchange Rate Changes": 136000000.0,
      "Changes In Cash": 2417000000.0,
      "Financing Cash Flow": 7394000000.0,
      "Net Other Financing Charges": -111000000.0,
      "Interest Paid Cff": -123000000.0,
      "Cash Dividends Paid": -4901000000.0,
      "Net Common Stock Issuance": -14000000.0,
      "Common Stock Payments": -14000000.0,
      "Net Issuance Payments Of Debt": 12420000000.0,
      "Net Long Term Debt Issuance": 12420000000.0,
      "Long Term Debt Payments": -9979000000.0,
      "Long Term Debt Issuance": 22399000000.0,
      "Investing Cash Flow": -13626000000.0,
      "Net Other Investing Changes": -1141000000.0,
      "Net Business Purchase And Sale": 757000000.0,
      "Sale Of Business": 2032000000.0,
      "Purchase Of Business": -1275000000.0,
      "Net Intangibles Purchase And Sale": -1961000000.0,
      "Purchase Of Intangibles": -1961000000.0,
      "Net PPE Purchase And Sale": -11281000000.0,
      "Purchase Of PPE": -11281000000.0,
      "Operating Cash Flow": 8649000000.0,
      "Taxes Refund Paid": -1934000000.0,
      "Interest Received Cfo": 2715000000.0,
      "Interest Paid Cfo": -5134000000.0,
      "Change In Working Capital": -3158000000.0,
      "Change In Other Current Assets": -360000000.0,
      "Change In Payable": 1333000000.0,
      "Change In Inventory": -2166000000.0,
      "Change In Receivables": -2768000000.0,
      "Other Non Cash Items": 2499000000.0,
      "Provisionand Write Offof Assets": -718000000.0,
      "Deferred Tax": 3470000000.0,
      "Depreciation And Amortization": 8809000000.0,
      "Amortization Cash Flow": null,
      "Depreciation": 8809000000.0,
      "Net Income From Continuing Operations": 2920000000.0
    },
    "2021-12-31T00:00:00": {
      "Free Cash Flow": -2286000000.0,
      "Repurchase Of Capital Stock": -13000000.0,
      "Repayment Of Debt": -11321000000.0,
      "Issuance Of Debt": 19234000000.0,
      "Capital Expenditure": -12201000000.0,
      "End Cash Position": 8990000000.0,
      "Beginning Cash Position": 6002000000.0,
      "Effect Of Exchange Rate Changes": 17000000.0,
      "Changes In Cash": 2971000000.0,
      "Financing Cash Flow": 3931000000.0,
      "Net Other Financing Charges": 1001000000.0,
      "Interest Paid Cff": -71000000.0,
      "Cash Dividends Paid": -4970000000.0,
      "Net Common Stock Issuance": -13000000.0,
      "Common Stock Payments": -13000000.0,
      "Net Issuance Payments Of Debt": 7913000000.0,
      "Net Long Term Debt Issuance": 7913000000.0,
      "Long Term Debt Payments": -11321000000.0,
      "Long Term Debt Issuance": 19234000000.0,
      "Investing Cash Flow": -10875000000.0,
      "Net Other Investing Changes": 1548000000.0,
      "Net Business Purchase And Sale": -222000000.0,
      "Sale Of Business": 61000000.0,
      "Purchase Of Business": -283000000.0,
      "Net Intangibles Purchase And Sale": -1656000000.0,
      "Purchase Of Intangibles": -1656000000.0,
      "Net PPE Purchase And Sale": -10545000000.0,
      "Purchase Of PPE": -10545000000.0,
      "Operating Cash Flow": 9915000000.0,
      "Taxes Refund Paid": -1846000000.0,
      "Interest Received Cfo": 1365000000.0,
      "Interest Paid Cfo": -4277000000.0,
      "Change In Working Capital": -1097000000.0,
      "Change In Other Current Assets": 90000000.0,
      "Change In Payable": 4357000000.0,
      "Change In Inventory": -649000000.0,
      "Change In Receivables": -4895000000.0,
      "Other Non Cash Items": 2751000000.0,
      "Provisionand Write Offof Assets": 278000000.0,
      "Deferred Tax": 1643000000.0,
      "Depreciation And Amortization": 8691000000.0,
      "Amortization Cash Flow": 1357000000.0,
      "Depreciation": 8691000000.0,
      "Net Income From Continuing Operations": 3857000000.0
    }
  },
  "earnings_estimate": {
    "avg": {
      "0q": 0.1361,
      "+1q": null,
      "0y": 0.68999,
      "+1y": 0.71737
    },
    "low": {
      "0q": 0.12219,
      "+1q": null,
      "0y": 0.66594,
      "+1y": 0.668
    },
    "high": {
      "0q": 0.15,
      "+1q": null,
      "0y": 0.70887,
      "+1y": 0.74535
    },
    "yearAgoEps": {
      "0q": 0.141,
      "+1q": null,
      "0y": 0.69855,
      "+1y": 0.68999
    },
    "numberOfAnalysts": {
      "0q": 2.0,
      "+1q": null,
      "0y": 16.0,
      "+1y": 19.0
    },
    "growth": {
      "0q": -0.0348,
      "+1q": null,
      "0y": -0.0123000005,
      "+1y": 0.0397
    }
  },
  "revenue_estimate": {
    "avg": {
      "0q": 24363904560,
      "+1q": 0,
      "0y": 81770378740,
      "+1y": 81534031920
    },
    "low": {
      "0q": 19361057000,
      "+1q": 0,
      "0y": 74686000000,
      "+1y": 64264000000
    },
    "high": {
      "0q": 33620656669,
      "+1q": 0,
      "0y": 93322656670,
      "+1y": 111830000000
    },
    "numberOfAnalysts": {
      "0q": 3,
      "+1q": 0,
      "0y": 14,
      "+1y": 20
    },
    "yearAgoRevenue": {
      "0q": 21313000000.0,
      "+1q": null,
      "0y": 78947000000.0,
      "+1y": 81770378740.0
    },
    "growth": {
      "0q": 0.14310001,
      "+1q": null,
      "0y": 0.0358,
      "+1y": -0.0029
    }
  },
  "growth_estimates": {
    "stockTrend": {
      "0q": -0.0348,
      "+1q": null,
      "0y": -0.0123000005,
      "+1y": 0.0397,
      "LTG": null
    },
    "indexTrend": {
      "0q": 0.1273,
      "+1q": 0.103599995,
      "0y": 0.14310001,
      "+1y": 0.1557,
      "LTG": 0.122
    }
  },
  "revenue_forecasts": null,
  "dividend_rate": 0.49,
  "trailing_dividend_rate": 0.485
}