{
  "ticker": "ENI.MI",
  "name": "ENI",
  "country": "italy",
  "currency": "EUR",
  "last_fetched": "2026-02-26T20:48:35.030956",
  "market_cap": 57000878080,
  "revenue": 86556000256,
  "net_income": 2616000000,
  "pe_ratio": 23.607317,
  "forward_pe": 12.454882,
  "dividend_yield": 5.51,
  "profit_margin": 0.03175,
  "roe": 0.05466,
  "debt_to_equity": 65.468,
  "beta": 0.535,
  "ev_to_ebitda": 6.058,
  "sector": "Energy",
  "industry": "Oil & Gas Integrated",
  "summary": "Eni S.p.A. operates as an integrated energy company in Italy, Other European Union, Rest of Europe, the United States, Asia, Africa, and internationally. The company engages in exploration, development, extracting, manufacturing, and marketing crude oil and natural gas, oil-based fuels, chemical products, and gas-fired power, as well as energy products from renewable sources. It operates through Exploration & Production; Global Gas & LNG Portfolio and Power; Refining and Chemicals; Enilive; Plenitude; and Corporate and Other Activities segments. The company engages in research, development, and production of oil, condensates, and natural gas. It is also involved in the supply and sale of wholesale natural gas through pipeline; electricity; and international transport, and purchase and marketing of liquefied natural gas. In addition, the company supplies bio-feedstock and crude oil; and stores, produces, distributes, and markets biofuels, oil products, biomethane, basic chemical and petrochemical products, intermediates, plastics and elastomers, and other chemicals, as well as provides smart mobility solutions and mobility services. Further, the company engages in the retail marketing of gas, electricity, and related services; production and wholesale sale of electricity from renewable plants; and building and managing a network of charging points for electric vehicles. Eni S.p.A. was founded in 1953 and is headquartered in Rome, Italy.",
  "website": "https://www.eni.com",
  "employees": 32492,
  "target_high": 20.0,
  "target_low": 14.5,
  "target_mean": 16.82174,
  "target_median": 17.0,
  "recommendation": "hold",
  "num_analysts": 23,
  "income_stmt": {
    "2024-12-31T00:00:00": {
      "Tax Effect Of Unusual Items": -512160000.0,
      "Tax Rate For Calcs": 0.24,
      "Normalized EBITDA": 25203000000.0,
      "Total Unusual Items": -2134000000.0,
      "Total Unusual Items Excluding Goodwill": -2134000000.0,
      "Net Income From Continuing Operation Net Minority Interest": 2624000000.0,
      "Reconciled Depreciation": 7600000000.0,
      "Reconciled Cost Of Revenue": 78714000000.0,
      "EBITDA": 23069000000.0,
      "EBIT": 15469000000.0,
      "Net Interest Income": -1265000000.0,
      "Interest Expense": 8980000000.0,
      "Interest Income": 7715000000.0,
      "Normalized Income": 4245840000.0,
      "Net Income From Continuing And Discontinued Operation": 2624000000.0,
      "Total Expenses": 82144000000.0,
      "Rent Expense Supplemental": 1512000000.0,
      "Total Operating Income As Reported": 5238000000.0,
      "Diluted Average Shares": 3230400000.0,
      "Basic Average Shares": 3167000000.0,
      "Diluted EPS": 0.78,
      "Basic EPS": 0.79,
      "Diluted NI Availto Com Stockholders": 2523000000.0,
      "Net Income Common Stockholders": 2523000000.0,
      "Otherunder Preferred Stock Dividend": 101000000.0,
      "Net Income": 2624000000.0,
      "Minority Interests": -140000000.0,
      "Net Income Including Noncontrolling Interests": 2764000000.0,
      "Net Income Continuous Operations": 2764000000.0,
      "Tax Provision": 3725000000.0,
      "Pretax Income": 6489000000.0,
      "Other Income Expense": 1101000000.0,
      "Other Non Operating Income Expenses": 2369000000.0,
      "Special Income Charges": -2870000000.0,
      "Gain On Sale Of Ppe": 48000000.0,
      "Gain On Sale Of Business": 562000000.0,
      "Write Off": 168000000.0,
      "Impairment Of Capital Assets": 3480000000.0,
      "Earnings From Equity Interest": 866000000.0,
      "Gain On Sale Of Security": 736000000.0,
      "Net Non Operating Interest Income Expense": -1265000000.0,
      "Total Other Finance Cost": null,
      "Interest Expense Non Operating": 8980000000.0,
      "Interest Income Non Operating": 7715000000.0,
      "Operating Income": 6653000000.0,
      "Operating Expense": 3430000000.0,
      "Provision For Doubtful Accounts": 168000000.0,
      "Selling General And Administration": 3262000000.0,
      "General And Administrative Expense": 3262000000.0,
      "Salaries And Wages": 3262000000.0,
      "Gross Profit": 10083000000.0,
      "Cost Of Revenue": 78714000000.0,
      "Total Revenue": 88797000000.0,
      "Operating Revenue": 88797000000.0
    },
    "2023-12-31T00:00:00": {
      "Tax Effect Of Unusual Items": -120240000.0,
      "Tax Rate For Calcs": 0.24,
      "Normalized EBITDA": 26321000000.0,
      "Total Unusual Items": -501000000.0,
      "Total Unusual Items Excluding Goodwill": -501000000.0,
      "Net Income From Continuing Operation Net Minority Interest": 4771000000.0,
      "Reconciled Depreciation": 7479000000.0,
      "Reconciled Cost Of Revenue": 81315000000.0,
      "EBITDA": 25820000000.0,
      "EBIT": 18341000000.0,
      "Net Interest Income": -696000000.0,
      "Interest Expense": 8113000000.0,
      "Interest Income": 7417000000.0,
      "Normalized Income": 5151760000.0,
      "Net Income From Continuing And Discontinued Operation": 4771000000.0,
      "Total Expenses": 84700000000.0,
      "Rent Expense Supplemental": 1432000000.0,
      "Total Operating Income As Reported": 8257000000.0,
      "Diluted Average Shares": 3327100000.0,
      "Basic Average Shares": 3303800000.0,
      "Diluted EPS": 1.4,
      "Basic EPS": 1.41,
      "Diluted NI Availto Com Stockholders": 4671000000.0,
      "Net Income Common Stockholders": 4671000000.0,
      "Otherunder Preferred Stock Dividend": 100000000.0,
      "Net Income": 4771000000.0,
      "Minority Interests": -89000000.0,
      "Net Income Including Noncontrolling Interests": 4860000000.0,
      "Net Income Continuous Operations": 4860000000.0,
      "Tax Provision": 5368000000.0,
      "Pretax Income": 10228000000.0,
      "Other Income Expense": 1907000000.0,
      "Other Non Operating Income Expenses": 1072000000.0,
      "Special Income Charges": -1880000000.0,
      "Gain On Sale Of Ppe": 27000000.0,
      "Gain On Sale Of Business": 430000000.0,
      "Write Off": 249000000.0,
      "Impairment Of Capital Assets": 2337000000.0,
      "Earnings From Equity Interest": 1336000000.0,
      "Gain On Sale Of Security": 1379000000.0,
      "Net Non Operating Interest Income Expense": -696000000.0,
      "Total Other Finance Cost": -284000000.0,
      "Interest Expense Non Operating": 8113000000.0,
      "Interest Income Non Operating": 7417000000.0,
      "Operating Income": 9017000000.0,
      "Operating Expense": 3385000000.0,
      "Provision For Doubtful Accounts": 249000000.0,
      "Selling General And Administration": 3136000000.0,
      "General And Administrative Expense": 3136000000.0,
      "Salaries And Wages": 3136000000.0,
      "Gross Profit": 12402000000.0,
      "Cost Of Revenue": 81315000000.0,
      "Total Revenue": 93717000000.0,
      "Operating Revenue": 93717000000.0
    },
    "2022-12-31T00:00:00": {
      "Tax Effect Of Unusual Items": 56490180.960588,
      "Tax Rate For Calcs": 0.366819,
      "Normalized EBITDA": 38433000000.0,
      "Total Unusual Items": 154000000.0,
      "Total Unusual Items Excluding Goodwill": 154000000.0,
      "Net Income From Continuing Operation Net Minority Interest": 13887000000.0,
      "Reconciled Depreciation": 7205000000.0,
      "Reconciled Cost Of Revenue": 109734000000.0,
      "EBITDA": 38587000000.0,
      "EBIT": 31382000000.0,
      "Net Interest Income": -883000000.0,
      "Interest Expense": 9333000000.0,
      "Interest Income": 8450000000.0,
      "Normalized Income": 13789490180.960588,
      "Net Income From Continuing And Discontinued Operation": 13887000000.0,
      "Total Expenses": 112702000000.0,
      "Rent Expense Supplemental": 2301000000.0,
      "Total Operating Income As Reported": 17510000000.0,
      "Diluted Average Shares": 3490000000.0,
      "Basic Average Shares": 3483600000.0,
      "Diluted EPS": 3.95,
      "Basic EPS": 3.96,
      "Diluted NI Availto Com Stockholders": 13778000000.0,
      "Net Income Common Stockholders": 13778000000.0,
      "Otherunder Preferred Stock Dividend": 109000000.0,
      "Net Income": 13887000000.0,
      "Minority Interests": -74000000.0,
      "Net Income Including Noncontrolling Interests": 13961000000.0,
      "Net Income Continuous Operations": 13961000000.0,
      "Tax Provision": 8088000000.0,
      "Pretax Income": 22049000000.0,
      "Other Income Expense": 3122000000.0,
      "Other Non Operating Income Expenses": 1127000000.0,
      "Special Income Charges": -1208000000.0,
      "Gain On Sale Of Ppe": 48000000.0,
      "Gain On Sale Of Business": 483000000.0,
      "Write Off": -47000000.0,
      "Impairment Of Capital Assets": 1739000000.0,
      "Earnings From Equity Interest": 1841000000.0,
      "Gain On Sale Of Security": 1362000000.0,
      "Net Non Operating Interest Income Expense": -883000000.0,
      "Total Other Finance Cost": 55000000.0,
      "Interest Expense Non Operating": 9333000000.0,
      "Interest Income Non Operating": 8450000000.0,
      "Operating Income": 19810000000.0,
      "Operating Expense": 2968000000.0,
      "Provision For Doubtful Accounts": -47000000.0,
      "Selling General And Administration": 3015000000.0,
      "General And Administrative Expense": 3015000000.0,
      "Salaries And Wages": 3015000000.0,
      "Gross Profit": 22778000000.0,
      "Cost Of Revenue": 109734000000.0,
      "Total Revenue": 132512000000.0,
      "Operating Revenue": 132512000000.0
    },
    "2021-12-31T00:00:00": {
      "Tax Effect Of Unusual Items": 92160000.0,
      "Tax Rate For Calcs": 0.24,
      "Normalized EBITDA": 21580000000.0,
      "Total Unusual Items": 384000000.0,
      "Total Unusual Items Excluding Goodwill": 384000000.0,
      "Net Income From Continuing Operation Net Minority Interest": 5821000000.0,
      "Reconciled Depreciation": 7063000000.0,
      "Reconciled Cost Of Revenue": 62612000000.0,
      "EBITDA": 21964000000.0,
      "EBIT": 14901000000.0,
      "Net Interest Income": -493000000.0,
      "Interest Expense": 4216000000.0,
      "Interest Income": 3723000000.0,
      "Normalized Income": 5529160000.0,
      "Net Income From Continuing And Discontinued Operation": 5821000000.0,
      "Total Expenses": 65779000000.0,
      "Rent Expense Supplemental": 1233000000.0,
      "Total Operating Income As Reported": 12341000000.0,
      "Diluted Average Shares": 3573600000.0,
      "Basic Average Shares": 3566000000.0,
      "Diluted EPS": 1.6,
      "Basic EPS": 1.61,
      "Diluted NI Availto Com Stockholders": 5726000000.0,
      "Net Income Common Stockholders": 5726000000.0,
      "Otherunder Preferred Stock Dividend": 95000000.0,
      "Net Income": 5821000000.0,
      "Minority Interests": -19000000.0,
      "Net Income Including Noncontrolling Interests": 5840000000.0,
      "Net Income Continuous Operations": 5840000000.0,
      "Tax Provision": 4845000000.0,
      "Pretax Income": 10685000000.0,
      "Other Income Expense": 382000000.0,
      "Other Non Operating Income Expenses": 1089000000.0,
      "Special Income Charges": -446000000.0,
      "Gain On Sale Of Ppe": 107000000.0,
      "Gain On Sale Of Business": 1000000.0,
      "Write Off": 279000000.0,
      "Impairment Of Capital Assets": 554000000.0,
      "Earnings From Equity Interest": -1091000000.0,
      "Gain On Sale Of Security": 830000000.0,
      "Net Non Operating Interest Income Expense": -493000000.0,
      "Total Other Finance Cost": -11000000.0,
      "Interest Expense Non Operating": 4216000000.0,
      "Interest Income Non Operating": 3723000000.0,
      "Operating Income": 10796000000.0,
      "Operating Expense": 3167000000.0,
      "Provision For Doubtful Accounts": 279000000.0,
      "Selling General And Administration": 2888000000.0,
      "General And Administrative Expense": 2888000000.0,
      "Salaries And Wages": 2888000000.0,
      "Gross Profit": 13963000000.0,
      "Cost Of Revenue": 62612000000.0,
      "Total Revenue": 76575000000.0,
      "Operating Revenue": 76575000000.0
    }
  },
  "quarterly_income": {
    "2025-09-30T00:00:00": {
      "Tax Effect Of Unusual Items": 15360000.0,
      "Tax Rate For Calcs": 0.24,
      "Normalized EBITDA": 4573000000.0,
      "Total Unusual Items": 64000000.0,
      "Total Unusual Items Excluding Goodwill": 64000000.0,
      "Net Income From Continuing Operation Net Minority Interest": 803000000.0,
      "Reconciled Depreciation": 1842000000.0,
      "Reconciled Cost Of Revenue": 18354000000.0,
      "EBITDA": 4637000000.0,
      "EBIT": 2795000000.0,
      "Net Interest Income": -311000000.0,
      "Interest Expense": 1150000000.0,
      "Interest Income": 839000000.0,
      "Normalized Income": 754360000.0,
      "Net Income From Continuing And Discontinued Operation": 803000000.0,
      "Total Expenses": 19013000000.0,
      "Total Operating Income As Reported": 1344000000.0,
      "Diluted Average Shares": null,
      "Basic Average Shares": null,
      "Diluted EPS": null,
      "Basic EPS": null,
      "Diluted NI Availto Com Stockholders": 803000000.0,
      "Net Income Common Stockholders": 803000000.0,
      "Net Income": 803000000.0,
      "Minority Interests": -62000000.0,
      "Net Income Including Noncontrolling Interests": 865000000.0,
      "Net Income Continuous Operations": 865000000.0,
      "Tax Provision": 780000000.0,
      "Pretax Income": 1645000000.0,
      "Other Income Expense": 765000000.0,
      "Other Non Operating Income Expenses": 342000000.0,
      "Special Income Charges": -189000000.0,
      "Write Off": -3000000.0,
      "Impairment Of Capital Assets": 192000000.0,
      "Earnings From Equity Interest": 359000000.0,
      "Gain On Sale Of Security": 253000000.0,
      "Net Non Operating Interest Income Expense": -311000000.0,
      "Interest Expense Non Operating": 1150000000.0,
      "Interest Income Non Operating": 839000000.0,
      "Operating Income": 1191000000.0,
      "Operating Expense": 659000000.0,
      "Other Operating Expenses": -85000000.0,
      "Selling General And Administration": 744000000.0,
      "General And Administrative Expense": 744000000.0,
      "Salaries And Wages": 744000000.0,
      "Gross Profit": 1850000000.0,
      "Cost Of Revenue": 18354000000.0,
      "Total Revenue": 20204000000.0,
      "Operating Revenue": 20204000000.0
    },
    "2025-06-30T00:00:00": {
      "Tax Effect Of Unusual Items": 88080000.0,
      "Tax Rate For Calcs": 0.24,
      "Normalized EBITDA": 6186000000.0,
      "Total Unusual Items": 367000000.0,
      "Total Unusual Items Excluding Goodwill": 367000000.0,
      "Net Income From Continuing Operation Net Minority Interest": 543000000.0,
      "Reconciled Depreciation": 1823000000.0,
      "Reconciled Cost Of Revenue": 16927000000.0,
      "EBITDA": 6553000000.0,
      "EBIT": 4730000000.0,
      "Net Interest Income": -212000000.0,
      "Interest Expense": 3325000000.0,
      "Interest Income": 3113000000.0,
      "Normalized Income": 264080000.0,
      "Net Income From Continuing And Discontinued Operation": 543000000.0,
      "Total Expenses": 18175000000.0,
      "Total Operating Income As Reported": 1162000000.0,
      "Diluted Average Shares": 3112300000.0,
      "Basic Average Shares": 3049700000.0,
      "Diluted EPS": 0.16,
      "Basic EPS": 0.16,
      "Diluted NI Availto Com Stockholders": 442000000.0,
      "Net Income Common Stockholders": 442000000.0,
      "Net Income": 543000000.0,
      "Minority Interests": -18000000.0,
      "Net Income Including Noncontrolling Interests": 561000000.0,
      "Net Income Continuous Operations": 561000000.0,
      "Tax Provision": 844000000.0,
      "Pretax Income": 1405000000.0,
      "Other Income Expense": 1025000000.0,
      "Other Non Operating Income Expenses": 355000000.0,
      "Special Income Charges": -221000000.0,
      "Write Off": 58000000.0,
      "Impairment Of Capital Assets": 313000000.0,
      "Earnings From Equity Interest": 303000000.0,
      "Gain On Sale Of Security": 588000000.0,
      "Net Non Operating Interest Income Expense": -212000000.0,
      "Interest Expense Non Operating": 3325000000.0,
      "Interest Income Non Operating": 3113000000.0,
      "Operating Income": 592000000.0,
      "Operating Expense": 1248000000.0,
      "Other Operating Expenses": -162000000.0,
      "Selling General And Administration": 824000000.0,
      "General And Administrative Expense": 824000000.0,
      "Salaries And Wages": 824000000.0,
      "Gross Profit": 1840000000.0,
      "Cost Of Revenue": 16927000000.0,
      "Total Revenue": 18767000000.0,
      "Operating Revenue": 18767000000.0
    },
    "2025-03-31T00:00:00": {
      "Tax Effect Of Unusual Items": -98880000.0,
      "Tax Rate For Calcs": 0.24,
      "Normalized EBITDA": 7202000000.0,
      "Total Unusual Items": -412000000.0,
      "Total Unusual Items Excluding Goodwill": -412000000.0,
      "Net Income From Continuing Operation Net Minority Interest": 1172000000.0,
      "Reconciled Depreciation": 1873000000.0,
      "Reconciled Cost Of Revenue": 19633000000.0,
      "EBITDA": 6790000000.0,
      "EBIT": 4917000000.0,
      "Net Interest Income": -239000000.0,
      "Interest Expense": 2487000000.0,
      "Interest Income": 2248000000.0,
      "Normalized Income": 1485120000.0,
      "Net Income From Continuing And Discontinued Operation": 1172000000.0,
      "Total Expenses": 20229000000.0,
      "Total Operating Income As Reported": 2328000000.0,
      "Diluted Average Shares": 3126000000.0,
      "Basic Average Shares": 3062700000.0,
      "Diluted EPS": 0.36,
      "Basic EPS": 0.36,
      "Diluted NI Availto Com Stockholders": 1172000000.0,
      "Net Income Common Stockholders": 1172000000.0,
      "Net Income": 1172000000.0,
      "Minority Interests": -23000000.0,
      "Net Income Including Noncontrolling Interests": 1195000000.0,
      "Net Income Continuous Operations": 1195000000.0,
      "Tax Provision": 1235000000.0,
      "Pretax Income": 2430000000.0,
      "Other Income Expense": 333000000.0,
      "Other Non Operating Income Expenses": 399000000.0,
      "Special Income Charges": -407000000.0,
      "Write Off": 92000000.0,
      "Impairment Of Capital Assets": 315000000.0,
      "Earnings From Equity Interest": 346000000.0,
      "Gain On Sale Of Security": -5000000.0,
      "Net Non Operating Interest Income Expense": -239000000.0,
      "Interest Expense Non Operating": 2487000000.0,
      "Interest Income Non Operating": 2248000000.0,
      "Operating Income": 2336000000.0,
      "Operating Expense": 596000000.0,
      "Other Operating Expenses": -274000000.0,
      "Selling General And Administration": 870000000.0,
      "General And Administrative Expense": 870000000.0,
      "Salaries And Wages": 870000000.0,
      "Gross Profit": 2932000000.0,
      "Cost Of Revenue": 19633000000.0,
      "Total Revenue": 22565000000.0,
      "Operating Revenue": 22565000000.0
    },
    "2024-12-31T00:00:00": {
      "Tax Effect Of Unusual Items": -314160000.0,
      "Tax Rate For Calcs": 0.24,
      "Normalized EBITDA": 6716000000.0,
      "Total Unusual Items": -1309000000.0,
      "Total Unusual Items Excluding Goodwill": -1309000000.0,
      "Net Income From Continuing Operation Net Minority Interest": 230000000.0,
      "Reconciled Depreciation": 1872000000.0,
      "Reconciled Cost Of Revenue": 21705000000.0,
      "EBITDA": 5407000000.0,
      "EBIT": 3535000000.0,
      "Net Interest Income": -256000000.0,
      "Interest Expense": 3491000000.0,
      "Interest Income": 3235000000.0,
      "Normalized Income": 1224840000.0,
      "Net Income From Continuing And Discontinued Operation": 230000000.0,
      "Total Expenses": 22390000000.0,
      "Total Operating Income As Reported": -373000000.0,
      "Diluted Average Shares": 3179200000.0,
      "Basic Average Shares": 3115900000.0,
      "Diluted EPS": 0.07,
      "Basic EPS": 0.07,
      "Diluted NI Availto Com Stockholders": 129000000.0,
      "Net Income Common Stockholders": 129000000.0,
      "Net Income": 230000000.0,
      "Minority Interests": -58000000.0,
      "Net Income Including Noncontrolling Interests": 288000000.0,
      "Net Income Continuous Operations": 288000000.0,
      "Tax Provision": -244000000.0,
      "Pretax Income": 44000000.0,
      "Other Income Expense": -798000000.0,
      "Other Non Operating Income Expenses": 436000000.0,
      "Special Income Charges": -993000000.0,
      "Write Off": 94000000.0,
      "Impairment Of Capital Assets": 1677000000.0,
      "Earnings From Equity Interest": 75000000.0,
      "Gain On Sale Of Security": -316000000.0,
      "Net Non Operating Interest Income Expense": -256000000.0,
      "Interest Expense Non Operating": 3491000000.0,
      "Interest Income Non Operating": 3235000000.0,
      "Operating Income": 1098000000.0,
      "Operating Expense": 685000000.0,
      "Other Operating Expenses": null,
      "Selling General And Administration": 783000000.0,
      "General And Administrative Expense": 783000000.0,
      "Salaries And Wages": 783000000.0,
      "Gross Profit": 1783000000.0,
      "Cost Of Revenue": 21705000000.0,
      "Total Revenue": 23488000000.0,
      "Operating Revenue": 23488000000.0
    },
    "2024-09-30T00:00:00": {
      "Tax Effect Of Unusual Items": 76080000.0,
      "Tax Rate For Calcs": 0.24,
      "Normalized EBITDA": 5227000000.0,
      "Total Unusual Items": 317000000.0,
      "Total Unusual Items Excluding Goodwill": 317000000.0,
      "Net Income From Continuing Operation Net Minority Interest": 522000000.0,
      "Reconciled Depreciation": 1842000000.0,
      "Reconciled Cost Of Revenue": 18675000000.0,
      "EBITDA": 5544000000.0,
      "EBIT": 3702000000.0,
      "Net Interest Income": -404000000.0,
      "Interest Expense": 2054000000.0,
      "Interest Income": 1650000000.0,
      "Normalized Income": 281080000.0,
      "Net Income From Continuing And Discontinued Operation": 522000000.0,
      "Total Expenses": 19461000000.0,
      "Total Operating Income As Reported": 1360000000.0,
      "Diluted Average Shares": 3223100000.0,
      "Basic Average Shares": 3160100000.0,
      "Diluted EPS": 0.16,
      "Basic EPS": 0.16,
      "Diluted NI Availto Com Stockholders": 522000000.0,
      "Net Income Common Stockholders": 522000000.0,
      "Net Income": 522000000.0,
      "Minority Interests": -22000000.0,
      "Net Income Including Noncontrolling Interests": 544000000.0,
      "Net Income Continuous Operations": 544000000.0,
      "Tax Provision": 1104000000.0,
      "Pretax Income": 1648000000.0,
      "Other Income Expense": 855000000.0,
      "Other Non Operating Income Expenses": 358000000.0,
      "Special Income Charges": -195000000.0,
      "Write Off": -2000000.0,
      "Impairment Of Capital Assets": 197000000.0,
      "Earnings From Equity Interest": 180000000.0,
      "Gain On Sale Of Security": 512000000.0,
      "Net Non Operating Interest Income Expense": -404000000.0,
      "Interest Expense Non Operating": 2054000000.0,
      "Interest Income Non Operating": 1650000000.0,
      "Operating Income": 1197000000.0,
      "Operating Expense": 786000000.0,
      "Other Operating Expenses": -32000000.0,
      "Selling General And Administration": 818000000.0,
      "General And Administrative Expense": 818000000.0,
      "Salaries And Wages": 818000000.0,
      "Gross Profit": 1983000000.0,
      "Cost Of Revenue": 18675000000.0,
      "Total Revenue": 20658000000.0,
      "Operating Revenue": 20658000000.0
    },
    "2024-06-30T00:00:00": {
      "Tax Effect Of Unusual Items": null,
      "Tax Rate For Calcs": null,
      "Normalized EBITDA": null,
      "Total Unusual Items": null,
      "Total Unusual Items Excluding Goodwill": null,
      "Net Income From Continuing Operation Net Minority Interest": null,
      "Reconciled Depreciation": null,
      "Reconciled Cost Of Revenue": null,
      "EBITDA": null,
      "EBIT": null,
      "Net Interest Income": null,
      "Interest Expense": null,
      "Interest Income": null,
      "Normalized Income": null,
      "Net Income From Continuing And Discontinued Operation": null,
      "Total Expenses": null,
      "Total Operating Income As Reported": null,
      "Diluted Average Shares": 3254400000.0,
      "Basic Average Shares": 3191400000.0,
      "Diluted EPS": 0.19,
      "Basic EPS": 0.2,
      "Diluted NI Availto Com Stockholders": null,
      "Net Income Common Stockholders": null,
      "Net Income": null,
      "Minority Interests": null,
      "Net Income Including Noncontrolling Interests": null,
      "Net Income Continuous Operations": null,
      "Tax Provision": null,
      "Pretax Income": null,
      "Other Income Expense": null,
      "Other Non Operating Income Expenses": null,
      "Special Income Charges": null,
      "Write Off": null,
      "Impairment Of Capital Assets": null,
      "Earnings From Equity Interest": null,
      "Gain On Sale Of Security": null,
      "Net Non Operating Interest Income Expense": null,
      "Interest Expense Non Operating": null,
      "Interest Income Non Operating": null,
      "Operating Income": null,
      "Operating Expense": null,
      "Other Operating Expenses": 109000000.0,
      "Selling General And Administration": null,
      "General And Administrative Expense": null,
      "Salaries And Wages": null,
      "Gross Profit": null,
      "Cost Of Revenue": null,
      "Total Revenue": null,
      "Operating Revenue": null
    }
  },
  "balance_sheet": {
    "2024-12-31T00:00:00": {
      "Treasury Shares Number": 201220123.0,
      "Ordinary Shares Number": 3083270402.0,
      "Share Issued": 3284490525.0,
      "Net Debt": 20383000000.0,
      "Total Debt": 36843000000.0,
      "Tangible Book Value": 46351000000.0,
      "Invested Capital": 81297000000.0,
      "Working Capital": 5325000000.0,
      "Net Tangible Assets": 46351000000.0,
      "Capital Lease Obligations": 6453000000.0,
      "Common Stock Equity": 52785000000.0,
      "Total Capitalization": 74355000000.0,
      "Total Equity Gross Minority Interest": 55648000000.0,
      "Minority Interest": 2863000000.0,
      "Stockholders Equity": 52785000000.0,
      "Gains Losses Not Affecting Retained Earnings": 16487000000.0,
      "Other Equity Adjustments": 8406000000.0,
      "Foreign Currency Translation Adjustments": 8081000000.0,
      "Treasury Stock": 2883000000.0,
      "Retained Earnings": 35176000000.0,
      "Capital Stock": 4005000000.0,
      "Common Stock": 4005000000.0,
      "Total Liabilities Net Minority Interest": 91291000000.0,
      "Total Non Current Liabilities Net Minority Interest": 52614000000.0,
      "Other Non Current Liabilities": 3593000000.0,
      "Derivative Product Liabilities": 153000000.0,
      "Employee Benefits": 681000000.0,
      "Tradeand Other Payables Non Current": 88000000.0,
      "Non Current Deferred Liabilities": 5581000000.0,
      "Non Current Deferred Revenue": null,
      "Non Current Deferred Taxes Liabilities": 5581000000.0,
      "Long Term Debt And Capital Lease Obligation": 26744000000.0,
      "Long Term Capital Lease Obligation": 5174000000.0,
      "Long Term Debt": 21570000000.0,
      "Long Term Provisions": 15774000000.0,
      "Current Liabilities": 38677000000.0,
      "Other Current Liabilities": 2943000000.0,
      "Current Deferred Liabilities": 1974000000.0,
      "Current Deferred Revenue": 1974000000.0,
      "Current Debt And Capital Lease Obligation": 10099000000.0,
      "Current Capital Lease Obligation": 1279000000.0,
      "Current Debt": 6942000000.0,
      "Other Current Borrowings": 2704000000.0,
      "Line Of Credit": 4238000000.0,
      "Commercial Paper": null,
      "Current Notes Payable": null,
      "Payables And Accrued Expenses": 23661000000.0,
      "Payables": 23661000000.0,
      "Other Payable": 6155000000.0,
      "Total Tax Payable": 2336000000.0,
      "Income Tax Payable": 587000000.0,
      "Accounts Payable": 15170000000.0,
      "Total Assets": 146939000000.0,
      "Total Non Current Assets": 102937000000.0,
      "Other Non Current Assets": 5382000000.0,
      "Non Current Deferred Assets": 6322000000.0,
      "Non Current Deferred Taxes Assets": 6322000000.0,
      "Non Current Accounts Receivable": 3429000000.0,
      "Financial Assets": 88000000.0,
      "Investments And Advances": 15596000000.0,
      "Other Investments": 1395000000.0,
      "Investmentin Financial Assets": 51000000.0,
      "Available For Sale Securities": 51000000.0,
      "Long Term Equity Investment": 14150000000.0,
      "Investmentsin Joint Venturesat Cost": 9449000000.0,
      "Investmentsin Associatesat Cost": 4619000000.0,
      "Investmentsin Subsidiariesat Cost": 82000000.0,
      "Goodwill And Other Intangible Assets": 6434000000.0,
      "Other Intangible Assets": 3267000000.0,
      "Goodwill": 3167000000.0,
      "Net PPE": 65686000000.0,
      "Accumulated Depreciation": -142580000000.0,
      "Gross PPE": 208266000000.0,
      "Construction In Progress": 20079000000.0,
      "Other Properties": 1922000000.0,
      "Machinery Furniture Equipment": 177712000000.0,
      "Buildings And Improvements": 1067000000.0,
      "Land And Improvements": 4412000000.0,
      "Current Assets": 44002000000.0,
      "Other Current Assets": 1938000000.0,
      "Hedging Assets Current": 874000000.0,
      "Assets Held For Sale Current": 420000000.0,
      "Restricted Cash": 991000000.0,
      "Inventory": 6259000000.0,
      "Other Inventories": 10000000.0,
      "Finished Goods": null,
      "Work In Process": 3092000000.0,
      "Raw Materials": 3157000000.0,
      "Receivables": 18594000000.0,
      "Other Receivables": 2733000000.0,
      "Duefrom Related Parties Current": 1754000000.0,
      "Taxes Receivable": 1545000000.0,
      "Accounts Receivable": 12562000000.0,
      "Cash Cash Equivalents And Short Term Investments": 14926000000.0,
      "Other Short Term Investments": 6797000000.0,
      "Cash And Cash Equivalents": 8129000000.0
    },
    "2023-12-31T00:00:00": {
      "Treasury Shares Number": 157115336.0,
      "Ordinary Shares Number": 3218822557.0,
      "Share Issued": 3375937893.0,
      "Net Debt": 17785000000.0,
      "Total Debt": 34065000000.0,
      "Tangible Book Value": 46805000000.0,
      "Invested Capital": 80957000000.0,
      "Working Capital": 10702000000.0,
      "Net Tangible Assets": 46805000000.0,
      "Capital Lease Obligations": 5336000000.0,
      "Common Stock Equity": 53184000000.0,
      "Total Capitalization": 74900000000.0,
      "Total Equity Gross Minority Interest": 53644000000.0,
      "Minority Interest": 460000000.0,
      "Stockholders Equity": 53184000000.0,
      "Gains Losses Not Affecting Retained Earnings": 13753000000.0,
      "Other Equity Adjustments": 8515000000.0,
      "Foreign Currency Translation Adjustments": 5238000000.0,
      "Treasury Stock": 2333000000.0,
      "Retained Earnings": 37759000000.0,
      "Capital Stock": 4005000000.0,
      "Common Stock": 4005000000.0,
      "Total Liabilities Net Minority Interest": 88962000000.0,
      "Total Non Current Liabilities Net Minority Interest": 50350000000.0,
      "Other Non Current Liabilities": 3236000000.0,
      "Derivative Product Liabilities": 153000000.0,
      "Employee Benefits": 748000000.0,
      "Tradeand Other Payables Non Current": 54000000.0,
      "Non Current Deferred Liabilities": 4702000000.0,
      "Non Current Deferred Revenue": 691000000.0,
      "Non Current Deferred Taxes Liabilities": 4702000000.0,
      "Long Term Debt And Capital Lease Obligation": 25924000000.0,
      "Long Term Capital Lease Obligation": 4208000000.0,
      "Long Term Debt": 21716000000.0,
      "Long Term Provisions": 15533000000.0,
      "Current Liabilities": 38612000000.0,
      "Other Current Liabilities": 5193000000.0,
      "Current Deferred Liabilities": 1845000000.0,
      "Current Deferred Revenue": 1845000000.0,
      "Current Debt And Capital Lease Obligation": 8141000000.0,
      "Current Capital Lease Obligation": 1128000000.0,
      "Current Debt": 6057000000.0,
      "Other Current Borrowings": 1965000000.0,
      "Line Of Credit": 4092000000.0,
      "Commercial Paper": null,
      "Current Notes Payable": null,
      "Payables And Accrued Expenses": 23433000000.0,
      "Payables": 23433000000.0,
      "Other Payable": 5706000000.0,
      "Total Tax Payable": 3496000000.0,
      "Income Tax Payable": 1685000000.0,
      "Accounts Payable": 14231000000.0,
      "Total Assets": 142606000000.0,
      "Total Non Current Assets": 93292000000.0,
      "Other Non Current Assets": 4805000000.0,
      "Non Current Deferred Assets": 4482000000.0,
      "Non Current Deferred Taxes Assets": 4482000000.0,
      "Non Current Accounts Receivable": 2519000000.0,
      "Financial Assets": 46000000.0,
      "Investments And Advances": 13928000000.0,
      "Other Investments": 1256000000.0,
      "Investmentin Financial Assets": 42000000.0,
      "Available For Sale Securities": 42000000.0,
      "Long Term Equity Investment": 12630000000.0,
      "Investmentsin Joint Venturesat Cost": 8250000000.0,
      "Investmentsin Associatesat Cost": 4327000000.0,
      "Investmentsin Subsidiariesat Cost": 53000000.0,
      "Goodwill And Other Intangible Assets": 6379000000.0,
      "Other Intangible Assets": 3246000000.0,
      "Goodwill": 3133000000.0,
      "Net PPE": 61133000000.0,
      "Accumulated Depreciation": -142556000000.0,
      "Gross PPE": 203689000000.0,
      "Construction In Progress": 17978000000.0,
      "Other Properties": 1648000000.0,
      "Machinery Furniture Equipment": 176036000000.0,
      "Buildings And Improvements": 1039000000.0,
      "Land And Improvements": 4354000000.0,
      "Current Assets": 49314000000.0,
      "Other Current Assets": 1399000000.0,
      "Hedging Assets Current": 3323000000.0,
      "Assets Held For Sale Current": 2609000000.0,
      "Restricted Cash": 917000000.0,
      "Inventory": 6186000000.0,
      "Other Inventories": 6000000.0,
      "Finished Goods": null,
      "Work In Process": 3260000000.0,
      "Raw Materials": 2920000000.0,
      "Receivables": 18110000000.0,
      "Other Receivables": 2186000000.0,
      "Duefrom Related Parties Current": 1365000000.0,
      "Taxes Receivable": 1375000000.0,
      "Accounts Receivable": 13184000000.0,
      "Cash Cash Equivalents And Short Term Investments": 16770000000.0,
      "Other Short Term Investments": 6782000000.0,
      "Cash And Cash Equivalents": 9988000000.0
    },
    "2022-12-31T00:00:00": {
      "Treasury Shares Number": 226097834.0,
      "Ordinary Shares Number": 3345390143.0,
      "Share Issued": 3571487977.0,
      "Net Debt": 15904000000.0,
      "Total Debt": 31868000000.0,
      "Tangible Book Value": 49234000000.0,
      "Invested Capital": 80721000000.0,
      "Working Capital": 12330000000.0,
      "Net Tangible Assets": 49234000000.0,
      "Capital Lease Obligations": 4951000000.0,
      "Common Stock Equity": 54759000000.0,
      "Total Capitalization": 74133000000.0,
      "Total Equity Gross Minority Interest": 55230000000.0,
      "Minority Interest": 471000000.0,
      "Stockholders Equity": 54759000000.0,
      "Gains Losses Not Affecting Retained Earnings": 16349000000.0,
      "Other Equity Adjustments": 8785000000.0,
      "Foreign Currency Translation Adjustments": 7564000000.0,
      "Treasury Stock": 2937000000.0,
      "Retained Earnings": 37342000000.0,
      "Capital Stock": 4005000000.0,
      "Common Stock": 4005000000.0,
      "Total Liabilities Net Minority Interest": 96900000000.0,
      "Total Non Current Liabilities Net Minority Interest": 47369000000.0,
      "Other Non Current Liabilities": 2208000000.0,
      "Derivative Product Liabilities": 286000000.0,
      "Employee Benefits": 786000000.0,
      "Tradeand Other Payables Non Current": 287000000.0,
      "Non Current Deferred Liabilities": 5094000000.0,
      "Non Current Deferred Revenue": 706000000.0,
      "Non Current Deferred Taxes Liabilities": 5094000000.0,
      "Long Term Debt And Capital Lease Obligation": 23441000000.0,
      "Long Term Capital Lease Obligation": 4067000000.0,
      "Long Term Debt": 19374000000.0,
      "Long Term Provisions": 15267000000.0,
      "Current Liabilities": 49531000000.0,
      "Other Current Liabilities": 9973000000.0,
      "Current Deferred Liabilities": 2457000000.0,
      "Current Deferred Revenue": 2457000000.0,
      "Current Debt And Capital Lease Obligation": 8427000000.0,
      "Current Capital Lease Obligation": 884000000.0,
      "Current Debt": 6588000000.0,
      "Other Current Borrowings": 2142000000.0,
      "Line Of Credit": 4446000000.0,
      "Commercial Paper": 34000000.0,
      "Current Notes Payable": null,
      "Payables And Accrued Expenses": 28674000000.0,
      "Payables": 28674000000.0,
      "Other Payable": 5576000000.0,
      "Total Tax Payable": 3571000000.0,
      "Income Tax Payable": 2108000000.0,
      "Accounts Payable": 19527000000.0,
      "Total Assets": 152130000000.0,
      "Total Non Current Assets": 90269000000.0,
      "Other Non Current Assets": 3756000000.0,
      "Non Current Deferred Assets": 4569000000.0,
      "Non Current Deferred Taxes Assets": 4569000000.0,
      "Non Current Accounts Receivable": 2182000000.0,
      "Financial Assets": 129000000.0,
      "Investments And Advances": 13330000000.0,
      "Other Investments": 1202000000.0,
      "Investmentin Financial Assets": 36000000.0,
      "Available For Sale Securities": 36000000.0,
      "Long Term Equity Investment": 12092000000.0,
      "Investmentsin Joint Venturesat Cost": 7065000000.0,
      "Investmentsin Associatesat Cost": 4977000000.0,
      "Investmentsin Subsidiariesat Cost": 50000000.0,
      "Goodwill And Other Intangible Assets": 5525000000.0,
      "Other Intangible Assets": 2387000000.0,
      "Goodwill": 3138000000.0,
      "Net PPE": 60778000000.0,
      "Accumulated Depreciation": -141896000000.0,
      "Gross PPE": 202674000000.0,
      "Construction In Progress": 15452000000.0,
      "Other Properties": 1296000000.0,
      "Machinery Furniture Equipment": 178713000000.0,
      "Buildings And Improvements": 1010000000.0,
      "Land And Improvements": 4255000000.0,
      "Current Assets": 61861000000.0,
      "Other Current Assets": 938000000.0,
      "Hedging Assets Current": 11076000000.0,
      "Assets Held For Sale Current": 264000000.0,
      "Restricted Cash": 1363000000.0,
      "Inventory": 7709000000.0,
      "Other Inventories": 4000000.0,
      "Finished Goods": 4962000000.0,
      "Work In Process": 4962000000.0,
      "Raw Materials": 2743000000.0,
      "Receivables": 22202000000.0,
      "Other Receivables": 2877000000.0,
      "Duefrom Related Parties Current": 1645000000.0,
      "Taxes Receivable": 1124000000.0,
      "Accounts Receivable": 16556000000.0,
      "Cash Cash Equivalents And Short Term Investments": 18309000000.0,
      "Other Short Term Investments": 8251000000.0,
      "Cash And Cash Equivalents": 10058000000.0
    },
    "2021-12-31T00:00:00": {
      "Treasury Shares Number": 65838173.0,
      "Ordinary Shares Number": 3539756675.0,
      "Share Issued": 3605594848.0,
      "Net Debt": 19188000000.0,
      "Total Debt": 33131000000.0,
      "Tangible Book Value": 39638000000.0,
      "Invested Capital": 71764000000.0,
      "Working Capital": 13875000000.0,
      "Net Tangible Assets": 39638000000.0,
      "Capital Lease Obligations": 5337000000.0,
      "Common Stock Equity": 44437000000.0,
      "Total Capitalization": 68151000000.0,
      "Total Equity Gross Minority Interest": 44519000000.0,
      "Minority Interest": 82000000.0,
      "Stockholders Equity": 44437000000.0,
      "Gains Losses Not Affecting Retained Earnings": 12819000000.0,
      "Other Equity Adjustments": 6289000000.0,
      "Foreign Currency Translation Adjustments": 6530000000.0,
      "Treasury Stock": 958000000.0,
      "Retained Earnings": 28571000000.0,
      "Capital Stock": 4005000000.0,
      "Common Stock": 4005000000.0,
      "Total Liabilities Net Minority Interest": 93246000000.0,
      "Total Non Current Liabilities Net Minority Interest": 49244000000.0,
      "Other Non Current Liabilities": 1378000000.0,
      "Derivative Product Liabilities": 115000000.0,
      "Employee Benefits": 819000000.0,
      "Tradeand Other Payables Non Current": 401000000.0,
      "Non Current Deferred Liabilities": 4835000000.0,
      "Non Current Deferred Revenue": null,
      "Non Current Deferred Taxes Liabilities": 4835000000.0,
      "Long Term Debt And Capital Lease Obligation": 28103000000.0,
      "Long Term Capital Lease Obligation": 4389000000.0,
      "Long Term Debt": 23714000000.0,
      "Long Term Provisions": 13593000000.0,
      "Current Liabilities": 44002000000.0,
      "Other Current Liabilities": 13963000000.0,
      "Current Deferred Liabilities": 1760000000.0,
      "Current Deferred Revenue": 1760000000.0,
      "Current Debt And Capital Lease Obligation": 5028000000.0,
      "Current Capital Lease Obligation": 948000000.0,
      "Current Debt": 3613000000.0,
      "Other Current Borrowings": 1314000000.0,
      "Line Of Credit": 1463000000.0,
      "Commercial Paper": 836000000.0,
      "Current Notes Payable": 0.0,
      "Payables And Accrued Expenses": 23251000000.0,
      "Payables": 23251000000.0,
      "Other Payable": 4373000000.0,
      "Total Tax Payable": 2083000000.0,
      "Income Tax Payable": 648000000.0,
      "Accounts Payable": 16795000000.0,
      "Total Assets": 137765000000.0,
      "Total Non Current Assets": 79888000000.0,
      "Other Non Current Assets": 1849000000.0,
      "Non Current Deferred Assets": 2713000000.0,
      "Non Current Deferred Taxes Assets": 2713000000.0,
      "Non Current Accounts Receivable": 2122000000.0,
      "Financial Assets": 51000000.0,
      "Investments And Advances": 7234000000.0,
      "Other Investments": 1294000000.0,
      "Investmentin Financial Assets": 53000000.0,
      "Available For Sale Securities": 53000000.0,
      "Long Term Equity Investment": 5887000000.0,
      "Investmentsin Joint Venturesat Cost": 2057000000.0,
      "Investmentsin Associatesat Cost": 3786000000.0,
      "Investmentsin Subsidiariesat Cost": 44000000.0,
      "Goodwill And Other Intangible Assets": 4799000000.0,
      "Other Intangible Assets": 1937000000.0,
      "Goodwill": 2862000000.0,
      "Net PPE": 61120000000.0,
      "Accumulated Depreciation": -145029000000.0,
      "Gross PPE": 206149000000.0,
      "Construction In Progress": 13592000000.0,
      "Other Properties": 1099000000.0,
      "Machinery Furniture Equipment": 184453000000.0,
      "Buildings And Improvements": 948000000.0,
      "Land And Improvements": 4175000000.0,
      "Current Assets": 57877000000.0,
      "Other Current Assets": 732000000.0,
      "Hedging Assets Current": 12460000000.0,
      "Assets Held For Sale Current": 263000000.0,
      "Restricted Cash": 4348000000.0,
      "Inventory": 6072000000.0,
      "Other Inventories": 8000000.0,
      "Finished Goods": 3452000000.0,
      "Work In Process": null,
      "Raw Materials": 2612000000.0,
      "Receivables": 19562000000.0,
      "Other Receivables": 1513000000.0,
      "Duefrom Related Parties Current": 1888000000.0,
      "Taxes Receivable": 637000000.0,
      "Accounts Receivable": 15524000000.0,
      "Cash Cash Equivalents And Short Term Investments": 14440000000.0,
      "Other Short Term Investments": 6301000000.0,
      "Cash And Cash Equivalents": 8139000000.0
    }
  },
  "cashflow": {
    "2024-12-31T00:00:00": {
      "Free Cash Flow": 4602000000.0,
      "Repurchase Of Capital Stock": -2012000000.0,
      "Repayment Of Debt": -5953000000.0,
      "Issuance Of Debt": 3516000000.0,
      "Capital Expenditure": -8490000000.0,
      "End Cash Position": 8183000000.0,
      "Beginning Cash Position": 10205000000.0,
      "Effect Of Exchange Rate Changes": 83000000.0,
      "Changes In Cash": -2105000000.0,
      "Financing Cash Flow": -5380000000.0,
      "Cash Flow From Continuing Financing Activities": -5380000000.0,
      "Net Other Financing Charges": 2336000000.0,
      "Interest Paid Cff": -138000000.0,
      "Cash Dividends Paid": -3068000000.0,
      "Common Stock Dividend Paid": -3068000000.0,
      "Net Common Stock Issuance": -2012000000.0,
      "Common Stock Payments": -2012000000.0,
      "Net Issuance Payments Of Debt": -2498000000.0,
      "Net Short Term Debt Issuance": -61000000.0,
      "Net Long Term Debt Issuance": -2437000000.0,
      "Long Term Debt Payments": -5953000000.0,
      "Long Term Debt Issuance": 3516000000.0,
      "Investing Cash Flow": -9817000000.0,
      "Cash Flow From Continuing Investing Activities": -9817000000.0,
      "Net Other Investing Changes": -875000000.0,
      "Net Investment Purchase And Sale": -919000000.0,
      "Sale Of Investment": 595000000.0,
      "Purchase Of Investment": -1514000000.0,
      "Net Business Purchase And Sale": -908000000.0,
      "Sale Of Business": 887000000.0,
      "Purchase Of Business": -1795000000.0,
      "Net Intangibles Purchase And Sale": -465000000.0,
      "Sale Of Intangibles": 21000000.0,
      "Purchase Of Intangibles": -486000000.0,
      "Net PPE Purchase And Sale": -6650000000.0,
      "Sale Of PPE": 1354000000.0,
      "Purchase Of PPE": -8004000000.0,
      "Operating Cash Flow": 13092000000.0,
      "Cash Flow From Continuing Operating Activities": 13092000000.0,
      "Taxes Refund Paid": -5826000000.0,
      "Interest Received Cfo": 456000000.0,
      "Interest Paid Cfo": -1130000000.0,
      "Dividend Received Cfo": 1946000000.0,
      "Change In Working Capital": 1286000000.0,
      "Change In Other Working Capital": -37000000.0,
      "Change In Payables And Accrued Expense": 110000000.0,
      "Change In Payable": 110000000.0,
      "Change In Account Payable": 110000000.0,
      "Change In Inventory": 68000000.0,
      "Change In Receivables": 1145000000.0,
      "Changes In Account Receivables": 1145000000.0,
      "Other Non Cash Items": 590000000.0,
      "Asset Impairment Charge": 3480000000.0,
      "Deferred Tax": 3725000000.0,
      "Deferred Income Tax": 3725000000.0,
      "Depreciation Amortization Depletion": 7600000000.0,
      "Depreciation And Amortization": 7600000000.0,
      "Operating Gains Losses": -1799000000.0,
      "Pension And Employee Benefit Expense": -105000000.0,
      "Earnings Losses From Equity Investments": -866000000.0,
      "Gain Loss On Investment Securities": -227000000.0,
      "Net Income From Continuing Operations": 2764000000.0
    },
    "2023-12-31T00:00:00": {
      "Free Cash Flow": 5904000000.0,
      "Repurchase Of Capital Stock": -1803000000.0,
      "Repayment Of Debt": -4124000000.0,
      "Issuance Of Debt": 5050000000.0,
      "Capital Expenditure": -9215000000.0,
      "End Cash Position": 10205000000.0,
      "Beginning Cash Position": 10181000000.0,
      "Effect Of Exchange Rate Changes": -62000000.0,
      "Changes In Cash": 86000000.0,
      "Financing Cash Flow": -5668000000.0,
      "Cash Flow From Continuing Financing Activities": -5668000000.0,
      "Net Other Financing Charges": -112000000.0,
      "Interest Paid Cff": -138000000.0,
      "Cash Dividends Paid": -3046000000.0,
      "Common Stock Dividend Paid": -3046000000.0,
      "Net Common Stock Issuance": -1803000000.0,
      "Common Stock Payments": -1803000000.0,
      "Net Issuance Payments Of Debt": -569000000.0,
      "Net Short Term Debt Issuance": -1495000000.0,
      "Net Long Term Debt Issuance": 926000000.0,
      "Long Term Debt Payments": -4124000000.0,
      "Long Term Debt Issuance": 5050000000.0,
      "Investing Cash Flow": -9365000000.0,
      "Cash Flow From Continuing Investing Activities": -9365000000.0,
      "Net Other Investing Changes": 8000000.0,
      "Net Investment Purchase And Sale": 570000000.0,
      "Sale Of Investment": 2273000000.0,
      "Purchase Of Investment": -1703000000.0,
      "Net Business Purchase And Sale": -882000000.0,
      "Sale Of Business": 395000000.0,
      "Purchase Of Business": -1277000000.0,
      "Net Intangibles Purchase And Sale": -444000000.0,
      "Sale Of Intangibles": 32000000.0,
      "Purchase Of Intangibles": -476000000.0,
      "Net PPE Purchase And Sale": -8617000000.0,
      "Sale Of PPE": 122000000.0,
      "Purchase Of PPE": -8739000000.0,
      "Operating Cash Flow": 15119000000.0,
      "Cash Flow From Continuing Operating Activities": 15119000000.0,
      "Taxes Refund Paid": -6283000000.0,
      "Interest Received Cfo": 459000000.0,
      "Interest Paid Cfo": -919000000.0,
      "Dividend Received Cfo": 2255000000.0,
      "Change In Working Capital": 1811000000.0,
      "Change In Other Working Capital": 1520000000.0,
      "Change In Payables And Accrued Expense": -4823000000.0,
      "Change In Payable": -4823000000.0,
      "Change In Account Payable": -4823000000.0,
      "Change In Inventory": 1792000000.0,
      "Change In Receivables": 3322000000.0,
      "Changes In Account Receivables": 3322000000.0,
      "Other Non Cash Items": -217000000.0,
      "Asset Impairment Charge": 2337000000.0,
      "Deferred Tax": 5368000000.0,
      "Deferred Income Tax": 5368000000.0,
      "Depreciation Amortization Depletion": 7479000000.0,
      "Depreciation And Amortization": 7479000000.0,
      "Operating Gains Losses": -2031000000.0,
      "Pension And Employee Benefit Expense": 1000000.0,
      "Earnings Losses From Equity Investments": -1336000000.0,
      "Gain Loss On Investment Securities": -255000000.0,
      "Net Income From Continuing Operations": 4860000000.0
    },
    "2022-12-31T00:00:00": {
      "Free Cash Flow": 9401000000.0,
      "Repurchase Of Capital Stock": -2400000000.0,
      "Repayment Of Debt": -5068000000.0,
      "Issuance Of Debt": 130000000.0,
      "Capital Expenditure": -8059000000.0,
      "End Cash Position": 10181000000.0,
      "Beginning Cash Position": 8265000000.0,
      "Effect Of Exchange Rate Changes": 16000000.0,
      "Changes In Cash": 1900000000.0,
      "Financing Cash Flow": -8542000000.0,
      "Cash Flow From Continuing Financing Activities": -8542000000.0,
      "Net Other Financing Charges": 568000000.0,
      "Interest Paid Cff": -138000000.0,
      "Cash Dividends Paid": -3009000000.0,
      "Common Stock Dividend Paid": -3009000000.0,
      "Net Common Stock Issuance": -2400000000.0,
      "Common Stock Payments": -2400000000.0,
      "Net Issuance Payments Of Debt": -3563000000.0,
      "Net Short Term Debt Issuance": 1375000000.0,
      "Net Long Term Debt Issuance": -4938000000.0,
      "Long Term Debt Payments": -5068000000.0,
      "Long Term Debt Issuance": 130000000.0,
      "Investing Cash Flow": -7018000000.0,
      "Cash Flow From Continuing Investing Activities": -7018000000.0,
      "Net Other Investing Changes": 2231000000.0,
      "Net Investment Purchase And Sale": 340000000.0,
      "Sale Of Investment": 2365000000.0,
      "Purchase Of Investment": -2025000000.0,
      "Net Business Purchase And Sale": -1696000000.0,
      "Sale Of Business": null,
      "Purchase Of Business": -1696000000.0,
      "Net Intangibles Purchase And Sale": -339000000.0,
      "Sale Of Intangibles": 17000000.0,
      "Purchase Of Intangibles": -356000000.0,
      "Net PPE Purchase And Sale": -7554000000.0,
      "Sale Of PPE": 149000000.0,
      "Purchase Of PPE": -7703000000.0,
      "Operating Cash Flow": 17460000000.0,
      "Cash Flow From Continuing Operating Activities": 17460000000.0,
      "Taxes Refund Paid": -8488000000.0,
      "Interest Received Cfo": 116000000.0,
      "Interest Paid Cfo": -851000000.0,
      "Dividend Received Cfo": 1545000000.0,
      "Change In Working Capital": -1279000000.0,
      "Change In Other Working Capital": 1000000.0,
      "Change In Payables And Accrued Expense": 2284000000.0,
      "Change In Payable": 2284000000.0,
      "Change In Account Payable": 2284000000.0,
      "Change In Inventory": -2528000000.0,
      "Change In Receivables": -1036000000.0,
      "Changes In Account Receivables": -1036000000.0,
      "Other Non Cash Items": -1899000000.0,
      "Asset Impairment Charge": 1739000000.0,
      "Deferred Tax": 8088000000.0,
      "Deferred Income Tax": 8088000000.0,
      "Depreciation Amortization Depletion": 7205000000.0,
      "Depreciation And Amortization": 7205000000.0,
      "Operating Gains Losses": -2677000000.0,
      "Pension And Employee Benefit Expense": 39000000.0,
      "Earnings Losses From Equity Investments": -1841000000.0,
      "Gain Loss On Investment Securities": -351000000.0,
      "Net Income From Continuing Operations": 13961000000.0
    },
    "2021-12-31T00:00:00": {
      "Free Cash Flow": 7625000000.0,
      "Repurchase Of Capital Stock": -400000000.0,
      "Repayment Of Debt": -3829000000.0,
      "Issuance Of Debt": 3556000000.0,
      "Capital Expenditure": -5236000000.0,
      "End Cash Position": 8265000000.0,
      "Beginning Cash Position": 9413000000.0,
      "Effect Of Exchange Rate Changes": 52000000.0,
      "Changes In Cash": -1200000000.0,
      "Financing Cash Flow": -2039000000.0,
      "Cash Flow From Continuing Financing Activities": -2039000000.0,
      "Net Other Financing Charges": 1963000000.0,
      "Interest Paid Cff": -61000000.0,
      "Cash Dividends Paid": -2358000000.0,
      "Common Stock Dividend Paid": -2358000000.0,
      "Net Common Stock Issuance": -400000000.0,
      "Common Stock Payments": -400000000.0,
      "Net Issuance Payments Of Debt": -1183000000.0,
      "Net Short Term Debt Issuance": -910000000.0,
      "Net Long Term Debt Issuance": -273000000.0,
      "Long Term Debt Payments": -3829000000.0,
      "Long Term Debt Issuance": 3556000000.0,
      "Investing Cash Flow": -12022000000.0,
      "Cash Flow From Continuing Investing Activities": -12022000000.0,
      "Net Other Investing Changes": 342000000.0,
      "Net Investment Purchase And Sale": -5511000000.0,
      "Sale Of Investment": 296000000.0,
      "Purchase Of Investment": -5807000000.0,
      "Net Business Purchase And Sale": -1825000000.0,
      "Sale Of Business": 76000000.0,
      "Purchase Of Business": -1901000000.0,
      "Net Intangibles Purchase And Sale": -283000000.0,
      "Sale Of Intangibles": 1000000.0,
      "Purchase Of Intangibles": -284000000.0,
      "Net PPE Purchase And Sale": -4745000000.0,
      "Sale Of PPE": 207000000.0,
      "Purchase Of PPE": -4952000000.0,
      "Operating Cash Flow": 12861000000.0,
      "Cash Flow From Continuing Operating Activities": 12861000000.0,
      "Taxes Refund Paid": -3726000000.0,
      "Interest Received Cfo": 28000000.0,
      "Interest Paid Cfo": -792000000.0,
      "Dividend Received Cfo": 857000000.0,
      "Change In Working Capital": -3146000000.0,
      "Change In Other Working Capital": -969000000.0,
      "Change In Payables And Accrued Expense": 7744000000.0,
      "Change In Payable": 7744000000.0,
      "Change In Account Payable": 7744000000.0,
      "Change In Inventory": -2033000000.0,
      "Change In Receivables": -7888000000.0,
      "Changes In Account Receivables": -7888000000.0,
      "Other Non Cash Items": 525000000.0,
      "Asset Impairment Charge": 554000000.0,
      "Deferred Tax": 4845000000.0,
      "Deferred Income Tax": 4845000000.0,
      "Depreciation Amortization Depletion": 7063000000.0,
      "Depreciation And Amortization": 7063000000.0,
      "Operating Gains Losses": 813000000.0,
      "Pension And Employee Benefit Expense": 54000000.0,
      "Earnings Losses From Equity Investments": 1091000000.0,
      "Gain Loss On Investment Securities": -230000000.0,
      "Net Income From Continuing Operations": 5840000000.0
    }
  },
  "earnings_estimate": {
    "avg": {
      "0q": 0.41706,
      "+1q": 0.35385,
      "0y": 1.55425,
      "+1y": 1.79866
    },
    "low": {
      "0q": 0.41706,
      "+1q": 0.35385,
      "0y": 1.5,
      "+1y": 1.478
    },
    "high": {
      "0q": 0.41706,
      "+1q": 0.35385,
      "0y": 1.66,
      "+1y": 2.127
    },
    "yearAgoEps": {
      "0q": 0.4517,
      "+1q": 0.3644,
      "0y": 1.5693,
      "+1y": 1.55425
    },
    "numberOfAnalysts": {
      "0q": 1,
      "+1q": 1,
      "0y": 10,
      "+1y": 21
    },
    "growth": {
      "0q": -0.0767,
      "+1q": -0.029000001,
      "0y": -0.0095999995,
      "+1y": 0.1573
    }
  },
  "revenue_estimate": {
    "avg": {
      "0q": 18851699980,
      "+1q": 19019182160,
      "0y": 80956777590,
      "+1y": 88324464340
    },
    "low": {
      "0q": 18851699980,
      "+1q": 19019182160,
      "0y": 76746657360,
      "+1y": 77370000000
    },
    "high": {
      "0q": 18851699980,
      "+1q": 19019182160,
      "0y": 83795000000,
      "+1y": 105499030250
    },
    "numberOfAnalysts": {
      "0q": 1,
      "+1q": 1,
      "0y": 4,
      "+1y": 9
    },
    "yearAgoRevenue": {
      "0q": 22565000000,
      "+1q": 18767000000,
      "0y": 82151000000,
      "+1y": 80956777590
    },
    "growth": {
      "0q": -0.16459998,
      "+1q": 0.0134000005,
      "0y": -0.0145000005,
      "+1y": 0.091000006
    }
  },
  "growth_estimates": {
    "stockTrend": {
      "0q": -0.0767,
      "+1q": -0.029000001,
      "0y": -0.0095999995,
      "+1y": 0.1573,
      "LTG": null
    },
    "indexTrend": {
      "0q": 0.1273,
      "+1q": 0.103599995,
      "0y": 0.14310001,
      "+1y": 0.1557,
      "LTG": 0.122
    }
  },
  "revenue_forecasts": null,
  "dividend_rate": 1.04,
  "trailing_dividend_rate": 0.25
}