{
  "ticker": "ENR.DE",
  "name": "Siemens Energy",
  "country": "germany",
  "currency": "EUR",
  "last_fetched": "2026-02-26T20:47:20.543055",
  "market_cap": 141003489280,
  "revenue": 39809998848,
  "net_income": 1892999936,
  "pe_ratio": 76.674416,
  "forward_pe": 30.011198,
  "dividend_yield": 0.41,
  "profit_margin": 0.04755,
  "roe": 0.20254,
  "debt_to_equity": 33.02,
  "beta": 1.807,
  "ev_to_ebitda": 42.548,
  "sector": "Industrials",
  "industry": "Specialty Industrial Machinery",
  "summary": "Siemens Energy AG operates as an energy technology company worldwide. It operates through Gas Services, Grid Technologies, Transformation of Industry, and Siemens Gamesa segments. The company provides gas and steam turbines, generators, and heat pumps, as well as performance enhancement, maintenance, digitalization, and consulting services for central and distributed power generation; and high voltage direct current transmission systems, offshore wind farm grid connections, transformers, flexible alternating current transmission systems, high voltage substations, air and gas-insulated switchgears, circuit breakers, capacitor, digital grid solutions and components, components and cyber security, and transformers and storage solutions. It also offers electrolyzers, industrial steam turbines, industrial generators, turbo and reciprocating compressors, drive systems and solutions, batteries and fuel cells, and other systems and solutions, as well as service and digital offerings; onshore and onshore wind turbines; design, engineering, manufacturing, and installation solutions for onshore markets; offshore wind turbine equipment design, manufacturing, and installation solutions; and management, operation and maintenance services for wind farms. The company serves utilities, independent power producers, project developers, municipal energy producers, engineering, procurement, and construction companies, oil and gas, transmission and distribution system operators, and industrial and infrastructure customers. Siemens Energy AG was founded in 1866 and is based in Munich, Germany.",
  "website": "https://www.siemens-energy.com",
  "employees": 103000,
  "target_high": 210.0,
  "target_low": 86.0,
  "target_mean": 161.282,
  "target_median": 175.0,
  "recommendation": "buy",
  "num_analysts": 25,
  "income_stmt": {
    "2025-09-30T00:00:00": {
      "Tax Effect Of Unusual Items": 125520000.0,
      "Tax Rate For Calcs": 0.24,
      "Normalized EBITDA": 3677000000.0,
      "Total Unusual Items": 523000000.0,
      "Total Unusual Items Excluding Goodwill": 523000000.0,
      "Net Income From Continuing Operation Net Minority Interest": 1414000000.0,
      "Reconciled Depreciation": 1694000000.0,
      "Reconciled Cost Of Revenue": 32498000000.0,
      "EBITDA": 4200000000.0,
      "EBIT": 2506000000.0,
      "Net Interest Income": 64000000.0,
      "Interest Expense": 293000000.0,
      "Interest Income": 265000000.0,
      "Normalized Income": 1016520000.0,
      "Net Income From Continuing And Discontinued Operation": 1414000000.0,
      "Total Expenses": 37508000000.0,
      "Total Operating Income As Reported": 2149000000.0,
      "Diluted Average Shares": 883225000.0,
      "Basic Average Shares": 868214000.0,
      "Diluted EPS": 1.6,
      "Basic EPS": 1.63,
      "Diluted NI Availto Com Stockholders": 1414000000.0,
      "Net Income Common Stockholders": 1414000000.0,
      "Otherunder Preferred Stock Dividend": 0.0,
      "Net Income": 1414000000.0,
      "Minority Interests": -271000000.0,
      "Net Income Including Noncontrolling Interests": 1685000000.0,
      "Net Income Continuous Operations": 1686000000.0,
      "Tax Provision": 527000000.0,
      "Pretax Income": 2213000000.0,
      "Special Income Charges": 523000000.0,
      "Other Special Charges": -524000000.0,
      "Write Off": 1000000.0,
      "Net Non Operating Interest Income Expense": 64000000.0,
      "Total Other Finance Cost": -92000000.0,
      "Interest Expense Non Operating": 293000000.0,
      "Interest Income Non Operating": 265000000.0,
      "Operating Income": 1569000000.0,
      "Operating Expense": 5010000000.0,
      "Other Operating Expenses": 394000000.0,
      "Research And Development": 1210000000.0,
      "Selling General And Administration": 3492000000.0,
      "General And Administrative Expense": 3492000000.0,
      "Gross Profit": 6579000000.0,
      "Cost Of Revenue": 32498000000.0,
      "Total Revenue": 39077000000.0,
      "Operating Revenue": 39077000000.0
    },
    "2024-09-30T00:00:00": {
      "Tax Effect Of Unusual Items": 581850000.0,
      "Tax Rate For Calcs": 0.27,
      "Normalized EBITDA": 1510000000.0,
      "Total Unusual Items": 2155000000.0,
      "Total Unusual Items Excluding Goodwill": 2155000000.0,
      "Net Income From Continuing Operation Net Minority Interest": 1184000000.0,
      "Reconciled Depreciation": 1511000000.0,
      "Reconciled Cost Of Revenue": 29962000000.0,
      "EBITDA": 3665000000.0,
      "EBIT": 2154000000.0,
      "Net Interest Income": -303000000.0,
      "Interest Expense": 332000000.0,
      "Interest Income": 204000000.0,
      "Normalized Income": -389150000.0,
      "Net Income From Continuing And Discontinued Operation": 1184000000.0,
      "Total Expenses": 34551000000.0,
      "Total Operating Income As Reported": 2125000000.0,
      "Diluted Average Shares": 874685000.0,
      "Basic Average Shares": 862804000.0,
      "Diluted EPS": 1.35,
      "Basic EPS": 1.37,
      "Diluted NI Availto Com Stockholders": 1184000000.0,
      "Net Income Common Stockholders": 1184000000.0,
      "Otherunder Preferred Stock Dividend": 0.0,
      "Net Income": 1184000000.0,
      "Minority Interests": -150000000.0,
      "Net Income Including Noncontrolling Interests": 1335000000.0,
      "Net Income Continuous Operations": 1335000000.0,
      "Tax Provision": 487000000.0,
      "Pretax Income": 1822000000.0,
      "Special Income Charges": 2155000000.0,
      "Other Special Charges": -2071000000.0,
      "Write Off": -84000000.0,
      "Net Non Operating Interest Income Expense": -303000000.0,
      "Total Other Finance Cost": 175000000.0,
      "Interest Expense Non Operating": 332000000.0,
      "Interest Income Non Operating": 204000000.0,
      "Operating Income": -86000000.0,
      "Operating Expense": 4589000000.0,
      "Other Operating Expenses": 84000000.0,
      "Research And Development": 1209000000.0,
      "Selling General And Administration": 3388000000.0,
      "General And Administrative Expense": 3388000000.0,
      "Gross Profit": 4503000000.0,
      "Cost Of Revenue": 29962000000.0,
      "Total Revenue": 34465000000.0,
      "Operating Revenue": 34465000000.0
    },
    "2023-09-30T00:00:00": {
      "Tax Effect Of Unusual Items": 0.0,
      "Tax Rate For Calcs": 0.15,
      "Normalized EBITDA": -1583000000.0,
      "Total Unusual Items": 0.0,
      "Total Unusual Items Excluding Goodwill": 0.0,
      "Net Income From Continuing Operation Net Minority Interest": -4532000000.0,
      "Reconciled Depreciation": 1515000000.0,
      "Reconciled Cost Of Revenue": 30366000000.0,
      "EBITDA": -1583000000.0,
      "EBIT": -3098000000.0,
      "Net Interest Income": -130000000.0,
      "Interest Expense": 289000000.0,
      "Interest Income": 149000000.0,
      "Normalized Income": -4532000000.0,
      "Net Income From Continuing And Discontinued Operation": -4532000000.0,
      "Total Expenses": 34459000000.0,
      "Total Operating Income As Reported": -3257000000.0,
      "Diluted Average Shares": 828902000.0,
      "Basic Average Shares": 828902000.0,
      "Diluted EPS": -5.47,
      "Basic EPS": -5.47,
      "Diluted NI Availto Com Stockholders": -4532000000.0,
      "Net Income Common Stockholders": -4532000000.0,
      "Otherunder Preferred Stock Dividend": 0.0,
      "Net Income": -4532000000.0,
      "Minority Interests": 57000000.0,
      "Net Income Including Noncontrolling Interests": -4588000000.0,
      "Net Income Continuous Operations": -4589000000.0,
      "Tax Provision": 1202000000.0,
      "Pretax Income": -3387000000.0,
      "Special Income Charges": 0.0,
      "Other Special Charges": null,
      "Write Off": 0.0,
      "Net Non Operating Interest Income Expense": -130000000.0,
      "Total Other Finance Cost": -10000000.0,
      "Interest Expense Non Operating": 289000000.0,
      "Interest Income Non Operating": 149000000.0,
      "Operating Income": -3340000000.0,
      "Operating Expense": 4093000000.0,
      "Other Operating Expenses": 46000000.0,
      "Research And Development": 1123000000.0,
      "Selling General And Administration": 2996000000.0,
      "General And Administrative Expense": 2996000000.0,
      "Gross Profit": 753000000.0,
      "Cost Of Revenue": 30366000000.0,
      "Total Revenue": 31119000000.0,
      "Operating Revenue": 31119000000.0
    },
    "2022-09-30T00:00:00": {
      "Tax Effect Of Unusual Items": 2400000.0,
      "Tax Rate For Calcs": 0.15,
      "Normalized EBITDA": 1161000000.0,
      "Total Unusual Items": 16000000.0,
      "Total Unusual Items Excluding Goodwill": 16000000.0,
      "Net Income From Continuing Operation Net Minority Interest": -467000000.0,
      "Reconciled Depreciation": 1633000000.0,
      "Reconciled Cost Of Revenue": 25665000000.0,
      "EBITDA": 1177000000.0,
      "EBIT": -456000000.0,
      "Net Interest Income": -30000000.0,
      "Interest Expense": 147000000.0,
      "Interest Income": 55000000.0,
      "Normalized Income": -480600000.0,
      "Net Income From Continuing And Discontinued Operation": -467000000.0,
      "Total Expenses": 29683000000.0,
      "Total Operating Income As Reported": -574000000.0,
      "Diluted Average Shares": 720827000.0,
      "Basic Average Shares": 720827000.0,
      "Diluted EPS": -0.65,
      "Basic EPS": -0.65,
      "Diluted NI Availto Com Stockholders": -467000000.0,
      "Net Income Common Stockholders": -467000000.0,
      "Otherunder Preferred Stock Dividend": 0.0,
      "Net Income": -467000000.0,
      "Minority Interests": 245000000.0,
      "Net Income Including Noncontrolling Interests": -712000000.0,
      "Net Income Continuous Operations": -711000000.0,
      "Tax Provision": 108000000.0,
      "Pretax Income": -603000000.0,
      "Special Income Charges": 16000000.0,
      "Other Special Charges": -16000000.0,
      "Write Off": null,
      "Net Non Operating Interest Income Expense": -30000000.0,
      "Total Other Finance Cost": -62000000.0,
      "Interest Expense Non Operating": 147000000.0,
      "Interest Income Non Operating": 55000000.0,
      "Operating Income": -678000000.0,
      "Operating Expense": 4018000000.0,
      "Other Operating Expenses": 262000000.0,
      "Research And Development": 1078000000.0,
      "Selling General And Administration": 2778000000.0,
      "General And Administrative Expense": 2778000000.0,
      "Gross Profit": 3340000000.0,
      "Cost Of Revenue": 25665000000.0,
      "Total Revenue": 29005000000.0,
      "Operating Revenue": 29005000000.0
    },
    "2021-09-30T00:00:00": {
      "Tax Effect Of Unusual Items": null,
      "Tax Rate For Calcs": null,
      "Normalized EBITDA": null,
      "Total Unusual Items": null,
      "Total Unusual Items Excluding Goodwill": null,
      "Net Income From Continuing Operation Net Minority Interest": null,
      "Reconciled Depreciation": null,
      "Reconciled Cost Of Revenue": null,
      "EBITDA": null,
      "EBIT": null,
      "Net Interest Income": null,
      "Interest Expense": null,
      "Interest Income": null,
      "Normalized Income": null,
      "Net Income From Continuing And Discontinued Operation": null,
      "Total Expenses": null,
      "Total Operating Income As Reported": null,
      "Diluted Average Shares": null,
      "Basic Average Shares": null,
      "Diluted EPS": null,
      "Basic EPS": null,
      "Diluted NI Availto Com Stockholders": null,
      "Net Income Common Stockholders": null,
      "Otherunder Preferred Stock Dividend": null,
      "Net Income": null,
      "Minority Interests": null,
      "Net Income Including Noncontrolling Interests": null,
      "Net Income Continuous Operations": null,
      "Tax Provision": null,
      "Pretax Income": null,
      "Special Income Charges": null,
      "Other Special Charges": 4000000.0,
      "Write Off": null,
      "Net Non Operating Interest Income Expense": null,
      "Total Other Finance Cost": null,
      "Interest Expense Non Operating": null,
      "Interest Income Non Operating": null,
      "Operating Income": null,
      "Operating Expense": null,
      "Other Operating Expenses": null,
      "Research And Development": null,
      "Selling General And Administration": null,
      "General And Administrative Expense": null,
      "Gross Profit": null,
      "Cost Of Revenue": null,
      "Total Revenue": null,
      "Operating Revenue": null
    }
  },
  "quarterly_income": {
    "2025-12-31T00:00:00": {
      "Tax Effect Of Unusual Items": 0.0,
      "Tax Rate For Calcs": 0.256972,
      "Normalized EBITDA": 1430000000.0,
      "Net Income From Continuing Operation Net Minority Interest": 677000000.0,
      "Reconciled Depreciation": 378000000.0,
      "Reconciled Cost Of Revenue": 7582000000.0,
      "EBITDA": 1430000000.0,
      "EBIT": 1052000000.0,
      "Net Interest Income": 42000000.0,
      "Interest Expense": 48000000.0,
      "Interest Income": 72000000.0,
      "Normalized Income": 677000000.0,
      "Net Income From Continuing And Discontinued Operation": 677000000.0,
      "Total Expenses": 8795000000.0,
      "Total Operating Income As Reported": 962000000.0,
      "Diluted Average Shares": 867948718.0,
      "Basic Average Shares": 856988000.0,
      "Diluted EPS": 0.78,
      "Basic EPS": 0.79,
      "Diluted NI Availto Com Stockholders": 677000000.0,
      "Net Income Common Stockholders": 677000000.0,
      "Otherunder Preferred Stock Dividend": 0.0,
      "Net Income": 677000000.0,
      "Minority Interests": -69000000.0,
      "Net Income Including Noncontrolling Interests": 746000000.0,
      "Net Income Continuous Operations": 746000000.0,
      "Tax Provision": 258000000.0,
      "Pretax Income": 1004000000.0,
      "Net Non Operating Interest Income Expense": 42000000.0,
      "Total Other Finance Cost": -18000000.0,
      "Interest Expense Non Operating": 48000000.0,
      "Interest Income Non Operating": 72000000.0,
      "Operating Income": 880000000.0,
      "Operating Expense": 1213000000.0,
      "Other Operating Expenses": 209000000.0,
      "Research And Development": 238000000.0,
      "Selling General And Administration": 807000000.0,
      "General And Administrative Expense": 807000000.0,
      "Gross Profit": 2093000000.0,
      "Cost Of Revenue": 7582000000.0,
      "Total Revenue": 9675000000.0,
      "Operating Revenue": 9675000000.0
    },
    "2025-09-30T00:00:00": {
      "Tax Effect Of Unusual Items": 0.0,
      "Tax Rate For Calcs": 0.213333,
      "Normalized EBITDA": 770000000.0,
      "Net Income From Continuing Operation Net Minority Interest": 168000000.0,
      "Reconciled Depreciation": 415000000.0,
      "Reconciled Cost Of Revenue": 8760000000.0,
      "EBITDA": 770000000.0,
      "EBIT": 355000000.0,
      "Net Interest Income": 17000000.0,
      "Interest Expense": 55000000.0,
      "Interest Income": 71000000.0,
      "Normalized Income": 168000000.0,
      "Net Income From Continuing And Discontinued Operation": 168000000.0,
      "Total Expenses": 10149000000.0,
      "Total Operating Income As Reported": 283000000.0,
      "Diluted Average Shares": 874700000.0,
      "Basic Average Shares": 874700000.0,
      "Diluted EPS": 0.19,
      "Basic EPS": 0.19,
      "Diluted NI Availto Com Stockholders": 168000000.0,
      "Net Income Common Stockholders": 168000000.0,
      "Otherunder Preferred Stock Dividend": 0.0,
      "Net Income": 168000000.0,
      "Minority Interests": -68000000.0,
      "Net Income Including Noncontrolling Interests": 236000000.0,
      "Net Income Continuous Operations": 236000000.0,
      "Tax Provision": 64000000.0,
      "Pretax Income": 300000000.0,
      "Net Non Operating Interest Income Expense": 17000000.0,
      "Total Other Finance Cost": -1000000.0,
      "Interest Expense Non Operating": 55000000.0,
      "Interest Income Non Operating": 71000000.0,
      "Operating Income": 278000000.0,
      "Operating Expense": 1389000000.0,
      "Other Operating Expenses": 107000000.0,
      "Research And Development": 320000000.0,
      "Selling General And Administration": 983000000.0,
      "General And Administrative Expense": 983000000.0,
      "Gross Profit": 1667000000.0,
      "Cost Of Revenue": 8760000000.0,
      "Total Revenue": 10428000000.0,
      "Operating Revenue": 10428000000.0
    },
    "2025-06-30T00:00:00": {
      "Tax Effect Of Unusual Items": 0.0,
      "Tax Rate For Calcs": 0.176123,
      "Normalized EBITDA": 1311000000.0,
      "Net Income From Continuing Operation Net Minority Interest": 615000000.0,
      "Reconciled Depreciation": 365000000.0,
      "Reconciled Cost Of Revenue": 8205000000.0,
      "EBITDA": 1311000000.0,
      "EBIT": 946000000.0,
      "Net Interest Income": -63000000.0,
      "Interest Expense": 100000000.0,
      "Interest Income": 66000000.0,
      "Normalized Income": 615000000.0,
      "Net Income From Continuing And Discontinued Operation": 615000000.0,
      "Total Expenses": 9329000000.0,
      "Total Operating Income As Reported": 909000000.0,
      "Diluted Average Shares": 878571429.0,
      "Basic Average Shares": 867495000.0,
      "Diluted EPS": 0.7,
      "Basic EPS": 0.71,
      "Diluted NI Availto Com Stockholders": 615000000.0,
      "Net Income Common Stockholders": 615000000.0,
      "Otherunder Preferred Stock Dividend": 0.0,
      "Net Income": 615000000.0,
      "Minority Interests": -82000000.0,
      "Net Income Including Noncontrolling Interests": 697000000.0,
      "Net Income Continuous Operations": 697000000.0,
      "Tax Provision": 149000000.0,
      "Pretax Income": 846000000.0,
      "Net Non Operating Interest Income Expense": -63000000.0,
      "Total Other Finance Cost": 29000000.0,
      "Interest Expense Non Operating": 100000000.0,
      "Interest Income Non Operating": 66000000.0,
      "Operating Income": 417000000.0,
      "Operating Expense": 1124000000.0,
      "Other Operating Expenses": null,
      "Research And Development": 291000000.0,
      "Selling General And Administration": 851000000.0,
      "General And Administrative Expense": 851000000.0,
      "Gross Profit": 1541000000.0,
      "Cost Of Revenue": 8205000000.0,
      "Total Revenue": 9745000000.0,
      "Operating Revenue": 9745000000.0
    },
    "2025-03-31T00:00:00": {
      "Tax Effect Of Unusual Items": 0.0,
      "Tax Rate For Calcs": 0.170248,
      "Normalized EBITDA": 1301000000.0,
      "Net Income From Continuing Operation Net Minority Interest": 434000000.0,
      "Reconciled Depreciation": 631000000.0,
      "Reconciled Cost Of Revenue": 7990000000.0,
      "EBITDA": 1301000000.0,
      "EBIT": 670000000.0,
      "Net Interest Income": 49000000.0,
      "Interest Expense": 65000000.0,
      "Interest Income": 65000000.0,
      "Normalized Income": 434000000.0,
      "Net Income From Continuing And Discontinued Operation": 434000000.0,
      "Total Expenses": 9423000000.0,
      "Total Operating Income As Reported": 557000000.0,
      "Diluted Average Shares": null,
      "Basic Average Shares": null,
      "Diluted EPS": null,
      "Basic EPS": null,
      "Diluted NI Availto Com Stockholders": 434000000.0,
      "Net Income Common Stockholders": 434000000.0,
      "Otherunder Preferred Stock Dividend": 0.0,
      "Net Income": 434000000.0,
      "Minority Interests": -68000000.0,
      "Net Income Including Noncontrolling Interests": 501000000.0,
      "Net Income Continuous Operations": 502000000.0,
      "Tax Provision": 103000000.0,
      "Pretax Income": 605000000.0,
      "Net Non Operating Interest Income Expense": 49000000.0,
      "Total Other Finance Cost": -49000000.0,
      "Interest Expense Non Operating": 65000000.0,
      "Interest Income Non Operating": 65000000.0,
      "Operating Income": 539000000.0,
      "Operating Expense": 1433000000.0,
      "Other Operating Expenses": 278000000.0,
      "Research And Development": 290000000.0,
      "Selling General And Administration": 906000000.0,
      "General And Administrative Expense": 906000000.0,
      "Gross Profit": 1972000000.0,
      "Cost Of Revenue": 7990000000.0,
      "Total Revenue": 9962000000.0,
      "Operating Revenue": 9962000000.0
    },
    "2024-12-31T00:00:00": {
      "Tax Effect Of Unusual Items": 0.0,
      "Tax Rate For Calcs": 0.15,
      "Normalized EBITDA": 904000000.0,
      "Net Income From Continuing Operation Net Minority Interest": 198000000.0,
      "Reconciled Depreciation": 370000000.0,
      "Reconciled Cost Of Revenue": 7543000000.0,
      "EBITDA": 904000000.0,
      "EBIT": 534000000.0,
      "Net Interest Income": 62000000.0,
      "Interest Expense": 72000000.0,
      "Interest Income": 63000000.0,
      "Normalized Income": 198000000.0,
      "Net Income From Continuing And Discontinued Operation": 198000000.0,
      "Total Expenses": 8606000000.0,
      "Total Operating Income As Reported": 399000000.0,
      "Diluted Average Shares": 864330000.0,
      "Basic Average Shares": 864330000.0,
      "Diluted EPS": 0.23,
      "Basic EPS": 0.23,
      "Diluted NI Availto Com Stockholders": 198000000.0,
      "Net Income Common Stockholders": 198000000.0,
      "Otherunder Preferred Stock Dividend": 0.0,
      "Net Income": 198000000.0,
      "Minority Interests": -53000000.0,
      "Net Income Including Noncontrolling Interests": 252000000.0,
      "Net Income Continuous Operations": 251000000.0,
      "Tax Provision": 211000000.0,
      "Pretax Income": 462000000.0,
      "Net Non Operating Interest Income Expense": 62000000.0,
      "Total Other Finance Cost": -71000000.0,
      "Interest Expense Non Operating": 72000000.0,
      "Interest Income Non Operating": 63000000.0,
      "Operating Income": 336000000.0,
      "Operating Expense": 1063000000.0,
      "Other Operating Expenses": 16000000.0,
      "Research And Development": 310000000.0,
      "Selling General And Administration": 752000000.0,
      "General And Administrative Expense": 752000000.0,
      "Gross Profit": 1399000000.0,
      "Cost Of Revenue": 7543000000.0,
      "Total Revenue": 8942000000.0,
      "Operating Revenue": 8942000000.0
    },
    "2024-09-30T00:00:00": {
      "Tax Effect Of Unusual Items": null,
      "Tax Rate For Calcs": null,
      "Normalized EBITDA": null,
      "Net Income From Continuing Operation Net Minority Interest": null,
      "Reconciled Depreciation": null,
      "Reconciled Cost Of Revenue": null,
      "EBITDA": null,
      "EBIT": null,
      "Net Interest Income": null,
      "Interest Expense": null,
      "Interest Income": null,
      "Normalized Income": null,
      "Net Income From Continuing And Discontinued Operation": null,
      "Total Expenses": null,
      "Total Operating Income As Reported": null,
      "Diluted Average Shares": 862791000.0,
      "Basic Average Shares": 862791000.0,
      "Diluted EPS": -0.34,
      "Basic EPS": -0.34,
      "Diluted NI Availto Com Stockholders": null,
      "Net Income Common Stockholders": null,
      "Otherunder Preferred Stock Dividend": null,
      "Net Income": null,
      "Minority Interests": null,
      "Net Income Including Noncontrolling Interests": null,
      "Net Income Continuous Operations": null,
      "Tax Provision": null,
      "Pretax Income": null,
      "Net Non Operating Interest Income Expense": null,
      "Total Other Finance Cost": null,
      "Interest Expense Non Operating": null,
      "Interest Income Non Operating": null,
      "Operating Income": null,
      "Operating Expense": null,
      "Other Operating Expenses": 42000000.0,
      "Research And Development": null,
      "Selling General And Administration": null,
      "General And Administrative Expense": null,
      "Gross Profit": null,
      "Cost Of Revenue": null,
      "Total Revenue": null,
      "Operating Revenue": null
    }
  },
  "balance_sheet": {
    "2025-09-30T00:00:00": {
      "Treasury Shares Number": 5760701.0,
      "Ordinary Shares Number": 855344213.0,
      "Share Issued": 861104914.0,
      "Total Debt": 3966000000.0,
      "Tangible Book Value": -1187000000.0,
      "Invested Capital": 12181000000.0,
      "Working Capital": -4038000000.0,
      "Net Tangible Assets": -1187000000.0,
      "Capital Lease Obligations": 2085000000.0,
      "Common Stock Equity": 10301000000.0,
      "Total Capitalization": 11048000000.0,
      "Total Equity Gross Minority Interest": 10676000000.0,
      "Minority Interest": 375000000.0,
      "Stockholders Equity": 10301000000.0,
      "Other Equity Interest": -807000000.0,
      "Treasury Stock": 228000000.0,
      "Retained Earnings": -3990000000.0,
      "Additional Paid In Capital": 14465000000.0,
      "Capital Stock": 861000000.0,
      "Common Stock": 861000000.0,
      "Total Liabilities Net Minority Interest": 45961000000.0,
      "Total Non Current Liabilities Net Minority Interest": 7470000000.0,
      "Other Non Current Liabilities": 526000000.0,
      "Non Current Pension And Other Postretirement Benefit Plans": 406000000.0,
      "Tradeand Other Payables Non Current": null,
      "Non Current Deferred Taxes Liabilities": 634000000.0,
      "Long Term Debt And Capital Lease Obligation": 2438000000.0,
      "Long Term Capital Lease Obligation": 1691000000.0,
      "Long Term Debt": 747000000.0,
      "Long Term Provisions": 3065000000.0,
      "Current Liabilities": 38491000000.0,
      "Other Current Liabilities": 2934000000.0,
      "Current Debt And Capital Lease Obligation": 1528000000.0,
      "Current Capital Lease Obligation": 394000000.0,
      "Current Debt": 1133000000.0,
      "Current Provisions": 2778000000.0,
      "Payables": 6889000000.0,
      "Total Tax Payable": 896000000.0,
      "Accounts Payable": 5993000000.0,
      "Total Assets": 56637000000.0,
      "Total Non Current Assets": 22184000000.0,
      "Other Non Current Assets": 418000000.0,
      "Non Current Deferred Taxes Assets": 904000000.0,
      "Investmentin Financial Assets": 1531000000.0,
      "Available For Sale Securities": 1531000000.0,
      "Long Term Equity Investment": 703000000.0,
      "Goodwill And Other Intangible Assets": 11488000000.0,
      "Other Intangible Assets": 2451000000.0,
      "Goodwill": 9037000000.0,
      "Net PPE": 7140000000.0,
      "Accumulated Depreciation": -8388000000.0,
      "Gross PPE": 15528000000.0,
      "Construction In Progress": 1172000000.0,
      "Other Properties": 998000000.0,
      "Machinery Furniture Equipment": 8020000000.0,
      "Buildings And Improvements": 2309000000.0,
      "Land And Improvements": 3029000000.0,
      "Properties": 0.0,
      "Current Assets": 34453000000.0,
      "Other Current Assets": 422000000.0,
      "Assets Held For Sale Current": 386000000.0,
      "Prepaid Assets": 594000000.0,
      "Inventory": 9783000000.0,
      "Finished Goods": 2392000000.0,
      "Work In Process": 5005000000.0,
      "Raw Materials": 2386000000.0,
      "Other Receivables": 4295000000.0,
      "Taxes Receivable": 1209000000.0,
      "Accounts Receivable": 7571000000.0,
      "Cash Cash Equivalents And Short Term Investments": 10193000000.0,
      "Other Short Term Investments": 1031000000.0,
      "Cash And Cash Equivalents": 9162000000.0
    },
    "2024-09-30T00:00:00": {
      "Treasury Shares Number": 9114474.0,
      "Ordinary Shares Number": 790195238.0,
      "Share Issued": 799309712.0,
      "Total Debt": 3766000000.0,
      "Tangible Book Value": -3195000000.0,
      "Invested Capital": 11085000000.0,
      "Working Capital": -3392000000.0,
      "Net Tangible Assets": -3195000000.0,
      "Capital Lease Obligations": 1757000000.0,
      "Common Stock Equity": 9075000000.0,
      "Total Capitalization": 10925000000.0,
      "Total Equity Gross Minority Interest": 9364000000.0,
      "Minority Interest": 289000000.0,
      "Stockholders Equity": 9075000000.0,
      "Other Equity Interest": -514000000.0,
      "Treasury Stock": 144000000.0,
      "Retained Earnings": -5578000000.0,
      "Additional Paid In Capital": 14512000000.0,
      "Capital Stock": 799000000.0,
      "Common Stock": 799000000.0,
      "Total Liabilities Net Minority Interest": 41510000000.0,
      "Total Non Current Liabilities Net Minority Interest": 8039000000.0,
      "Other Non Current Liabilities": 493000000.0,
      "Non Current Pension And Other Postretirement Benefit Plans": 600000000.0,
      "Tradeand Other Payables Non Current": 494000000.0,
      "Non Current Deferred Taxes Liabilities": 415000000.0,
      "Long Term Debt And Capital Lease Obligation": 3287000000.0,
      "Long Term Capital Lease Obligation": 1437000000.0,
      "Long Term Debt": 1850000000.0,
      "Long Term Provisions": 2880000000.0,
      "Current Liabilities": 33471000000.0,
      "Other Current Liabilities": 2460000000.0,
      "Current Debt And Capital Lease Obligation": 479000000.0,
      "Current Capital Lease Obligation": 320000000.0,
      "Current Debt": 160000000.0,
      "Current Provisions": 3163000000.0,
      "Payables": 7043000000.0,
      "Total Tax Payable": 750000000.0,
      "Accounts Payable": 6293000000.0,
      "Total Assets": 50874000000.0,
      "Total Non Current Assets": 20795000000.0,
      "Other Non Current Assets": 373000000.0,
      "Non Current Deferred Taxes Assets": 692000000.0,
      "Investmentin Financial Assets": 473000000.0,
      "Available For Sale Securities": 473000000.0,
      "Long Term Equity Investment": 767000000.0,
      "Goodwill And Other Intangible Assets": 12270000000.0,
      "Other Intangible Assets": 2810000000.0,
      "Goodwill": 9460000000.0,
      "Net PPE": 6220000000.0,
      "Accumulated Depreciation": -7977000000.0,
      "Gross PPE": 14197000000.0,
      "Construction In Progress": 934000000.0,
      "Other Properties": 761000000.0,
      "Machinery Furniture Equipment": 7570000000.0,
      "Buildings And Improvements": 1994000000.0,
      "Land And Improvements": 2938000000.0,
      "Properties": 0.0,
      "Current Assets": 30079000000.0,
      "Other Current Assets": 366000000.0,
      "Assets Held For Sale Current": 126000000.0,
      "Prepaid Assets": 730000000.0,
      "Inventory": 9061000000.0,
      "Finished Goods": 2286000000.0,
      "Work In Process": 4636000000.0,
      "Raw Materials": 2139000000.0,
      "Other Receivables": 4190000000.0,
      "Taxes Receivable": 1289000000.0,
      "Accounts Receivable": 7072000000.0,
      "Cash Cash Equivalents And Short Term Investments": 7245000000.0,
      "Other Short Term Investments": 882000000.0,
      "Cash And Cash Equivalents": 6363000000.0
    },
    "2023-09-30T00:00:00": {
      "Treasury Shares Number": 7174161.0,
      "Ordinary Shares Number": 792135551.0,
      "Share Issued": 799309712.0,
      "Total Debt": 4781000000.0,
      "Tangible Book Value": -4648000000.0,
      "Invested Capital": 11694000000.0,
      "Working Capital": -5032000000.0,
      "Net Tangible Assets": -4648000000.0,
      "Capital Lease Obligations": 1591000000.0,
      "Common Stock Equity": 8503000000.0,
      "Total Capitalization": 10403000000.0,
      "Total Equity Gross Minority Interest": 8788000000.0,
      "Minority Interest": 285000000.0,
      "Stockholders Equity": 8503000000.0,
      "Other Equity Interest": -34000000.0,
      "Treasury Stock": 154000000.0,
      "Retained Earnings": -6583000000.0,
      "Additional Paid In Capital": 14475000000.0,
      "Capital Stock": 799000000.0,
      "Common Stock": 799000000.0,
      "Total Liabilities Net Minority Interest": 39119000000.0,
      "Total Non Current Liabilities Net Minority Interest": 7520000000.0,
      "Other Non Current Liabilities": 600000000.0,
      "Non Current Pension And Other Postretirement Benefit Plans": 519000000.0,
      "Tradeand Other Payables Non Current": 601000000.0,
      "Non Current Deferred Taxes Liabilities": 296000000.0,
      "Long Term Debt And Capital Lease Obligation": 3190000000.0,
      "Long Term Capital Lease Obligation": 1291000000.0,
      "Long Term Debt": 1900000000.0,
      "Long Term Provisions": 2682000000.0,
      "Current Liabilities": 31599000000.0,
      "Other Current Liabilities": 2242000000.0,
      "Current Debt And Capital Lease Obligation": 1591000000.0,
      "Current Capital Lease Obligation": 300000000.0,
      "Current Debt": 1291000000.0,
      "Current Provisions": 2901000000.0,
      "Payables": 7404000000.0,
      "Total Tax Payable": 746000000.0,
      "Accounts Payable": 6658000000.0,
      "Total Assets": 47907000000.0,
      "Total Non Current Assets": 21339000000.0,
      "Other Non Current Assets": 412000000.0,
      "Non Current Deferred Taxes Assets": 488000000.0,
      "Investmentin Financial Assets": 366000000.0,
      "Available For Sale Securities": 366000000.0,
      "Long Term Equity Investment": 1198000000.0,
      "Goodwill And Other Intangible Assets": 13151000000.0,
      "Other Intangible Assets": 3169000000.0,
      "Goodwill": 9982000000.0,
      "Net PPE": 5724000000.0,
      "Accumulated Depreciation": -7682000000.0,
      "Gross PPE": 13406000000.0,
      "Construction In Progress": 686000000.0,
      "Other Properties": null,
      "Machinery Furniture Equipment": 7921000000.0,
      "Buildings And Improvements": 1945000000.0,
      "Land And Improvements": 2854000000.0,
      "Properties": 0.0,
      "Current Assets": 26567000000.0,
      "Other Current Assets": 1057000000.0,
      "Assets Held For Sale Current": 98000000.0,
      "Prepaid Assets": 597000000.0,
      "Inventory": 8364000000.0,
      "Finished Goods": 1753000000.0,
      "Work In Process": 4250000000.0,
      "Raw Materials": 2361000000.0,
      "Other Receivables": 4153000000.0,
      "Taxes Receivable": 453000000.0,
      "Accounts Receivable": 6537000000.0,
      "Cash Cash Equivalents And Short Term Investments": 5308000000.0,
      "Other Short Term Investments": 720000000.0,
      "Cash And Cash Equivalents": 4588000000.0
    },
    "2022-09-30T00:00:00": {
      "Treasury Shares Number": 7118997.0,
      "Ordinary Shares Number": 719526196.0,
      "Share Issued": 726645193.0,
      "Total Debt": 3223000000.0,
      "Tangible Book Value": 3075000000.0,
      "Invested Capital": 18931000000.0,
      "Working Capital": 685000000.0,
      "Net Tangible Assets": 3075000000.0,
      "Capital Lease Obligations": 1414000000.0,
      "Common Stock Equity": 17122000000.0,
      "Total Capitalization": 18445000000.0,
      "Total Equity Gross Minority Interest": 17118000000.0,
      "Minority Interest": -4000000.0,
      "Stockholders Equity": 17122000000.0,
      "Other Equity Interest": 917000000.0,
      "Treasury Stock": 168000000.0,
      "Retained Earnings": 2384000000.0,
      "Additional Paid In Capital": 13262000000.0,
      "Capital Stock": 727000000.0,
      "Common Stock": 727000000.0,
      "Total Liabilities Net Minority Interest": 33966000000.0,
      "Total Non Current Liabilities Net Minority Interest": 6034000000.0,
      "Other Non Current Liabilities": 2000000.0,
      "Non Current Pension And Other Postretirement Benefit Plans": 570000000.0,
      "Tradeand Other Payables Non Current": 661000000.0,
      "Non Current Deferred Taxes Liabilities": 145000000.0,
      "Long Term Debt And Capital Lease Obligation": 2474000000.0,
      "Long Term Capital Lease Obligation": 1151000000.0,
      "Long Term Debt": 1323000000.0,
      "Long Term Provisions": 1799000000.0,
      "Current Liabilities": 27932000000.0,
      "Other Current Liabilities": 2110000000.0,
      "Current Debt And Capital Lease Obligation": 749000000.0,
      "Current Capital Lease Obligation": 263000000.0,
      "Current Debt": 486000000.0,
      "Current Provisions": 2129000000.0,
      "Payables": 7458000000.0,
      "Total Tax Payable": 676000000.0,
      "Accounts Payable": 6782000000.0,
      "Total Assets": 51084000000.0,
      "Total Non Current Assets": 22467000000.0,
      "Other Non Current Assets": 384000000.0,
      "Non Current Deferred Taxes Assets": 1264000000.0,
      "Investmentin Financial Assets": 504000000.0,
      "Available For Sale Securities": 504000000.0,
      "Long Term Equity Investment": 833000000.0,
      "Goodwill And Other Intangible Assets": 14047000000.0,
      "Other Intangible Assets": 3591000000.0,
      "Goodwill": 10456000000.0,
      "Net PPE": 5435000000.0,
      "Accumulated Depreciation": -7298000000.0,
      "Gross PPE": 12733000000.0,
      "Construction In Progress": 605000000.0,
      "Other Properties": 5089000000.0,
      "Machinery Furniture Equipment": 2530000000.0,
      "Buildings And Improvements": 1727000000.0,
      "Land And Improvements": 2782000000.0,
      "Properties": 0.0,
      "Current Assets": 28617000000.0,
      "Other Current Assets": 1092000000.0,
      "Assets Held For Sale Current": 318000000.0,
      "Prepaid Assets": 554000000.0,
      "Inventory": 7428000000.0,
      "Finished Goods": 1625000000.0,
      "Work In Process": 3557000000.0,
      "Raw Materials": 2246000000.0,
      "Other Receivables": 4718000000.0,
      "Taxes Receivable": 467000000.0,
      "Accounts Receivable": 5572000000.0,
      "Cash Cash Equivalents And Short Term Investments": 8468000000.0,
      "Other Short Term Investments": 2509000000.0,
      "Cash And Cash Equivalents": 5959000000.0
    },
    "2021-09-30T00:00:00": {
      "Treasury Shares Number": null,
      "Ordinary Shares Number": null,
      "Share Issued": null,
      "Total Debt": null,
      "Tangible Book Value": null,
      "Invested Capital": null,
      "Working Capital": null,
      "Net Tangible Assets": null,
      "Capital Lease Obligations": null,
      "Common Stock Equity": null,
      "Total Capitalization": null,
      "Total Equity Gross Minority Interest": null,
      "Minority Interest": null,
      "Stockholders Equity": null,
      "Other Equity Interest": null,
      "Treasury Stock": null,
      "Retained Earnings": null,
      "Additional Paid In Capital": null,
      "Capital Stock": null,
      "Common Stock": null,
      "Total Liabilities Net Minority Interest": null,
      "Total Non Current Liabilities Net Minority Interest": null,
      "Other Non Current Liabilities": null,
      "Non Current Pension And Other Postretirement Benefit Plans": null,
      "Tradeand Other Payables Non Current": 702000000.0,
      "Non Current Deferred Taxes Liabilities": null,
      "Long Term Debt And Capital Lease Obligation": null,
      "Long Term Capital Lease Obligation": null,
      "Long Term Debt": null,
      "Long Term Provisions": null,
      "Current Liabilities": null,
      "Other Current Liabilities": null,
      "Current Debt And Capital Lease Obligation": null,
      "Current Capital Lease Obligation": null,
      "Current Debt": null,
      "Current Provisions": null,
      "Payables": null,
      "Total Tax Payable": null,
      "Accounts Payable": null,
      "Total Assets": null,
      "Total Non Current Assets": null,
      "Other Non Current Assets": null,
      "Non Current Deferred Taxes Assets": null,
      "Investmentin Financial Assets": null,
      "Available For Sale Securities": null,
      "Long Term Equity Investment": null,
      "Goodwill And Other Intangible Assets": null,
      "Other Intangible Assets": null,
      "Goodwill": null,
      "Net PPE": null,
      "Accumulated Depreciation": null,
      "Gross PPE": null,
      "Construction In Progress": null,
      "Other Properties": 1000000.0,
      "Machinery Furniture Equipment": null,
      "Buildings And Improvements": null,
      "Land And Improvements": null,
      "Properties": null,
      "Current Assets": null,
      "Other Current Assets": null,
      "Assets Held For Sale Current": null,
      "Prepaid Assets": null,
      "Inventory": null,
      "Finished Goods": null,
      "Work In Process": null,
      "Raw Materials": null,
      "Other Receivables": null,
      "Taxes Receivable": null,
      "Accounts Receivable": null,
      "Cash Cash Equivalents And Short Term Investments": null,
      "Other Short Term Investments": null,
      "Cash And Cash Equivalents": null
    }
  },
  "cashflow": {
    "2025-09-30T00:00:00": {
      "Free Cash Flow": 4097000000.0,
      "Repurchase Of Capital Stock": -170000000.0,
      "Repayment Of Debt": -208000000.0,
      "Issuance Of Debt": 0.0,
      "Issuance Of Capital Stock": null,
      "Capital Expenditure": -1724000000.0,
      "End Cash Position": 9249000000.0,
      "Other Cash Adjustment Outside Changein Cash": 1000000.0,
      "Beginning Cash Position": 6363000000.0,
      "Effect Of Exchange Rate Changes": -183000000.0,
      "Changes In Cash": 3068000000.0,
      "Financing Cash Flow": -1135000000.0,
      "Net Other Financing Charges": 2000000.0,
      "Interest Paid Cff": -221000000.0,
      "Cash Dividends Paid": null,
      "Net Common Stock Issuance": -170000000.0,
      "Common Stock Payments": -170000000.0,
      "Common Stock Issuance": null,
      "Net Issuance Payments Of Debt": -208000000.0,
      "Net Long Term Debt Issuance": -208000000.0,
      "Long Term Debt Payments": -208000000.0,
      "Long Term Debt Issuance": 0.0,
      "Investing Cash Flow": -1618000000.0,
      "Net Other Investing Changes": null,
      "Net Investment Purchase And Sale": 21000000.0,
      "Sale Of Investment": 101000000.0,
      "Purchase Of Investment": -80000000.0,
      "Net Business Purchase And Sale": 24000000.0,
      "Sale Of Business": 125000000.0,
      "Purchase Of Business": -101000000.0,
      "Net Intangibles Purchase And Sale": -1663000000.0,
      "Sale Of Intangibles": 61000000.0,
      "Purchase Of Intangibles": -1724000000.0,
      "Operating Cash Flow": 5821000000.0,
      "Taxes Refund Paid": -566000000.0,
      "Interest Received Cfo": 239000000.0,
      "Dividend Received Cfo": 28000000.0,
      "Change In Working Capital": 2568000000.0,
      "Change In Other Current Assets": 4604000000.0,
      "Change In Payable": -130000000.0,
      "Change In Inventory": -900000000.0,
      "Change In Receivables": -1006000000.0,
      "Other Non Cash Items": 96000000.0,
      "Deferred Tax": 527000000.0,
      "Depreciation And Amortization": 1694000000.0,
      "Amortization Cash Flow": 1203000000.0,
      "Depreciation": 491000000.0,
      "Gain Loss On Investment Securities": -539000000.0,
      "Net Income From Continuing Operations": 1685000000.0
    },
    "2024-09-30T00:00:00": {
      "Free Cash Flow": 1375000000.0,
      "Repurchase Of Capital Stock": -130000000.0,
      "Repayment Of Debt": -1350000000.0,
      "Issuance Of Debt": null,
      "Issuance Of Capital Stock": 0.0,
      "Capital Expenditure": -1514000000.0,
      "End Cash Position": 6363000000.0,
      "Other Cash Adjustment Outside Changein Cash": null,
      "Beginning Cash Position": 4588000000.0,
      "Effect Of Exchange Rate Changes": -106000000.0,
      "Changes In Cash": 1881000000.0,
      "Financing Cash Flow": -2258000000.0,
      "Net Other Financing Charges": 4000000.0,
      "Interest Paid Cff": -332000000.0,
      "Cash Dividends Paid": null,
      "Net Common Stock Issuance": -130000000.0,
      "Common Stock Payments": -130000000.0,
      "Common Stock Issuance": 0.0,
      "Net Issuance Payments Of Debt": -1350000000.0,
      "Net Long Term Debt Issuance": -1350000000.0,
      "Long Term Debt Payments": -1350000000.0,
      "Long Term Debt Issuance": null,
      "Investing Cash Flow": 1250000000.0,
      "Net Other Investing Changes": -1000000.0,
      "Net Investment Purchase And Sale": 2461000000.0,
      "Sale Of Investment": 2623000000.0,
      "Purchase Of Investment": -162000000.0,
      "Net Business Purchase And Sale": 277000000.0,
      "Sale Of Business": 277000000.0,
      "Purchase Of Business": null,
      "Net Intangibles Purchase And Sale": -1487000000.0,
      "Sale Of Intangibles": 27000000.0,
      "Purchase Of Intangibles": -1514000000.0,
      "Operating Cash Flow": 2889000000.0,
      "Taxes Refund Paid": -483000000.0,
      "Interest Received Cfo": 142000000.0,
      "Dividend Received Cfo": 25000000.0,
      "Change In Working Capital": 1751000000.0,
      "Change In Other Current Assets": 4075000000.0,
      "Change In Payable": -147000000.0,
      "Change In Inventory": -1221000000.0,
      "Change In Receivables": -956000000.0,
      "Other Non Cash Items": 301000000.0,
      "Deferred Tax": 487000000.0,
      "Depreciation And Amortization": 1511000000.0,
      "Amortization Cash Flow": 1090000000.0,
      "Depreciation": 421000000.0,
      "Gain Loss On Investment Securities": -2180000000.0,
      "Net Income From Continuing Operations": 1335000000.0
    },
    "2023-09-30T00:00:00": {
      "Free Cash Flow": 394000000.0,
      "Repurchase Of Capital Stock": -130000000.0,
      "Repayment Of Debt": -940000000.0,
      "Issuance Of Debt": 1903000000.0,
      "Issuance Of Capital Stock": 1243000000.0,
      "Capital Expenditure": -1228000000.0,
      "End Cash Position": 4588000000.0,
      "Other Cash Adjustment Outside Changein Cash": 1000000.0,
      "Beginning Cash Position": 6020000000.0,
      "Effect Of Exchange Rate Changes": -290000000.0,
      "Changes In Cash": -1143000000.0,
      "Financing Cash Flow": -1132000000.0,
      "Net Other Financing Charges": -2933000000.0,
      "Interest Paid Cff": -192000000.0,
      "Cash Dividends Paid": null,
      "Net Common Stock Issuance": 1113000000.0,
      "Common Stock Payments": -130000000.0,
      "Common Stock Issuance": 1243000000.0,
      "Net Issuance Payments Of Debt": 963000000.0,
      "Net Long Term Debt Issuance": 963000000.0,
      "Long Term Debt Payments": -940000000.0,
      "Long Term Debt Issuance": 1903000000.0,
      "Investing Cash Flow": -1633000000.0,
      "Net Other Investing Changes": null,
      "Net Investment Purchase And Sale": -298000000.0,
      "Sale Of Investment": 0.0,
      "Purchase Of Investment": -298000000.0,
      "Net Business Purchase And Sale": -138000000.0,
      "Sale Of Business": null,
      "Purchase Of Business": -138000000.0,
      "Net Intangibles Purchase And Sale": -1197000000.0,
      "Sale Of Intangibles": 31000000.0,
      "Purchase Of Intangibles": -1228000000.0,
      "Operating Cash Flow": 1622000000.0,
      "Taxes Refund Paid": -390000000.0,
      "Interest Received Cfo": 132000000.0,
      "Dividend Received Cfo": 42000000.0,
      "Change In Working Capital": 3377000000.0,
      "Change In Other Current Assets": 5447000000.0,
      "Change In Payable": 116000000.0,
      "Change In Inventory": -1235000000.0,
      "Change In Receivables": -951000000.0,
      "Other Non Cash Items": 360000000.0,
      "Deferred Tax": 1202000000.0,
      "Depreciation And Amortization": 1515000000.0,
      "Amortization Cash Flow": null,
      "Depreciation": 1515000000.0,
      "Gain Loss On Investment Securities": -28000000.0,
      "Net Income From Continuing Operations": -4588000000.0
    },
    "2022-09-30T00:00:00": {
      "Free Cash Flow": 1061000000.0,
      "Repurchase Of Capital Stock": 0.0,
      "Repayment Of Debt": -88000000.0,
      "Issuance Of Debt": 959000000.0,
      "Issuance Of Capital Stock": 0.0,
      "Capital Expenditure": -1157000000.0,
      "End Cash Position": 6020000000.0,
      "Other Cash Adjustment Outside Changein Cash": -1000000.0,
      "Beginning Cash Position": 5333000000.0,
      "Effect Of Exchange Rate Changes": 156000000.0,
      "Changes In Cash": 532000000.0,
      "Financing Cash Flow": -568000000.0,
      "Net Other Financing Charges": -1161000000.0,
      "Interest Paid Cff": -109000000.0,
      "Cash Dividends Paid": -72000000.0,
      "Net Common Stock Issuance": 0.0,
      "Common Stock Payments": 0.0,
      "Common Stock Issuance": 0.0,
      "Net Issuance Payments Of Debt": 871000000.0,
      "Net Long Term Debt Issuance": 871000000.0,
      "Long Term Debt Payments": -88000000.0,
      "Long Term Debt Issuance": 959000000.0,
      "Investing Cash Flow": -1118000000.0,
      "Net Other Investing Changes": null,
      "Net Investment Purchase And Sale": -16000000.0,
      "Sale Of Investment": 131000000.0,
      "Purchase Of Investment": -147000000.0,
      "Net Business Purchase And Sale": -2000000.0,
      "Sale Of Business": null,
      "Purchase Of Business": -2000000.0,
      "Net Intangibles Purchase And Sale": -1100000000.0,
      "Sale Of Intangibles": 57000000.0,
      "Purchase Of Intangibles": -1157000000.0,
      "Operating Cash Flow": 2218000000.0,
      "Taxes Refund Paid": -442000000.0,
      "Interest Received Cfo": 42000000.0,
      "Dividend Received Cfo": 32000000.0,
      "Change In Working Capital": 1488000000.0,
      "Change In Other Current Assets": 1887000000.0,
      "Change In Payable": 810000000.0,
      "Change In Inventory": -1549000000.0,
      "Change In Receivables": 340000000.0,
      "Other Non Cash Items": 191000000.0,
      "Deferred Tax": 108000000.0,
      "Depreciation And Amortization": 1633000000.0,
      "Amortization Cash Flow": null,
      "Depreciation": 1633000000.0,
      "Gain Loss On Investment Securities": -123000000.0,
      "Net Income From Continuing Operations": -712000000.0
    },
    "2021-09-30T00:00:00": {
      "Free Cash Flow": null,
      "Repurchase Of Capital Stock": null,
      "Repayment Of Debt": null,
      "Issuance Of Debt": 0.0,
      "Issuance Of Capital Stock": null,
      "Capital Expenditure": null,
      "End Cash Position": null,
      "Other Cash Adjustment Outside Changein Cash": null,
      "Beginning Cash Position": null,
      "Effect Of Exchange Rate Changes": null,
      "Changes In Cash": null,
      "Financing Cash Flow": null,
      "Net Other Financing Charges": null,
      "Interest Paid Cff": null,
      "Cash Dividends Paid": null,
      "Net Common Stock Issuance": null,
      "Common Stock Payments": null,
      "Common Stock Issuance": null,
      "Net Issuance Payments Of Debt": null,
      "Net Long Term Debt Issuance": null,
      "Long Term Debt Payments": null,
      "Long Term Debt Issuance": 0.0,
      "Investing Cash Flow": null,
      "Net Other Investing Changes": -1000000.0,
      "Net Investment Purchase And Sale": null,
      "Sale Of Investment": null,
      "Purchase Of Investment": null,
      "Net Business Purchase And Sale": null,
      "Sale Of Business": 1000000.0,
      "Purchase Of Business": -2000000.0,
      "Net Intangibles Purchase And Sale": null,
      "Sale Of Intangibles": null,
      "Purchase Of Intangibles": null,
      "Operating Cash Flow": null,
      "Taxes Refund Paid": null,
      "Interest Received Cfo": null,
      "Dividend Received Cfo": null,
      "Change In Working Capital": null,
      "Change In Other Current Assets": null,
      "Change In Payable": null,
      "Change In Inventory": null,
      "Change In Receivables": null,
      "Other Non Cash Items": null,
      "Deferred Tax": null,
      "Depreciation And Amortization": null,
      "Amortization Cash Flow": null,
      "Depreciation": null,
      "Gain Loss On Investment Securities": null,
      "Net Income From Continuing Operations": null
    }
  },
  "earnings_estimate": {
    "avg": {
      "0q": 0.99896,
      "+1q": 1.01411,
      "0y": 3.99322,
      "+1y": 5.49295
    },
    "low": {
      "0q": 0.89,
      "+1q": 0.98,
      "0y": 3.6,
      "+1y": 4.64
    },
    "high": {
      "0q": 1.1,
      "+1q": 1.03234,
      "0y": 4.72506,
      "+1y": 5.9
    },
    "yearAgoEps": {
      "0q": 0.7627,
      "+1q": 0.2077,
      "0y": 1.5948,
      "+1y": 3.99322
    },
    "numberOfAnalysts": {
      "0q": 3,
      "+1q": 3,
      "0y": 19,
      "+1y": 19
    },
    "growth": {
      "0q": 0.3098,
      "+1q": 3.8826,
      "0y": 1.5039,
      "+1y": 0.3756
    }
  },
  "revenue_estimate": {
    "avg": {
      "0q": 10977291160,
      "+1q": 10930789990,
      "0y": 43552334890,
      "+1y": 49264862990
    },
    "low": {
      "0q": 10758724800,
      "+1q": 10825786000,
      "0y": 42403484010,
      "+1y": 47518000000
    },
    "high": {
      "0q": 11378311000,
      "+1q": 11015042000,
      "0y": 44381000000,
      "+1y": 50950000000
    },
    "numberOfAnalysts": {
      "0q": 5,
      "+1q": 4,
      "0y": 24,
      "+1y": 24
    },
    "yearAgoRevenue": {
      "0q": 10000000000,
      "+1q": 9745000000,
      "0y": 39077000000,
      "+1y": 43552334890
    },
    "growth": {
      "0q": 0.09770001,
      "+1q": 0.121700004,
      "0y": 0.1145,
      "+1y": 0.1312
    }
  },
  "growth_estimates": {
    "stockTrend": {
      "0q": 0.3098,
      "+1q": 3.8826,
      "0y": 1.5039,
      "+1y": 0.3756,
      "LTG": null
    },
    "indexTrend": {
      "0q": 0.1273,
      "+1q": 0.103599995,
      "0y": 0.14310001,
      "+1y": 0.1557,
      "LTG": 0.122
    }
  },
  "revenue_forecasts": null,
  "dividend_rate": 0.7,
  "trailing_dividend_rate": 0.7
}