{
  "ticker": "EOAN.DE",
  "name": "E.ON",
  "country": "germany",
  "currency": "EUR",
  "last_fetched": "2026-02-26T20:47:51.587688",
  "market_cap": 51660554240,
  "revenue": 82996002816,
  "net_income": 3000999936,
  "pe_ratio": 17.342106,
  "forward_pe": 15.919797,
  "dividend_yield": 2.84,
  "profit_margin": 0.03616,
  "roe": 0.16393,
  "debt_to_equity": 160.458,
  "beta": 0.906,
  "ev_to_ebitda": 9.936,
  "sector": "Utilities",
  "industry": "Utilities - Diversified",
  "summary": "E.ON SE operates as an energy company in Germany, the United Kingdom, Sweden, the Netherlands, rest of Europe, and internationally. It operates through Energy Networks, Energy Infrastructure Solutions, and Energy Retail segments. The Energy Networks segment operates power and gas distribution networks; and offers maintenance, repair, and related services for its power and gas networks. Its Energy Infrastructure Solutions provides integrated and sustainable energy solutions for cities, municipalities, and industrial and commercial customers comprising district heating and cooling; heat, steam, and power generation services; embedded solutions; products and services that enhance energy efficiency; and software-based applications. This segment also installs smart energy meters, block-type thermal power stations, photovoltaic systems, air-conditioning systems, and heat pumps. Its Energy Retail segment distributes power and gas; installs customer connections and connects renewable energy generating stations to the grid; and offers a range of green power and green gas tariffs, and sustainable solutions that enhance energy efficiency for residential, small and medium-sized enterprises, large commercial and industrial, and sales partners. The company also provides customers digital solutions; biogas and biomethane products; and compressed natural gas refueling services, as well as installs solar and battery storage systems, heating systems, and electric vehicle charging points. E.ON SE was founded in 1923 and is headquartered in Essen, Germany.",
  "website": "https://www.eon.com",
  "employees": 69668,
  "target_high": 20.5,
  "target_low": 15.0,
  "target_mean": 18.075,
  "target_median": 18.05,
  "recommendation": "buy",
  "num_analysts": 18,
  "income_stmt": {
    "2024-12-31T00:00:00": {
      "Tax Effect Of Unusual Items": 111342000.0,
      "Tax Rate For Calcs": 0.241,
      "Normalized EBITDA": 13368000000.0,
      "Total Unusual Items": 462000000.0,
      "Total Unusual Items Excluding Goodwill": 462000000.0,
      "Net Income From Continuing Operation Net Minority Interest": 4531000000.0,
      "Reconciled Depreciation": 4401000000.0,
      "Reconciled Cost Of Revenue": 57484000000.0,
      "EBITDA": 13830000000.0,
      "EBIT": 9429000000.0,
      "Net Interest Income": -1693000000.0,
      "Interest Expense": 2098000000.0,
      "Interest Income": 405000000.0,
      "Normalized Income": 4180342000.0,
      "Net Income From Continuing And Discontinued Operation": 4531000000.0,
      "Total Expenses": 71582000000.0,
      "Diluted Average Shares": 2612000000.0,
      "Basic Average Shares": 2612000000.0,
      "Diluted EPS": 1.73,
      "Basic EPS": 1.73,
      "Diluted NI Availto Com Stockholders": 4531000000.0,
      "Net Income Common Stockholders": 4531000000.0,
      "Otherunder Preferred Stock Dividend": 0.0,
      "Net Income": 4531000000.0,
      "Minority Interests": -1031000000.0,
      "Net Income Including Noncontrolling Interests": 5562000000.0,
      "Net Income Discontinuous Operations": 0.0,
      "Net Income Continuous Operations": 5562000000.0,
      "Tax Provision": 1769000000.0,
      "Pretax Income": 7331000000.0,
      "Special Income Charges": -665000000.0,
      "Other Special Charges": 26000000.0,
      "Write Off": 639000000.0,
      "Net Non Operating Interest Income Expense": -1693000000.0,
      "Interest Expense Non Operating": 2098000000.0,
      "Interest Income Non Operating": 405000000.0,
      "Operating Income": 8537000000.0,
      "Operating Expense": 14098000000.0,
      "Other Operating Expenses": 4031000000.0,
      "Depreciation And Amortization In Income Statement": 4401000000.0,
      "Depreciation Income Statement": 4401000000.0,
      "Gross Profit": 22635000000.0,
      "Cost Of Revenue": 57484000000.0,
      "Total Revenue": 80119000000.0,
      "Operating Revenue": 80119000000.0
    },
    "2023-12-31T00:00:00": {
      "Tax Effect Of Unusual Items": -2420550000.0,
      "Tax Rate For Calcs": 0.15,
      "Normalized EBITDA": 22137000000.0,
      "Total Unusual Items": -16137000000.0,
      "Total Unusual Items Excluding Goodwill": -16137000000.0,
      "Net Income From Continuing Operation Net Minority Interest": 456000000.0,
      "Reconciled Depreciation": 3514000000.0,
      "Reconciled Cost Of Revenue": 62815000000.0,
      "EBITDA": 6000000000.0,
      "EBIT": 2486000000.0,
      "Net Interest Income": -1991000000.0,
      "Interest Expense": 2385000000.0,
      "Interest Income": 394000000.0,
      "Normalized Income": 14172450000.0,
      "Net Income From Continuing And Discontinued Operation": 517000000.0,
      "Total Expenses": 75795000000.0,
      "Diluted Average Shares": 2611000000.0,
      "Basic Average Shares": 2611000000.0,
      "Diluted EPS": 0.2,
      "Basic EPS": 0.2,
      "Diluted NI Availto Com Stockholders": 517000000.0,
      "Net Income Common Stockholders": 517000000.0,
      "Otherunder Preferred Stock Dividend": 0.0,
      "Net Income": 517000000.0,
      "Minority Interests": -243000000.0,
      "Net Income Including Noncontrolling Interests": 760000000.0,
      "Net Income Discontinuous Operations": 61000000.0,
      "Net Income Continuous Operations": 699000000.0,
      "Tax Provision": -598000000.0,
      "Pretax Income": 101000000.0,
      "Special Income Charges": -1054000000.0,
      "Other Special Charges": 8000000.0,
      "Write Off": 1046000000.0,
      "Net Non Operating Interest Income Expense": -1991000000.0,
      "Interest Expense Non Operating": 2385000000.0,
      "Interest Income Non Operating": 394000000.0,
      "Operating Income": 17891000000.0,
      "Operating Expense": 12980000000.0,
      "Other Operating Expenses": 4313000000.0,
      "Depreciation And Amortization In Income Statement": 3514000000.0,
      "Depreciation Income Statement": 3514000000.0,
      "Gross Profit": 30871000000.0,
      "Cost Of Revenue": 62815000000.0,
      "Total Revenue": 93686000000.0,
      "Operating Revenue": 93686000000.0
    },
    "2022-12-31T00:00:00": {
      "Tax Effect Of Unusual Items": 510696000.0,
      "Tax Rate For Calcs": 0.123,
      "Normalized EBITDA": 2848000000.0,
      "Total Unusual Items": 4152000000.0,
      "Total Unusual Items Excluding Goodwill": 4152000000.0,
      "Net Income From Continuing Operation Net Minority Interest": 1831000000.0,
      "Reconciled Depreciation": 3378000000.0,
      "Reconciled Cost Of Revenue": 107504000000.0,
      "EBITDA": 7000000000.0,
      "EBIT": 3622000000.0,
      "Net Interest Income": 455000000.0,
      "Interest Expense": 1625000000.0,
      "Interest Income": 2080000000.0,
      "Normalized Income": -1810304000.0,
      "Net Income From Continuing And Discontinued Operation": 1831000000.0,
      "Total Expenses": 118878000000.0,
      "Diluted Average Shares": 2609000000.0,
      "Basic Average Shares": 2609000000.0,
      "Diluted EPS": 0.7,
      "Basic EPS": 0.7,
      "Diluted NI Availto Com Stockholders": 1831000000.0,
      "Net Income Common Stockholders": 1831000000.0,
      "Otherunder Preferred Stock Dividend": 0.0,
      "Net Income": 1831000000.0,
      "Minority Interests": -411000000.0,
      "Net Income Including Noncontrolling Interests": 2242000000.0,
      "Net Income Discontinuous Operations": 0.0,
      "Net Income Continuous Operations": 2242000000.0,
      "Tax Provision": -245000000.0,
      "Pretax Income": 1997000000.0,
      "Special Income Charges": 89000000.0,
      "Other Special Charges": -776000000.0,
      "Write Off": 687000000.0,
      "Net Non Operating Interest Income Expense": 455000000.0,
      "Interest Expense Non Operating": 1625000000.0,
      "Interest Income Non Operating": 2080000000.0,
      "Operating Income": -3218000000.0,
      "Operating Expense": 11374000000.0,
      "Other Operating Expenses": 3650000000.0,
      "Depreciation And Amortization In Income Statement": 3378000000.0,
      "Depreciation Income Statement": 3378000000.0,
      "Gross Profit": 8156000000.0,
      "Cost Of Revenue": 107504000000.0,
      "Total Revenue": 115660000000.0,
      "Operating Revenue": 115660000000.0
    },
    "2021-12-31T00:00:00": {
      "Tax Effect Of Unusual Items": 2477660000.0,
      "Tax Rate For Calcs": 0.134,
      "Normalized EBITDA": -7401000000.0,
      "Total Unusual Items": 18490000000.0,
      "Total Unusual Items Excluding Goodwill": 18490000000.0,
      "Net Income From Continuing Operation Net Minority Interest": 4691000000.0,
      "Reconciled Depreciation": 3922000000.0,
      "Reconciled Cost Of Revenue": 77313000000.0,
      "EBITDA": 11089000000.0,
      "EBIT": 7167000000.0,
      "Net Interest Income": -793000000.0,
      "Interest Expense": 1044000000.0,
      "Interest Income": 251000000.0,
      "Normalized Income": -11321340000.0,
      "Net Income From Continuing And Discontinued Operation": 4691000000.0,
      "Total Expenses": 89030000000.0,
      "Diluted Average Shares": 2608000000.0,
      "Basic Average Shares": 2608000000.0,
      "Diluted EPS": 1.8,
      "Basic EPS": 1.8,
      "Diluted NI Availto Com Stockholders": 4691000000.0,
      "Net Income Common Stockholders": 4691000000.0,
      "Otherunder Preferred Stock Dividend": 0.0,
      "Net Income": 4691000000.0,
      "Minority Interests": -614000000.0,
      "Net Income Including Noncontrolling Interests": 5305000000.0,
      "Net Income Discontinuous Operations": 0.0,
      "Net Income Continuous Operations": 5305000000.0,
      "Tax Provision": 818000000.0,
      "Pretax Income": 6123000000.0,
      "Special Income Charges": -187000000.0,
      "Other Special Charges": -151000000.0,
      "Write Off": 338000000.0,
      "Net Non Operating Interest Income Expense": -793000000.0,
      "Interest Expense Non Operating": 1044000000.0,
      "Interest Income Non Operating": 251000000.0,
      "Operating Income": -11672000000.0,
      "Operating Expense": 11717000000.0,
      "Other Operating Expenses": 3611000000.0,
      "Depreciation And Amortization In Income Statement": 3922000000.0,
      "Depreciation Income Statement": 3922000000.0,
      "Gross Profit": 45000000.0,
      "Cost Of Revenue": 77313000000.0,
      "Total Revenue": 77358000000.0,
      "Operating Revenue": 77358000000.0
    }
  },
  "quarterly_income": {
    "2025-09-30T00:00:00": {
      "Tax Effect Of Unusual Items": 1500000.0,
      "Tax Rate For Calcs": 0.15,
      "Normalized EBITDA": 1773000000.0,
      "Total Unusual Items": 10000000.0,
      "Total Unusual Items Excluding Goodwill": 10000000.0,
      "Net Income From Continuing Operation Net Minority Interest": -51000000.0,
      "Reconciled Depreciation": 1074000000.0,
      "Reconciled Cost Of Revenue": 11327000000.0,
      "EBITDA": 1783000000.0,
      "EBIT": 709000000.0,
      "Net Interest Income": -233000000.0,
      "Interest Expense": 536000000.0,
      "Interest Income": 303000000.0,
      "Normalized Income": -59500000.0,
      "Net Income From Continuing And Discontinued Operation": -51000000.0,
      "Total Expenses": 15718000000.0,
      "Diluted Average Shares": 2613000000.0,
      "Basic Average Shares": 2613000000.0,
      "Diluted EPS": -0.02,
      "Basic EPS": -0.02,
      "Diluted NI Availto Com Stockholders": -51000000.0,
      "Net Income Common Stockholders": -51000000.0,
      "Otherunder Preferred Stock Dividend": 0.0,
      "Net Income": -51000000.0,
      "Minority Interests": -75000000.0,
      "Net Income Including Noncontrolling Interests": 24000000.0,
      "Net Income Discontinuous Operations": 0.0,
      "Net Income Continuous Operations": 24000000.0,
      "Tax Provision": 149000000.0,
      "Pretax Income": 173000000.0,
      "Special Income Charges": -14000000.0,
      "Write Off": 14000000.0,
      "Net Non Operating Interest Income Expense": -233000000.0,
      "Interest Expense Non Operating": 536000000.0,
      "Interest Income Non Operating": 303000000.0,
      "Operating Income": 242000000.0,
      "Operating Expense": 4391000000.0,
      "Other Operating Expenses": 3112000000.0,
      "Depreciation And Amortization In Income Statement": 1074000000.0,
      "Depreciation Income Statement": 1074000000.0,
      "Gross Profit": 4633000000.0,
      "Cost Of Revenue": 11327000000.0,
      "Total Revenue": 15960000000.0,
      "Operating Revenue": 15960000000.0
    },
    "2025-06-30T00:00:00": {
      "Tax Effect Of Unusual Items": -30069064.748201,
      "Tax Rate For Calcs": 0.233094,
      "Normalized EBITDA": 2350000000.0,
      "Total Unusual Items": -129000000.0,
      "Total Unusual Items Excluding Goodwill": -129000000.0,
      "Net Income From Continuing Operation Net Minority Interest": 440000000.0,
      "Reconciled Depreciation": 964000000.0,
      "Reconciled Cost Of Revenue": 11042000000.0,
      "EBITDA": 2221000000.0,
      "EBIT": 1257000000.0,
      "Net Interest Income": -407000000.0,
      "Interest Expense": 562000000.0,
      "Interest Income": 155000000.0,
      "Normalized Income": 538930935.251799,
      "Net Income From Continuing And Discontinued Operation": 440000000.0,
      "Total Expenses": 15276000000.0,
      "Diluted Average Shares": 2613000000.0,
      "Basic Average Shares": 2613000000.0,
      "Diluted EPS": 0.17,
      "Basic EPS": 0.17,
      "Diluted NI Availto Com Stockholders": 440000000.0,
      "Net Income Common Stockholders": 440000000.0,
      "Otherunder Preferred Stock Dividend": 0.0,
      "Net Income": 440000000.0,
      "Minority Interests": -93000000.0,
      "Net Income Including Noncontrolling Interests": 533000000.0,
      "Net Income Discontinuous Operations": 0.0,
      "Net Income Continuous Operations": 533000000.0,
      "Tax Provision": 162000000.0,
      "Pretax Income": 695000000.0,
      "Special Income Charges": -129000000.0,
      "Write Off": 129000000.0,
      "Net Non Operating Interest Income Expense": -407000000.0,
      "Interest Expense Non Operating": 562000000.0,
      "Interest Income Non Operating": 155000000.0,
      "Operating Income": 1062000000.0,
      "Operating Expense": 4234000000.0,
      "Other Operating Expenses": 3849000000.0,
      "Depreciation And Amortization In Income Statement": 964000000.0,
      "Depreciation Income Statement": 964000000.0,
      "Gross Profit": 5296000000.0,
      "Cost Of Revenue": 11042000000.0,
      "Total Revenue": 16338000000.0,
      "Operating Revenue": 16338000000.0
    },
    "2025-03-31T00:00:00": {
      "Tax Effect Of Unusual Items": -43400000.0,
      "Tax Rate For Calcs": 0.2,
      "Normalized EBITDA": 2657000000.0,
      "Total Unusual Items": -217000000.0,
      "Total Unusual Items Excluding Goodwill": -217000000.0,
      "Net Income From Continuing Operation Net Minority Interest": 529000000.0,
      "Reconciled Depreciation": 932000000.0,
      "Reconciled Cost Of Revenue": 19751000000.0,
      "EBITDA": 2440000000.0,
      "EBIT": 1508000000.0,
      "Net Interest Income": -194000000.0,
      "Interest Expense": 561000000.0,
      "Interest Income": 367000000.0,
      "Normalized Income": 702600000.0,
      "Net Income From Continuing And Discontinued Operation": 529000000.0,
      "Total Expenses": 23772000000.0,
      "Diluted Average Shares": 2613000000.0,
      "Basic Average Shares": 2613000000.0,
      "Diluted EPS": 0.2,
      "Basic EPS": 0.2,
      "Diluted NI Availto Com Stockholders": 529000000.0,
      "Net Income Common Stockholders": 529000000.0,
      "Otherunder Preferred Stock Dividend": 0.0,
      "Net Income": 529000000.0,
      "Minority Interests": -225000000.0,
      "Net Income Including Noncontrolling Interests": 754000000.0,
      "Net Income Discontinuous Operations": 0.0,
      "Net Income Continuous Operations": 754000000.0,
      "Tax Provision": 193000000.0,
      "Pretax Income": 947000000.0,
      "Special Income Charges": -202000000.0,
      "Write Off": 202000000.0,
      "Net Non Operating Interest Income Expense": -194000000.0,
      "Interest Expense Non Operating": 561000000.0,
      "Interest Income Non Operating": 367000000.0,
      "Operating Income": 1444000000.0,
      "Operating Expense": 4021000000.0,
      "Other Operating Expenses": 4444000000.0,
      "Depreciation And Amortization In Income Statement": 932000000.0,
      "Depreciation Income Statement": 932000000.0,
      "Gross Profit": 5465000000.0,
      "Cost Of Revenue": 19751000000.0,
      "Total Revenue": 25216000000.0,
      "Operating Revenue": 25216000000.0
    },
    "2024-12-31T00:00:00": {
      "Tax Effect Of Unusual Items": 103952167.928424,
      "Tax Rate For Calcs": 0.141432,
      "Normalized EBITDA": 3823000000.0,
      "Total Unusual Items": 735000000.0,
      "Total Unusual Items Excluding Goodwill": 735000000.0,
      "Net Income From Continuing Operation Net Minority Interest": 2083000000.0,
      "Reconciled Depreciation": 1115000000.0,
      "Reconciled Cost Of Revenue": 18649000000.0,
      "EBITDA": 4558000000.0,
      "EBIT": 3443000000.0,
      "Net Interest Income": -936000000.0,
      "Interest Expense": 537000000.0,
      "Interest Income": -399000000.0,
      "Normalized Income": 1451952167.928424,
      "Net Income From Continuing And Discontinued Operation": 2083000000.0,
      "Total Expenses": 20778000000.0,
      "Diluted Average Shares": null,
      "Basic Average Shares": null,
      "Diluted EPS": null,
      "Basic EPS": null,
      "Diluted NI Availto Com Stockholders": 2083000000.0,
      "Net Income Common Stockholders": 2083000000.0,
      "Otherunder Preferred Stock Dividend": 0.0,
      "Net Income": 2083000000.0,
      "Minority Interests": -412000000.0,
      "Net Income Including Noncontrolling Interests": 2495000000.0,
      "Net Income Discontinuous Operations": 0.0,
      "Net Income Continuous Operations": 2495000000.0,
      "Tax Provision": 411000000.0,
      "Pretax Income": 2906000000.0,
      "Special Income Charges": -290000000.0,
      "Write Off": 264000000.0,
      "Net Non Operating Interest Income Expense": -936000000.0,
      "Interest Expense Non Operating": 537000000.0,
      "Interest Income Non Operating": -399000000.0,
      "Operating Income": 3057000000.0,
      "Operating Expense": 2129000000.0,
      "Other Operating Expenses": -7094000000.0,
      "Depreciation And Amortization In Income Statement": 1115000000.0,
      "Depreciation Income Statement": 1115000000.0,
      "Gross Profit": 5186000000.0,
      "Cost Of Revenue": 18649000000.0,
      "Total Revenue": 23835000000.0,
      "Operating Revenue": 23835000000.0
    },
    "2024-09-30T00:00:00": {
      "Tax Effect Of Unusual Items": -13577092.511013,
      "Tax Rate For Calcs": 0.202643,
      "Normalized EBITDA": 1702000000.0,
      "Total Unusual Items": -67000000.0,
      "Total Unusual Items Excluding Goodwill": -67000000.0,
      "Net Income From Continuing Operation Net Minority Interest": 96000000.0,
      "Reconciled Depreciation": 913000000.0,
      "Reconciled Cost Of Revenue": 12340000000.0,
      "EBITDA": 1635000000.0,
      "EBIT": 722000000.0,
      "Net Interest Income": -412000000.0,
      "Interest Expense": 495000000.0,
      "Interest Income": 83000000.0,
      "Normalized Income": 149422907.488987,
      "Net Income From Continuing And Discontinued Operation": 96000000.0,
      "Total Expenses": 16037000000.0,
      "Diluted Average Shares": 2612000000.0,
      "Basic Average Shares": 2612000000.0,
      "Diluted EPS": 0.04,
      "Basic EPS": 0.04,
      "Diluted NI Availto Com Stockholders": 96000000.0,
      "Net Income Common Stockholders": 96000000.0,
      "Otherunder Preferred Stock Dividend": 0.0,
      "Net Income": 96000000.0,
      "Minority Interests": -85000000.0,
      "Net Income Including Noncontrolling Interests": 181000000.0,
      "Net Income Discontinuous Operations": 0.0,
      "Net Income Continuous Operations": 181000000.0,
      "Tax Provision": 46000000.0,
      "Pretax Income": 227000000.0,
      "Special Income Charges": -108000000.0,
      "Write Off": 108000000.0,
      "Net Non Operating Interest Income Expense": -412000000.0,
      "Interest Expense Non Operating": 495000000.0,
      "Interest Income Non Operating": 83000000.0,
      "Operating Income": 722000000.0,
      "Operating Expense": 3697000000.0,
      "Other Operating Expenses": 2365000000.0,
      "Depreciation And Amortization In Income Statement": 913000000.0,
      "Depreciation Income Statement": 913000000.0,
      "Gross Profit": 4419000000.0,
      "Cost Of Revenue": 12340000000.0,
      "Total Revenue": 16759000000.0,
      "Operating Revenue": 16759000000.0
    },
    "2024-06-30T00:00:00": {
      "Tax Effect Of Unusual Items": null,
      "Tax Rate For Calcs": null,
      "Normalized EBITDA": null,
      "Total Unusual Items": null,
      "Total Unusual Items Excluding Goodwill": null,
      "Net Income From Continuing Operation Net Minority Interest": null,
      "Reconciled Depreciation": null,
      "Reconciled Cost Of Revenue": null,
      "EBITDA": null,
      "EBIT": null,
      "Net Interest Income": null,
      "Interest Expense": null,
      "Interest Income": null,
      "Normalized Income": null,
      "Net Income From Continuing And Discontinued Operation": null,
      "Total Expenses": null,
      "Diluted Average Shares": 2612000000.0,
      "Basic Average Shares": 2612000000.0,
      "Diluted EPS": 0.68,
      "Basic EPS": 0.68,
      "Diluted NI Availto Com Stockholders": null,
      "Net Income Common Stockholders": null,
      "Otherunder Preferred Stock Dividend": null,
      "Net Income": null,
      "Minority Interests": null,
      "Net Income Including Noncontrolling Interests": null,
      "Net Income Discontinuous Operations": null,
      "Net Income Continuous Operations": null,
      "Tax Provision": null,
      "Pretax Income": null,
      "Special Income Charges": null,
      "Write Off": null,
      "Net Non Operating Interest Income Expense": null,
      "Interest Expense Non Operating": null,
      "Interest Income Non Operating": null,
      "Operating Income": null,
      "Operating Expense": null,
      "Other Operating Expenses": null,
      "Depreciation And Amortization In Income Statement": null,
      "Depreciation Income Statement": null,
      "Gross Profit": null,
      "Cost Of Revenue": null,
      "Total Revenue": null,
      "Operating Revenue": null
    }
  },
  "balance_sheet": {
    "2024-12-31T00:00:00": {
      "Treasury Shares Number": 28240842.0,
      "Ordinary Shares Number": 2613077958.0,
      "Share Issued": 2641318800.0,
      "Tangible Book Value": -2443000000.0,
      "Invested Capital": 17841000000.0,
      "Working Capital": -3923000000.0,
      "Net Tangible Assets": -2443000000.0,
      "Common Stock Equity": 17841000000.0,
      "Total Capitalization": 17841000000.0,
      "Total Equity Gross Minority Interest": 24166000000.0,
      "Minority Interest": 6325000000.0,
      "Stockholders Equity": 17841000000.0,
      "Other Equity Interest": null,
      "Treasury Stock": 1014000000.0,
      "Retained Earnings": 4706000000.0,
      "Additional Paid In Capital": 13316000000.0,
      "Capital Stock": 2641000000.0,
      "Common Stock": 2641000000.0,
      "Total Liabilities Net Minority Interest": 87195000000.0,
      "Total Non Current Liabilities Net Minority Interest": 57218000000.0,
      "Other Non Current Liabilities": 601000000.0,
      "Derivative Product Liabilities": 2108000000.0,
      "Non Current Pension And Other Postretirement Benefit Plans": 5181000000.0,
      "Tradeand Other Payables Non Current": 392000000.0,
      "Non Current Deferred Revenue": 4442000000.0,
      "Non Current Deferred Taxes Liabilities": 2102000000.0,
      "Long Term Provisions": 8292000000.0,
      "Current Liabilities": 29977000000.0,
      "Other Current Liabilities": 280000000.0,
      "Current Provisions": 4292000000.0,
      "Payables": 11485000000.0,
      "Total Tax Payable": 615000000.0,
      "Accounts Payable": 10870000000.0,
      "Total Assets": 111361000000.0,
      "Total Non Current Assets": 85307000000.0,
      "Other Non Current Assets": 1923000000.0,
      "Non Current Deferred Taxes Assets": 1763000000.0,
      "Financial Assets": 2211000000.0,
      "Investmentin Financial Assets": 3621000000.0,
      "Available For Sale Securities": 3621000000.0,
      "Long Term Equity Investment": 7111000000.0,
      "Investmentsin Joint Venturesat Cost": null,
      "Investmentsin Associatesat Cost": null,
      "Investment Properties": null,
      "Goodwill And Other Intangible Assets": 20284000000.0,
      "Other Intangible Assets": 3711000000.0,
      "Goodwill": 16573000000.0,
      "Net PPE": 47212000000.0,
      "Accumulated Depreciation": -37188000000.0,
      "Gross PPE": 84400000000.0,
      "Construction In Progress": 5008000000.0,
      "Other Properties": 4897000000.0,
      "Machinery Furniture Equipment": 69806000000.0,
      "Buildings And Improvements": 4689000000.0,
      "Properties": 0.0,
      "Current Assets": 26054000000.0,
      "Other Current Assets": 3277000000.0,
      "Hedging Assets Current": 2064000000.0,
      "Assets Held For Sale Current": 697000000.0,
      "Restricted Cash": 261000000.0,
      "Inventory": 1243000000.0,
      "Finished Goods": 361000000.0,
      "Work In Process": 62000000.0,
      "Raw Materials": 820000000.0,
      "Other Receivables": 1053000000.0,
      "Taxes Receivable": 1093000000.0,
      "Accounts Receivable": 9318000000.0,
      "Cash Cash Equivalents And Short Term Investments": 7019000000.0,
      "Other Short Term Investments": 1273000000.0,
      "Cash And Cash Equivalents": 5746000000.0
    },
    "2023-12-31T00:00:00": {
      "Treasury Shares Number": 29660315.0,
      "Ordinary Shares Number": 2611658485.0,
      "Share Issued": 2641318800.0,
      "Tangible Book Value": -6604000000.0,
      "Invested Capital": 14114000000.0,
      "Working Capital": -7141000000.0,
      "Net Tangible Assets": -6604000000.0,
      "Common Stock Equity": 14114000000.0,
      "Total Capitalization": 14114000000.0,
      "Total Equity Gross Minority Interest": 19970000000.0,
      "Minority Interest": 5856000000.0,
      "Stockholders Equity": 14114000000.0,
      "Other Equity Interest": null,
      "Treasury Stock": 1042000000.0,
      "Retained Earnings": 1446000000.0,
      "Additional Paid In Capital": 13327000000.0,
      "Capital Stock": 2641000000.0,
      "Common Stock": 2641000000.0,
      "Total Liabilities Net Minority Interest": 93536000000.0,
      "Total Non Current Liabilities Net Minority Interest": 55923000000.0,
      "Other Non Current Liabilities": 553000000.0,
      "Derivative Product Liabilities": 3713000000.0,
      "Non Current Pension And Other Postretirement Benefit Plans": 4985000000.0,
      "Tradeand Other Payables Non Current": 548000000.0,
      "Non Current Deferred Revenue": 4050000000.0,
      "Non Current Deferred Taxes Liabilities": 2223000000.0,
      "Long Term Provisions": 9028000000.0,
      "Current Liabilities": 37613000000.0,
      "Other Current Liabilities": 358000000.0,
      "Current Provisions": 4866000000.0,
      "Payables": 12313000000.0,
      "Total Tax Payable": 733000000.0,
      "Accounts Payable": 11580000000.0,
      "Total Assets": 113506000000.0,
      "Total Non Current Assets": 83034000000.0,
      "Other Non Current Assets": 1214000000.0,
      "Non Current Deferred Taxes Assets": 3505000000.0,
      "Financial Assets": 2621000000.0,
      "Investmentin Financial Assets": 3738000000.0,
      "Available For Sale Securities": 3738000000.0,
      "Long Term Equity Investment": 6653000000.0,
      "Investmentsin Joint Venturesat Cost": 3730000000.0,
      "Investmentsin Associatesat Cost": 2923000000.0,
      "Investment Properties": null,
      "Goodwill And Other Intangible Assets": 20718000000.0,
      "Other Intangible Assets": 3592000000.0,
      "Goodwill": 17126000000.0,
      "Net PPE": 43459000000.0,
      "Accumulated Depreciation": -35190000000.0,
      "Gross PPE": 78649000000.0,
      "Construction In Progress": 4527000000.0,
      "Other Properties": 4328000000.0,
      "Machinery Furniture Equipment": 65323000000.0,
      "Buildings And Improvements": 4471000000.0,
      "Properties": 0.0,
      "Current Assets": 30472000000.0,
      "Other Current Assets": 3203000000.0,
      "Hedging Assets Current": 5364000000.0,
      "Assets Held For Sale Current": 0.0,
      "Restricted Cash": 485000000.0,
      "Inventory": 1940000000.0,
      "Finished Goods": 640000000.0,
      "Work In Process": 550000000.0,
      "Raw Materials": 750000000.0,
      "Other Receivables": 1090000000.0,
      "Taxes Receivable": 1030000000.0,
      "Accounts Receivable": 10404000000.0,
      "Cash Cash Equivalents And Short Term Investments": 6927000000.0,
      "Other Short Term Investments": 1375000000.0,
      "Cash And Cash Equivalents": 5552000000.0
    },
    "2022-12-31T00:00:00": {
      "Treasury Shares Number": 30939308.0,
      "Ordinary Shares Number": 2610379492.0,
      "Share Issued": 2641318800.0,
      "Tangible Book Value": -4547000000.0,
      "Invested Capital": 15923000000.0,
      "Working Capital": -1968000000.0,
      "Net Tangible Assets": -4547000000.0,
      "Common Stock Equity": 15923000000.0,
      "Total Capitalization": 15923000000.0,
      "Total Equity Gross Minority Interest": 21867000000.0,
      "Minority Interest": 5944000000.0,
      "Stockholders Equity": 15923000000.0,
      "Other Equity Interest": -1088000000.0,
      "Treasury Stock": 1067000000.0,
      "Retained Earnings": 3172000000.0,
      "Additional Paid In Capital": 13338000000.0,
      "Capital Stock": 2641000000.0,
      "Common Stock": 2641000000.0,
      "Total Liabilities Net Minority Interest": 112142000000.0,
      "Total Non Current Liabilities Net Minority Interest": 57934000000.0,
      "Other Non Current Liabilities": -1000000.0,
      "Derivative Product Liabilities": 6440000000.0,
      "Non Current Pension And Other Postretirement Benefit Plans": 3735000000.0,
      "Tradeand Other Payables Non Current": 298000000.0,
      "Non Current Deferred Revenue": 4471000000.0,
      "Non Current Deferred Taxes Liabilities": 2793000000.0,
      "Long Term Provisions": 11233000000.0,
      "Current Liabilities": 54208000000.0,
      "Other Current Liabilities": 614000000.0,
      "Current Provisions": 5528000000.0,
      "Payables": 14944000000.0,
      "Total Tax Payable": 584000000.0,
      "Accounts Payable": 14360000000.0,
      "Total Assets": 134009000000.0,
      "Total Non Current Assets": 81769000000.0,
      "Other Non Current Assets": 1018000000.0,
      "Non Current Deferred Taxes Assets": 2079000000.0,
      "Financial Assets": 8240000000.0,
      "Investmentin Financial Assets": 3538000000.0,
      "Available For Sale Securities": 3538000000.0,
      "Long Term Equity Investment": 5532000000.0,
      "Investmentsin Joint Venturesat Cost": 2936000000.0,
      "Investmentsin Associatesat Cost": 2596000000.0,
      "Investment Properties": 1097000000.0,
      "Goodwill And Other Intangible Assets": 20470000000.0,
      "Other Intangible Assets": 3453000000.0,
      "Goodwill": 17017000000.0,
      "Net PPE": 39796000000.0,
      "Accumulated Depreciation": -32275000000.0,
      "Gross PPE": 72071000000.0,
      "Construction In Progress": 3327000000.0,
      "Other Properties": 3849000000.0,
      "Machinery Furniture Equipment": 59951000000.0,
      "Buildings And Improvements": 4944000000.0,
      "Properties": 0.0,
      "Current Assets": 52240000000.0,
      "Other Current Assets": 3490000000.0,
      "Hedging Assets Current": 22506000000.0,
      "Assets Held For Sale Current": 1543000000.0,
      "Restricted Cash": 452000000.0,
      "Inventory": 2204000000.0,
      "Finished Goods": 1140000000.0,
      "Work In Process": 446000000.0,
      "Raw Materials": 618000000.0,
      "Other Receivables": 1815000000.0,
      "Taxes Receivable": 851000000.0,
      "Accounts Receivable": 10422000000.0,
      "Cash Cash Equivalents And Short Term Investments": 8924000000.0,
      "Other Short Term Investments": 1600000000.0,
      "Cash And Cash Equivalents": 7324000000.0
    },
    "2021-12-31T00:00:00": {
      "Treasury Shares Number": 32323628.0,
      "Ordinary Shares Number": 2608995172.0,
      "Share Issued": 2641318800.0,
      "Tangible Book Value": -8908000000.0,
      "Invested Capital": 12053000000.0,
      "Working Capital": -1389000000.0,
      "Net Tangible Assets": -8908000000.0,
      "Common Stock Equity": 12053000000.0,
      "Total Capitalization": 12053000000.0,
      "Total Equity Gross Minority Interest": 17889000000.0,
      "Minority Interest": 5836000000.0,
      "Stockholders Equity": 12053000000.0,
      "Other Equity Interest": -787000000.0,
      "Treasury Stock": 1094000000.0,
      "Retained Earnings": 1228000000.0,
      "Additional Paid In Capital": 13353000000.0,
      "Capital Stock": 2641000000.0,
      "Common Stock": 2641000000.0,
      "Total Liabilities Net Minority Interest": 101870000000.0,
      "Total Non Current Liabilities Net Minority Interest": 61359000000.0,
      "Other Non Current Liabilities": 879000000.0,
      "Derivative Product Liabilities": 6491000000.0,
      "Non Current Pension And Other Postretirement Benefit Plans": 6082000000.0,
      "Tradeand Other Payables Non Current": 312000000.0,
      "Non Current Deferred Revenue": 3448000000.0,
      "Non Current Deferred Taxes Liabilities": 2649000000.0,
      "Long Term Provisions": 13367000000.0,
      "Current Liabilities": 40511000000.0,
      "Other Current Liabilities": 130000000.0,
      "Current Provisions": 11782000000.0,
      "Payables": 9656000000.0,
      "Total Tax Payable": 543000000.0,
      "Accounts Payable": 9113000000.0,
      "Total Assets": 119759000000.0,
      "Total Non Current Assets": 80637000000.0,
      "Other Non Current Assets": 867000000.0,
      "Non Current Deferred Taxes Assets": 1651000000.0,
      "Financial Assets": 333000000.0,
      "Investmentin Financial Assets": 3846000000.0,
      "Available For Sale Securities": 3846000000.0,
      "Long Term Equity Investment": 4083000000.0,
      "Investmentsin Joint Venturesat Cost": null,
      "Investmentsin Associatesat Cost": null,
      "Investment Properties": 1124000000.0,
      "Goodwill And Other Intangible Assets": 20961000000.0,
      "Other Intangible Assets": 3553000000.0,
      "Goodwill": 17408000000.0,
      "Net PPE": 39284000000.0,
      "Accumulated Depreciation": -31333000000.0,
      "Gross PPE": 70617000000.0,
      "Construction In Progress": 2717000000.0,
      "Other Properties": 3653000000.0,
      "Machinery Furniture Equipment": 58933000000.0,
      "Buildings And Improvements": 5314000000.0,
      "Properties": 0.0,
      "Current Assets": 39122000000.0,
      "Other Current Assets": 3387000000.0,
      "Hedging Assets Current": 14749000000.0,
      "Assets Held For Sale Current": 1620000000.0,
      "Restricted Cash": 735000000.0,
      "Inventory": 1051000000.0,
      "Finished Goods": 227000000.0,
      "Work In Process": 324000000.0,
      "Raw Materials": 500000000.0,
      "Other Receivables": 1576000000.0,
      "Taxes Receivable": 783000000.0,
      "Accounts Receivable": 9947000000.0,
      "Cash Cash Equivalents And Short Term Investments": 5230000000.0,
      "Other Short Term Investments": 1596000000.0,
      "Cash And Cash Equivalents": 3634000000.0
    }
  },
  "cashflow": {
    "2024-12-31T00:00:00": {
      "Free Cash Flow": -1298000000.0,
      "Repayment Of Debt": null,
      "Issuance Of Debt": null,
      "Capital Expenditure": -6971000000.0,
      "End Cash Position": 5762000000.0,
      "Beginning Cash Position": 5585000000.0,
      "Effect Of Exchange Rate Changes": 24000000.0,
      "Changes In Cash": 153000000.0,
      "Other Cash Adjustment Inside Changein Cash": 0.0,
      "Financing Cash Flow": 1106000000.0,
      "Net Other Financing Charges": 3001000000.0,
      "Cash Dividends Paid": -1384000000.0,
      "Net Common Stock Issuance": -190000000.0,
      "Net Issuance Payments Of Debt": null,
      "Net Long Term Debt Issuance": null,
      "Long Term Debt Payments": null,
      "Long Term Debt Issuance": null,
      "Investing Cash Flow": -6626000000.0,
      "Net Other Investing Changes": 196000000.0,
      "Net Investment Purchase And Sale": 46000000.0,
      "Sale Of Investment": 2700000000.0,
      "Purchase Of Investment": -2654000000.0,
      "Net Business Purchase And Sale": null,
      "Sale Of Business": null,
      "Purchase Of Business": null,
      "Net Intangibles Purchase And Sale": -6868000000.0,
      "Sale Of Intangibles": 103000000.0,
      "Purchase Of Intangibles": -6971000000.0,
      "Net PPE Purchase And Sale": null,
      "Purchase Of PPE": null,
      "Operating Cash Flow": 5673000000.0,
      "Change In Working Capital": -4931000000.0,
      "Change In Other Current Liabilities": -7953000000.0,
      "Change In Other Current Assets": null,
      "Change In Payable": -728000000.0,
      "Change In Inventory": 173000000.0,
      "Change In Receivables": 3577000000.0,
      "Other Non Cash Items": 374000000.0,
      "Provisionand Write Offof Assets": -1135000000.0,
      "Deferred Tax": 1379000000.0,
      "Depreciation And Amortization": 4401000000.0,
      "Depreciation": 4401000000.0,
      "Gain Loss On Sale Of PPE": 23000000.0,
      "Net Income From Continuing Operations": 5562000000.0
    },
    "2023-12-31T00:00:00": {
      "Free Cash Flow": -356000000.0,
      "Repayment Of Debt": null,
      "Issuance Of Debt": null,
      "Capital Expenditure": -6010000000.0,
      "End Cash Position": 5585000000.0,
      "Beginning Cash Position": 7336000000.0,
      "Effect Of Exchange Rate Changes": 27000000.0,
      "Changes In Cash": -1778000000.0,
      "Other Cash Adjustment Inside Changein Cash": 0.0,
      "Financing Cash Flow": -1844000000.0,
      "Net Other Financing Charges": -246000000.0,
      "Cash Dividends Paid": -1331000000.0,
      "Net Common Stock Issuance": 30000000.0,
      "Net Issuance Payments Of Debt": null,
      "Net Long Term Debt Issuance": null,
      "Long Term Debt Payments": null,
      "Long Term Debt Issuance": null,
      "Investing Cash Flow": -5588000000.0,
      "Net Other Investing Changes": -2000000.0,
      "Net Investment Purchase And Sale": 203000000.0,
      "Sale Of Investment": 2682000000.0,
      "Purchase Of Investment": -2479000000.0,
      "Net Business Purchase And Sale": -387000000.0,
      "Sale Of Business": 24000000.0,
      "Purchase Of Business": -411000000.0,
      "Net Intangibles Purchase And Sale": -5789000000.0,
      "Sale Of Intangibles": 221000000.0,
      "Purchase Of Intangibles": -6010000000.0,
      "Net PPE Purchase And Sale": null,
      "Purchase Of PPE": null,
      "Operating Cash Flow": 5654000000.0,
      "Change In Working Capital": 4619000000.0,
      "Change In Other Current Liabilities": -14879000000.0,
      "Change In Other Current Assets": null,
      "Change In Payable": -2997000000.0,
      "Change In Inventory": 266000000.0,
      "Change In Receivables": 22229000000.0,
      "Other Non Cash Items": 1004000000.0,
      "Provisionand Write Offof Assets": -2704000000.0,
      "Deferred Tax": -1546000000.0,
      "Depreciation And Amortization": 3514000000.0,
      "Depreciation": 3514000000.0,
      "Gain Loss On Sale Of PPE": 7000000.0,
      "Net Income From Continuing Operations": 760000000.0
    },
    "2022-12-31T00:00:00": {
      "Free Cash Flow": 5469000000.0,
      "Repayment Of Debt": -8037000000.0,
      "Issuance Of Debt": 6488000000.0,
      "Capital Expenditure": -4576000000.0,
      "End Cash Position": 7336000000.0,
      "Beginning Cash Position": 3642000000.0,
      "Effect Of Exchange Rate Changes": -59000000.0,
      "Changes In Cash": 3753000000.0,
      "Other Cash Adjustment Inside Changein Cash": 0.0,
      "Financing Cash Flow": -3146000000.0,
      "Net Other Financing Charges": -1549000000.0,
      "Cash Dividends Paid": -1278000000.0,
      "Net Common Stock Issuance": -13000000.0,
      "Net Issuance Payments Of Debt": -1549000000.0,
      "Net Long Term Debt Issuance": -1549000000.0,
      "Long Term Debt Payments": -8037000000.0,
      "Long Term Debt Issuance": 6488000000.0,
      "Investing Cash Flow": -3146000000.0,
      "Net Other Investing Changes": 276000000.0,
      "Net Investment Purchase And Sale": 269000000.0,
      "Sale Of Investment": 1533000000.0,
      "Purchase Of Investment": -1264000000.0,
      "Net Business Purchase And Sale": 583000000.0,
      "Sale Of Business": 760000000.0,
      "Purchase Of Business": -177000000.0,
      "Net Intangibles Purchase And Sale": -4274000000.0,
      "Sale Of Intangibles": 302000000.0,
      "Purchase Of Intangibles": -4576000000.0,
      "Net PPE Purchase And Sale": null,
      "Purchase Of PPE": null,
      "Operating Cash Flow": 10045000000.0,
      "Change In Working Capital": 12503000000.0,
      "Change In Other Current Liabilities": 14976000000.0,
      "Change In Other Current Assets": -812000000.0,
      "Change In Payable": 5455000000.0,
      "Change In Inventory": -1169000000.0,
      "Change In Receivables": -6759000000.0,
      "Other Non Cash Items": 1615000000.0,
      "Provisionand Write Offof Assets": -8113000000.0,
      "Deferred Tax": -812000000.0,
      "Depreciation And Amortization": 3378000000.0,
      "Depreciation": 3378000000.0,
      "Gain Loss On Sale Of PPE": -768000000.0,
      "Net Income From Continuing Operations": 2242000000.0
    },
    "2021-12-31T00:00:00": {
      "Free Cash Flow": -418000000.0,
      "Repayment Of Debt": -1661000000.0,
      "Issuance Of Debt": 4980000000.0,
      "Capital Expenditure": -4487000000.0,
      "End Cash Position": 3642000000.0,
      "Beginning Cash Position": 2667000000.0,
      "Effect Of Exchange Rate Changes": 42000000.0,
      "Changes In Cash": 933000000.0,
      "Other Cash Adjustment Inside Changein Cash": 0.0,
      "Financing Cash Flow": 2263000000.0,
      "Net Other Financing Charges": 3319000000.0,
      "Cash Dividends Paid": -1225000000.0,
      "Net Common Stock Issuance": 493000000.0,
      "Net Issuance Payments Of Debt": 3319000000.0,
      "Net Long Term Debt Issuance": 3319000000.0,
      "Long Term Debt Payments": -1661000000.0,
      "Long Term Debt Issuance": 4980000000.0,
      "Investing Cash Flow": -5399000000.0,
      "Net Other Investing Changes": 285000000.0,
      "Net Investment Purchase And Sale": -1943000000.0,
      "Sale Of Investment": 801000000.0,
      "Purchase Of Investment": -2744000000.0,
      "Net Business Purchase And Sale": 476000000.0,
      "Sale Of Business": 751000000.0,
      "Purchase Of Business": -275000000.0,
      "Net Intangibles Purchase And Sale": -4217000000.0,
      "Sale Of Intangibles": 270000000.0,
      "Purchase Of Intangibles": -4487000000.0,
      "Net PPE Purchase And Sale": -4487000000.0,
      "Purchase Of PPE": -4487000000.0,
      "Operating Cash Flow": 4069000000.0,
      "Change In Working Capital": -12467000000.0,
      "Change In Other Current Liabilities": 9576000000.0,
      "Change In Other Current Assets": 318000000.0,
      "Change In Payable": 1258000000.0,
      "Change In Inventory": 63000000.0,
      "Change In Receivables": -23364000000.0,
      "Other Non Cash Items": -1187000000.0,
      "Provisionand Write Offof Assets": 8318000000.0,
      "Deferred Tax": 318000000.0,
      "Depreciation And Amortization": 3922000000.0,
      "Depreciation": 3922000000.0,
      "Gain Loss On Sale Of PPE": -140000000.0,
      "Net Income From Continuing Operations": 5305000000.0
    }
  },
  "earnings_estimate": {
    "avg": {
      "0q": null,
      "+1q": null,
      "0y": 1.08287,
      "+1y": 1.24513
    },
    "low": {
      "0q": null,
      "+1q": null,
      "0y": 1.05,
      "+1y": 1.19466
    },
    "high": {
      "0q": null,
      "+1q": null,
      "0y": 1.23,
      "+1y": 1.29439
    },
    "yearAgoEps": {
      "0q": null,
      "+1q": null,
      "0y": 1.16,
      "+1y": 1.08287
    },
    "numberOfAnalysts": {
      "0q": null,
      "+1q": null,
      "0y": 15.0,
      "+1y": 18.0
    },
    "growth": {
      "0q": null,
      "+1q": null,
      "0y": -0.0665,
      "+1y": 0.1498
    }
  },
  "revenue_estimate": {
    "avg": {
      "0q": 0,
      "+1q": 0,
      "0y": 84158711840,
      "+1y": 87303564030
    },
    "low": {
      "0q": 0,
      "+1q": 0,
      "0y": 71563000000,
      "+1y": 72950000000
    },
    "high": {
      "0q": 0,
      "+1q": 0,
      "0y": 94249000000,
      "+1y": 95267000000
    },
    "numberOfAnalysts": {
      "0q": 0,
      "+1q": 0,
      "0y": 10,
      "+1y": 10
    },
    "yearAgoRevenue": {
      "0q": null,
      "+1q": null,
      "0y": 78704000000.0,
      "+1y": 84158711840.0
    },
    "growth": {
      "0q": null,
      "+1q": null,
      "0y": 0.069299996,
      "+1y": 0.0374
    }
  },
  "growth_estimates": {
    "stockTrend": {
      "0q": null,
      "+1q": null,
      "0y": -0.0665,
      "+1y": 0.1498,
      "LTG": null
    },
    "indexTrend": {
      "0q": 0.1273,
      "+1q": 0.103599995,
      "0y": 0.14310001,
      "+1y": 0.1557,
      "LTG": 0.122
    }
  },
  "revenue_forecasts": null,
  "dividend_rate": 0.55,
  "trailing_dividend_rate": 0.55
}