{
  "ticker": "FBK.MI",
  "name": "FinecoBank",
  "country": "italy",
  "currency": "EUR",
  "last_fetched": "2026-02-26T20:49:24.269389",
  "market_cap": 12443895808,
  "revenue": 1311123968,
  "net_income": 647041024,
  "pe_ratio": 19.198114,
  "forward_pe": 17.094233,
  "dividend_yield": 3.86,
  "profit_margin": 0.4935,
  "roe": 0.26182,
  "debt_to_equity": null,
  "beta": 0.723,
  "ev_to_ebitda": null,
  "sector": "Financial Services",
  "industry": "Banks - Regional",
  "summary": "FinecoBank Banca Fineco S.p.A. provides banking, credit, trading and investment services in Italy. The company offers banking services, including current account services, payment services, mortgages, overdrafts, and personal loans, as well as debit, credit, and prepaid cards; and brokerage services comprising order execution services on behalf of customers with direct access to global equity markets, as well as trading of CFDs, futures, options, bonds, ETFs, and certificates. It also provides asset management services, such as placement and distribution services of various products, including UCITS and SICAV units, and insurance and pension products, as well as investment advisory services. In addition, the company operates financial shops. It serves through a network of personal financial advisors, and online and mobile channels. FinecoBank Banca Fineco S.p.A. was founded in 1999 and is headquartered in Reggio Emilia, Italy.",
  "website": "https://it.finecobank.com",
  "employees": null,
  "target_high": 28.0,
  "target_low": 20.7,
  "target_mean": 24.68,
  "target_median": 25.45,
  "recommendation": "buy",
  "num_analysts": 16,
  "income_stmt": {
    "2025-12-31T00:00:00": {
      "Tax Effect Of Unusual Items": null,
      "Tax Rate For Calcs": null,
      "Total Unusual Items": null,
      "Total Unusual Items Excluding Goodwill": null,
      "Net Income From Continuing Operation Net Minority Interest": null,
      "Reconciled Depreciation": null,
      "Net Interest Income": null,
      "Interest Expense": null,
      "Interest Income": null,
      "Normalized Income": null,
      "Net Income From Continuing And Discontinued Operation": null,
      "Diluted Average Shares": 611493639.0,
      "Basic Average Shares": 611493639.0,
      "Diluted EPS": 1.058132,
      "Basic EPS": 1.058132,
      "Diluted NI Availto Com Stockholders": null,
      "Net Income Common Stockholders": null,
      "Net Income": null,
      "Net Income Including Noncontrolling Interests": null,
      "Net Income Continuous Operations": null,
      "Tax Provision": null,
      "Pretax Income": null,
      "Special Income Charges": null,
      "Other Special Charges": null,
      "Write Off": null,
      "Impairment Of Capital Assets": null,
      "Restructuring And Mergern Acquisition": null,
      "Gain On Sale Of Security": null,
      "Operating Expense": null,
      "Other Operating Expenses": null,
      "Depreciation And Amortization In Income Statement": null,
      "Amortization": null,
      "Depreciation Income Statement": null,
      "Selling General And Administration": null,
      "Selling And Marketing Expense": null,
      "General And Administrative Expense": null,
      "Insurance And Claims": null,
      "Rent And Landing Fees": null,
      "Total Revenue": null,
      "Operating Revenue": null
    },
    "2024-12-31T00:00:00": {
      "Tax Effect Of Unusual Items": -106942.788337,
      "Tax Rate For Calcs": 0.305551,
      "Total Unusual Items": -350000.0,
      "Total Unusual Items Excluding Goodwill": -350000.0,
      "Net Income From Continuing Operation Net Minority Interest": 652285000.0,
      "Reconciled Depreciation": 25791000.0,
      "Net Interest Income": 708719000.0,
      "Interest Expense": 121332000.0,
      "Interest Income": 830051000.0,
      "Normalized Income": 652528057.211663,
      "Net Income From Continuing And Discontinued Operation": 652285000.0,
      "Diluted Average Shares": 610918227.0,
      "Basic Average Shares": 610918227.0,
      "Diluted EPS": 1.067712,
      "Basic EPS": 1.067712,
      "Diluted NI Availto Com Stockholders": 652285000.0,
      "Net Income Common Stockholders": 652285000.0,
      "Net Income": 652285000.0,
      "Net Income Including Noncontrolling Interests": 652285000.0,
      "Net Income Continuous Operations": 652285000.0,
      "Tax Provision": 286999000.0,
      "Pretax Income": 939284000.0,
      "Special Income Charges": -350000.0,
      "Other Special Charges": 123000.0,
      "Write Off": 57000.0,
      "Impairment Of Capital Assets": 6000.0,
      "Restructuring And Mergern Acquisition": 164000.0,
      "Gain On Sale Of Security": 1201000.0,
      "Operating Expense": 581861000.0,
      "Other Operating Expenses": 222762000.0,
      "Depreciation And Amortization In Income Statement": 25785000.0,
      "Amortization": 4648000.0,
      "Depreciation Income Statement": 21137000.0,
      "Selling General And Administration": 124317000.0,
      "Selling And Marketing Expense": 42969000.0,
      "General And Administrative Expense": 81348000.0,
      "Insurance And Claims": 40832000.0,
      "Rent And Landing Fees": 24557000.0,
      "Total Revenue": 1523534000.0,
      "Operating Revenue": 1523534000.0
    },
    "2023-12-31T00:00:00": {
      "Tax Effect Of Unusual Items": -924650.04391,
      "Tax Rate For Calcs": 0.30168,
      "Total Unusual Items": -3065000.0,
      "Total Unusual Items Excluding Goodwill": -3065000.0,
      "Net Income From Continuing Operation Net Minority Interest": 609101000.0,
      "Reconciled Depreciation": 27139000.0,
      "Net Interest Income": 683788000.0,
      "Interest Expense": 94613000.0,
      "Interest Income": 778401000.0,
      "Normalized Income": 611241349.95609,
      "Net Income From Continuing And Discontinued Operation": 609101000.0,
      "Diluted Average Shares": 611794654.0,
      "Basic Average Shares": 610410519.0,
      "Diluted EPS": 1.0,
      "Basic EPS": 1.0,
      "Diluted NI Availto Com Stockholders": 609101000.0,
      "Net Income Common Stockholders": 609101000.0,
      "Net Income": 609101000.0,
      "Net Income Including Noncontrolling Interests": 609101000.0,
      "Net Income Continuous Operations": 609101000.0,
      "Tax Provision": 263137000.0,
      "Pretax Income": 872238000.0,
      "Special Income Charges": -3065000.0,
      "Other Special Charges": 2498000.0,
      "Write Off": 311000.0,
      "Impairment Of Capital Assets": 77000.0,
      "Restructuring And Mergern Acquisition": 179000.0,
      "Gain On Sale Of Security": 1228000.0,
      "Operating Expense": 525308000.0,
      "Other Operating Expenses": 194650000.0,
      "Depreciation And Amortization In Income Statement": 27062000.0,
      "Amortization": 5995000.0,
      "Depreciation Income Statement": 21067000.0,
      "Selling General And Administration": 103646000.0,
      "Selling And Marketing Expense": 29780000.0,
      "General And Administrative Expense": 73866000.0,
      "Insurance And Claims": 45600000.0,
      "Rent And Landing Fees": 22997000.0,
      "Total Revenue": 1404472000.0,
      "Operating Revenue": 1404472000.0
    },
    "2022-12-31T00:00:00": {
      "Tax Effect Of Unusual Items": -524636.179972,
      "Tax Rate For Calcs": 0.29098,
      "Total Unusual Items": -1803000.0,
      "Total Unusual Items Excluding Goodwill": -1803000.0,
      "Net Income From Continuing Operation Net Minority Interest": 428505000.0,
      "Reconciled Depreciation": 26865000.0,
      "Net Interest Income": 337549000.0,
      "Interest Expense": 19723000.0,
      "Interest Income": 357272000.0,
      "Normalized Income": 429783363.820028,
      "Net Income From Continuing And Discontinued Operation": 428505000.0,
      "Diluted Average Shares": 611424585.0,
      "Basic Average Shares": 609932199.0,
      "Diluted EPS": 0.701,
      "Basic EPS": 0.703,
      "Diluted NI Availto Com Stockholders": 428505000.0,
      "Net Income Common Stockholders": 428505000.0,
      "Net Income": 428505000.0,
      "Net Income Including Noncontrolling Interests": 428505000.0,
      "Net Income Continuous Operations": 428505000.0,
      "Tax Provision": 175857000.0,
      "Pretax Income": 604362000.0,
      "Special Income Charges": -2344000.0,
      "Other Special Charges": 2157000.0,
      "Write Off": 66000.0,
      "Impairment Of Capital Assets": 8000.0,
      "Restructuring And Mergern Acquisition": 121000.0,
      "Gain On Sale Of Security": -474000.0,
      "Operating Expense": 475640000.0,
      "Other Operating Expenses": 155133000.0,
      "Depreciation And Amortization In Income Statement": 26865000.0,
      "Amortization": 6607000.0,
      "Depreciation Income Statement": 20258000.0,
      "Selling General And Administration": 99410000.0,
      "Selling And Marketing Expense": 26459000.0,
      "General And Administrative Expense": 72951000.0,
      "Insurance And Claims": 52138000.0,
      "Rent And Landing Fees": 21790000.0,
      "Total Revenue": 1085736000.0,
      "Operating Revenue": 1085736000.0
    },
    "2021-12-31T00:00:00": {
      "Tax Effect Of Unusual Items": -20696.233639,
      "Tax Rate For Calcs": 0.229958,
      "Total Unusual Items": -90000.0,
      "Total Unusual Items Excluding Goodwill": -90000.0,
      "Net Income From Continuing Operation Net Minority Interest": 380711000.0,
      "Reconciled Depreciation": 26218000.0,
      "Net Interest Income": 243149000.0,
      "Interest Expense": 7449000.0,
      "Interest Income": 250598000.0,
      "Normalized Income": 380780303.766361,
      "Net Income From Continuing And Discontinued Operation": 380711000.0,
      "Diluted Average Shares": null,
      "Basic Average Shares": null,
      "Diluted EPS": null,
      "Basic EPS": null,
      "Diluted NI Availto Com Stockholders": 380711000.0,
      "Net Income Common Stockholders": 380711000.0,
      "Net Income": 380711000.0,
      "Net Income Including Noncontrolling Interests": 380711000.0,
      "Net Income Continuous Operations": 380711000.0,
      "Tax Provision": 113692000.0,
      "Pretax Income": 494403000.0,
      "Special Income Charges": -90000.0,
      "Other Special Charges": 231000.0,
      "Write Off": 30000.0,
      "Impairment Of Capital Assets": 9000.0,
      "Restructuring And Mergern Acquisition": 60000.0,
      "Gain On Sale Of Security": 2223000.0,
      "Operating Expense": 451466000.0,
      "Other Operating Expenses": 200518000.0,
      "Depreciation And Amortization In Income Statement": 26218000.0,
      "Amortization": 6689000.0,
      "Depreciation Income Statement": 19529000.0,
      "Selling General And Administration": 88606000.0,
      "Selling And Marketing Expense": 20898000.0,
      "General And Administrative Expense": 67708000.0,
      "Insurance And Claims": 3992000.0,
      "Rent And Landing Fees": 20137000.0,
      "Total Revenue": 947640000.0,
      "Operating Revenue": 947640000.0
    }
  },
  "quarterly_income": {
    "2025-12-31T00:00:00": {
      "Diluted Average Shares": 611493639.0,
      "Basic Average Shares": 611493639.0,
      "Diluted EPS": 0.27231,
      "Basic EPS": 0.27231
    },
    "2025-06-30T00:00:00": {
      "Diluted Average Shares": 611493639.0,
      "Basic Average Shares": 611493639.0,
      "Diluted EPS": 0.251263,
      "Basic EPS": 0.251263
    },
    "2025-03-31T00:00:00": {
      "Diluted Average Shares": 611493639.0,
      "Basic Average Shares": 611493639.0,
      "Diluted EPS": 0.268508,
      "Basic EPS": 0.268508
    },
    "2024-09-30T00:00:00": {
      "Diluted Average Shares": 610918227.0,
      "Basic Average Shares": 610918227.0,
      "Diluted EPS": 0.277738,
      "Basic EPS": 0.277738
    },
    "2024-06-30T00:00:00": {
      "Diluted Average Shares": 610918227.0,
      "Basic Average Shares": 610918227.0,
      "Diluted EPS": 0.283694,
      "Basic EPS": 0.283694
    }
  },
  "balance_sheet": {
    "2024-12-31T00:00:00": {
      "Treasury Shares Number": 81200.0,
      "Ordinary Shares Number": 610918227.0,
      "Share Issued": 610999427.0,
      "Total Debt": 868400000.0,
      "Tangible Book Value": 2264469000.0,
      "Invested Capital": 3199540000.0,
      "Net Tangible Assets": 2264469000.0,
      "Common Stock Equity": 2389312000.0,
      "Total Capitalization": 3199540000.0,
      "Total Equity Gross Minority Interest": 2389312000.0,
      "Stockholders Equity": 2389312000.0,
      "Other Equity Interest": 500000000.0,
      "Fixed Assets Revaluation Reserve": -19049000.0,
      "Treasury Stock": 1082000.0,
      "Retained Earnings": 652285000.0,
      "Additional Paid In Capital": 1934000.0,
      "Capital Stock": 201630000.0,
      "Common Stock": 201630000.0,
      "Total Liabilities Net Minority Interest": 32299505000.0,
      "Derivative Product Liabilities": 52444000.0,
      "Long Term Debt And Capital Lease Obligation": 868400000.0,
      "Payables": 219768000.0,
      "Other Payable": 75977000.0,
      "Total Tax Payable": 140061000.0,
      "Accounts Payable": 3730000.0,
      "Total Assets": 34688817000.0,
      "Investments And Advances": 23981258000.0,
      "Investmentin Financial Assets": 23979584000.0,
      "Available For Sale Securities": 23418153000.0,
      "Financial Assets Designatedas Fair Value Through Profitor Loss Total": 5620000.0,
      "Trading Securities": 22137000.0,
      "Long Term Equity Investment": 1674000.0,
      "Investment Properties": null,
      "Goodwill And Other Intangible Assets": 124843000.0,
      "Other Intangible Assets": 35241000.0,
      "Goodwill": 89602000.0,
      "Net PPE": 148347000.0,
      "Gross PPE": 148347000.0,
      "Other Properties": 25335000.0,
      "Machinery Furniture Equipment": 2723000.0,
      "Buildings And Improvements": 96144000.0,
      "Land And Improvements": 24145000.0,
      "Prepaid Assets": 387052000.0,
      "Receivables": 125512000.0,
      "Taxes Receivable": 1262000000.0,
      "Cash And Cash Equivalents": 2263300000.0,
      "Cash Financial": 5000.0,
      "Cash Cash Equivalents And Federal Funds Sold": 2421981000.0
    },
    "2023-12-31T00:00:00": {
      "Treasury Shares Number": 91459.0,
      "Ordinary Shares Number": 610540176.0,
      "Share Issued": 610631635.0,
      "Total Debt": 870646000.0,
      "Tangible Book Value": 2070609000.0,
      "Invested Capital": 3003940000.0,
      "Net Tangible Assets": 2070609000.0,
      "Common Stock Equity": 2194676000.0,
      "Total Capitalization": 3003940000.0,
      "Total Equity Gross Minority Interest": 2194676000.0,
      "Stockholders Equity": 2194676000.0,
      "Other Equity Interest": 500000000.0,
      "Fixed Assets Revaluation Reserve": -6730000.0,
      "Treasury Stock": 1243000.0,
      "Retained Earnings": 609101000.0,
      "Additional Paid In Capital": 1934000.0,
      "Capital Stock": 201508000.0,
      "Common Stock": 201508000.0,
      "Total Liabilities Net Minority Interest": 31121024000.0,
      "Derivative Product Liabilities": 33496000.0,
      "Long Term Debt And Capital Lease Obligation": 870646000.0,
      "Payables": 237741000.0,
      "Other Payable": 71029000.0,
      "Total Tax Payable": 158699000.0,
      "Accounts Payable": 8013000.0,
      "Total Assets": 33315700000.0,
      "Investments And Advances": 22124409000.0,
      "Investmentin Financial Assets": 22122757000.0,
      "Available For Sale Securities": 21394364000.0,
      "Financial Assets Designatedas Fair Value Through Profitor Loss Total": 7010000.0,
      "Trading Securities": 8788000.0,
      "Long Term Equity Investment": 1652000.0,
      "Investment Properties": null,
      "Goodwill And Other Intangible Assets": 124067000.0,
      "Other Intangible Assets": 34465000.0,
      "Goodwill": 89602000.0,
      "Net PPE": 149306000.0,
      "Gross PPE": 149306000.0,
      "Other Properties": 22011000.0,
      "Machinery Furniture Equipment": 2794000.0,
      "Buildings And Improvements": 100273000.0,
      "Land And Improvements": 24228000.0,
      "Prepaid Assets": 254217000.0,
      "Receivables": 114535000.0,
      "Taxes Receivable": 1622103000.0,
      "Cash And Cash Equivalents": 2551043000.0,
      "Cash Financial": 6000.0,
      "Cash Cash Equivalents And Federal Funds Sold": 2681677000.0
    },
    "2022-12-31T00:00:00": {
      "Treasury Shares Number": 136479.0,
      "Ordinary Shares Number": 609983381.0,
      "Share Issued": 610119860.0,
      "Total Debt": 561277000.0,
      "Tangible Book Value": 1784008000.0,
      "Invested Capital": 2408323000.0,
      "Net Tangible Assets": 1784008000.0,
      "Common Stock Equity": 1910397000.0,
      "Total Capitalization": 2408323000.0,
      "Total Equity Gross Minority Interest": 1910397000.0,
      "Stockholders Equity": 1910397000.0,
      "Other Equity Interest": 500000000.0,
      "Fixed Assets Revaluation Reserve": 2121000.0,
      "Treasury Stock": 1714000.0,
      "Retained Earnings": 428505000.0,
      "Additional Paid In Capital": 1934000.0,
      "Capital Stock": 201340000.0,
      "Common Stock": 201340000.0,
      "Total Liabilities Net Minority Interest": 34358488000.0,
      "Derivative Product Liabilities": 995000.0,
      "Long Term Debt And Capital Lease Obligation": 561277000.0,
      "Payables": 178189000.0,
      "Other Payable": 67852000.0,
      "Total Tax Payable": 98622000.0,
      "Accounts Payable": 11715000.0,
      "Total Assets": 36268885000.0,
      "Investments And Advances": 26075664000.0,
      "Investmentin Financial Assets": 26073946000.0,
      "Available For Sale Securities": 24626764000.0,
      "Financial Assets Designatedas Fair Value Through Profitor Loss Total": 5552000.0,
      "Trading Securities": 10562000.0,
      "Long Term Equity Investment": 1718000.0,
      "Investment Properties": 0.0,
      "Goodwill And Other Intangible Assets": 126389000.0,
      "Other Intangible Assets": 36787000.0,
      "Goodwill": 89602000.0,
      "Net PPE": 149899000.0,
      "Gross PPE": 149899000.0,
      "Other Properties": 18708000.0,
      "Machinery Furniture Equipment": 3042000.0,
      "Buildings And Improvements": 104217000.0,
      "Land And Improvements": 23932000.0,
      "Prepaid Assets": 290700000.0,
      "Receivables": 107462000.0,
      "Taxes Receivable": 1098492000.0,
      "Cash And Cash Equivalents": 1792977000.0,
      "Cash Financial": 4000.0,
      "Cash Cash Equivalents And Federal Funds Sold": 1932264000.0
    },
    "2021-12-31T00:00:00": {
      "Treasury Shares Number": 122866.0,
      "Ordinary Shares Number": 609776904.0,
      "Share Issued": 609899770.0,
      "Total Debt": 562601000.0,
      "Tangible Book Value": 1598111000.0,
      "Invested Capital": 2224063000.0,
      "Net Tangible Assets": 1598111000.0,
      "Common Stock Equity": 1726797000.0,
      "Total Capitalization": 2224063000.0,
      "Total Equity Gross Minority Interest": 1726797000.0,
      "Stockholders Equity": 1726797000.0,
      "Other Equity Interest": 500000000.0,
      "Fixed Assets Revaluation Reserve": -5877000.0,
      "Treasury Stock": 1440000.0,
      "Retained Earnings": 380711000.0,
      "Additional Paid In Capital": 1934000.0,
      "Capital Stock": 201267000.0,
      "Common Stock": 201267000.0,
      "Total Liabilities Net Minority Interest": 32140378000.0,
      "Derivative Product Liabilities": 69408000.0,
      "Long Term Debt And Capital Lease Obligation": 562601000.0,
      "Payables": 203800000.0,
      "Other Payable": 57147000.0,
      "Total Tax Payable": 137897000.0,
      "Accounts Payable": 8756000.0,
      "Total Assets": 33867175000.0,
      "Investments And Advances": 24706503000.0,
      "Investmentin Financial Assets": 24705209000.0,
      "Available For Sale Securities": 24553518000.0,
      "Financial Assets Designatedas Fair Value Through Profitor Loss Total": 5538000.0,
      "Trading Securities": 14797000.0,
      "Long Term Equity Investment": 1294000.0,
      "Investment Properties": 1764000.0,
      "Goodwill And Other Intangible Assets": 128686000.0,
      "Other Intangible Assets": 39084000.0,
      "Goodwill": 89602000.0,
      "Net PPE": 153819000.0,
      "Gross PPE": 153819000.0,
      "Other Properties": 17910000.0,
      "Machinery Furniture Equipment": 3089000.0,
      "Buildings And Improvements": 108888000.0,
      "Land And Improvements": 23932000.0,
      "Prepaid Assets": 346953000.0,
      "Receivables": 99824000.0,
      "Taxes Receivable": 514035000.0,
      "Cash And Cash Equivalents": 1774606000.0,
      "Cash Financial": 335000.0,
      "Cash Cash Equivalents And Federal Funds Sold": 1968104000.0
    }
  },
  "cashflow": {
    "2024-12-31T00:00:00": {
      "Free Cash Flow": 136289000.0,
      "Capital Expenditure": -18637000.0,
      "End Cash Position": 1962988000.0,
      "Beginning Cash Position": 2266250000.0,
      "Effect Of Exchange Rate Changes": 12270000.0,
      "Changes In Cash": -315532000.0,
      "Financing Cash Flow": -451820000.0,
      "Cash Dividends Paid": -452102000.0,
      "Common Stock Dividend Paid": -452102000.0,
      "Net Common Stock Issuance": 282000.0,
      "Investing Cash Flow": -18638000.0,
      "Dividends Received Cfi": 0.0,
      "Net Business Purchase And Sale": -1000.0,
      "Sale Of Business": 0.0,
      "Purchase Of Business": -1000.0,
      "Net Intangibles Purchase And Sale": -5425000.0,
      "Sale Of Intangibles": 0.0,
      "Purchase Of Intangibles": -5425000.0,
      "Net PPE Purchase And Sale": -13212000.0,
      "Sale Of PPE": 0.0,
      "Purchase Of PPE": -13212000.0,
      "Operating Cash Flow": 154926000.0,
      "Change In Working Capital": -573021000.0,
      "Change In Other Current Liabilities": null,
      "Change In Other Current Assets": null,
      "Other Non Cash Items": 5260000.0,
      "Provisionand Write Offof Assets": 27906000.0,
      "Deferred Tax": 16830000.0,
      "Depreciation And Amortization": 25791000.0,
      "Depreciation": 25791000.0,
      "Gain Loss On Investment Securities": -125000.0,
      "Net Income From Continuing Operations": 652285000.0
    },
    "2023-12-31T00:00:00": {
      "Free Cash Flow": 1122079000.0,
      "Capital Expenditure": -15567000.0,
      "End Cash Position": 2266250000.0,
      "Beginning Cash Position": 1469752000.0,
      "Effect Of Exchange Rate Changes": -4122000.0,
      "Changes In Cash": 800620000.0,
      "Financing Cash Flow": -321302000.0,
      "Cash Dividends Paid": -321942000.0,
      "Common Stock Dividend Paid": -321942000.0,
      "Net Common Stock Issuance": 640000.0,
      "Investing Cash Flow": -15724000.0,
      "Dividends Received Cfi": 0.0,
      "Net Business Purchase And Sale": -195000.0,
      "Sale Of Business": 0.0,
      "Purchase Of Business": -195000.0,
      "Net Intangibles Purchase And Sale": -3673000.0,
      "Sale Of Intangibles": 0.0,
      "Purchase Of Intangibles": -3673000.0,
      "Net PPE Purchase And Sale": -11856000.0,
      "Sale Of PPE": 38000.0,
      "Purchase Of PPE": -11894000.0,
      "Operating Cash Flow": 1137646000.0,
      "Change In Working Capital": 308133000.0,
      "Change In Other Current Liabilities": null,
      "Change In Other Current Assets": 0.0,
      "Other Non Cash Items": 61156000.0,
      "Provisionand Write Offof Assets": 42617000.0,
      "Deferred Tax": 83166000.0,
      "Depreciation And Amortization": 27139000.0,
      "Depreciation": 27139000.0,
      "Gain Loss On Investment Securities": 6334000.0,
      "Net Income From Continuing Operations": 609101000.0
    },
    "2022-12-31T00:00:00": {
      "Free Cash Flow": 255717000.0,
      "Capital Expenditure": -13380000.0,
      "End Cash Position": 1469752000.0,
      "Beginning Cash Position": 1464216000.0,
      "Effect Of Exchange Rate Changes": 7359000.0,
      "Changes In Cash": -1823000.0,
      "Financing Cash Flow": -258517000.0,
      "Cash Dividends Paid": -258316000.0,
      "Common Stock Dividend Paid": -258316000.0,
      "Net Common Stock Issuance": -201000.0,
      "Investing Cash Flow": -12403000.0,
      "Dividends Received Cfi": 0.0,
      "Net Business Purchase And Sale": -700000.0,
      "Sale Of Business": 0.0,
      "Purchase Of Business": -700000.0,
      "Net Intangibles Purchase And Sale": -4310000.0,
      "Sale Of Intangibles": 0.0,
      "Purchase Of Intangibles": -4310000.0,
      "Net PPE Purchase And Sale": -7393000.0,
      "Sale Of PPE": 1677000.0,
      "Purchase Of PPE": -9070000.0,
      "Operating Cash Flow": 269097000.0,
      "Change In Working Capital": -327484000.0,
      "Change In Other Current Liabilities": -34079000.0,
      "Change In Other Current Assets": 0.0,
      "Other Non Cash Items": 98688000.0,
      "Provisionand Write Offof Assets": 31185000.0,
      "Deferred Tax": 2403000.0,
      "Depreciation And Amortization": 26865000.0,
      "Depreciation": 26865000.0,
      "Gain Loss On Investment Securities": 8935000.0,
      "Net Income From Continuing Operations": 428505000.0
    },
    "2021-12-31T00:00:00": {
      "Free Cash Flow": -229792000.0,
      "Capital Expenditure": -14536000.0,
      "End Cash Position": 1464216000.0,
      "Beginning Cash Position": 2014508000.0,
      "Effect Of Exchange Rate Changes": 24597000.0,
      "Changes In Cash": -574889000.0,
      "Financing Cash Flow": -343776000.0,
      "Cash Dividends Paid": -343640000.0,
      "Common Stock Dividend Paid": -343640000.0,
      "Net Common Stock Issuance": -136000.0,
      "Investing Cash Flow": -15857000.0,
      "Dividends Received Cfi": 0.0,
      "Net Business Purchase And Sale": -1321000.0,
      "Sale Of Business": 0.0,
      "Purchase Of Business": -1321000.0,
      "Net Intangibles Purchase And Sale": -6176000.0,
      "Sale Of Intangibles": 0.0,
      "Purchase Of Intangibles": -6176000.0,
      "Net PPE Purchase And Sale": -8360000.0,
      "Sale Of PPE": 0.0,
      "Purchase Of PPE": -8360000.0,
      "Operating Cash Flow": -215256000.0,
      "Change In Working Capital": -804519000.0,
      "Change In Other Current Liabilities": 52921000.0,
      "Change In Other Current Assets": -627228000.0,
      "Other Non Cash Items": 129571000.0,
      "Provisionand Write Offof Assets": 26049000.0,
      "Deferred Tax": 27567000.0,
      "Depreciation And Amortization": 26218000.0,
      "Depreciation": 26218000.0,
      "Gain Loss On Investment Securities": -853000.0,
      "Net Income From Continuing Operations": 380711000.0
    }
  },
  "earnings_estimate": {
    "avg": {
      "0q": 0.26408,
      "+1q": 0.27363,
      "0y": 1.08804,
      "+1y": 1.19046
    },
    "low": {
      "0q": 0.25627,
      "+1q": 0.26954,
      "0y": 1.04,
      "+1y": 1.12804
    },
    "high": {
      "0q": 0.27,
      "+1q": 0.28,
      "0y": 1.14747,
      "+1y": 1.28878
    },
    "numberOfAnalysts": {
      "0q": 3,
      "+1q": 3,
      "0y": 14,
      "+1y": 14
    },
    "yearAgoEps": {
      "0q": null,
      "+1q": null,
      "0y": null,
      "+1y": 1.08804
    },
    "growth": {
      "0q": null,
      "+1q": null,
      "0y": null,
      "+1y": 0.0941
    }
  },
  "revenue_estimate": {
    "avg": {
      "0q": 347250960,
      "+1q": 355594950,
      "0y": 1414338970,
      "+1y": 1534725680
    },
    "low": {
      "0q": 347100000,
      "+1q": 351404000,
      "0y": 1385100000,
      "+1y": 1498300000
    },
    "high": {
      "0q": 347401910,
      "+1q": 359785900,
      "0y": 1440163090,
      "+1y": 1596294080
    },
    "numberOfAnalysts": {
      "0q": 2,
      "+1q": 2,
      "0y": 11,
      "+1y": 13
    },
    "yearAgoRevenue": {
      "0q": 329300000,
      "+1q": 315076000,
      "0y": 1316500000,
      "+1y": 1414338970
    },
    "growth": {
      "0q": 0.0545,
      "+1q": 0.1286,
      "0y": 0.0743,
      "+1y": 0.0851
    }
  },
  "growth_estimates": {
    "stockTrend": {
      "0q": null,
      "+1q": null,
      "0y": null,
      "+1y": 0.0941,
      "LTG": null
    },
    "indexTrend": {
      "0q": 0.1273,
      "+1q": 0.103599995,
      "0y": 0.14310001,
      "+1y": 0.1557,
      "LTG": 0.122
    }
  },
  "revenue_forecasts": null,
  "dividend_rate": 0.79,
  "trailing_dividend_rate": 0.79
}