{
  "ticker": "FNV.TO",
  "name": "Franco-Nevada",
  "country": "canada",
  "currency": "CAD",
  "last_fetched": "2026-02-26T20:52:17.223098",
  "market_cap": 73293856768,
  "revenue": 1531399936,
  "net_income": 919800000,
  "pe_ratio": 58.045803,
  "forward_pe": 33.380238,
  "dividend_yield": 0.64,
  "profit_margin": 0.60063,
  "roe": 0.14166,
  "debt_to_equity": null,
  "beta": 0.829,
  "ev_to_ebitda": 52.08,
  "sector": "Basic Materials",
  "industry": "Gold",
  "summary": "Franco-Nevada Corporation operates as a royalty and stream company focused on precious metals in South America, Central America, Mexico, the United States, Canada, Australia, Europe, and internationally. It operates through Precious Metals, Other Mining and Energy segments. The company manages its portfolio with a focus on precious metals, such as gold, silver, and platinum group metals; and engages in the sale of crude oil, natural gas, and natural gas liquids through a third-party marketing agent. Franco-Nevada Corporation was founded in 1986 and is headquartered in Toronto, Canada.",
  "website": "https://www.franco-nevada.com",
  "employees": null,
  "target_high": 482.0469,
  "target_low": 260.87775,
  "target_mean": 369.4473,
  "target_median": 379.74026,
  "recommendation": "buy",
  "num_analysts": 10,
  "income_stmt": {
    "2024-12-31T00:00:00": {
      "Tax Effect Of Unusual Items": -5212514.727059,
      "Tax Rate For Calcs": 0.277261,
      "Normalized EBITDA": 1008100000.0,
      "Total Unusual Items": -18800000.0,
      "Total Unusual Items Excluding Goodwill": -18800000.0,
      "Net Income From Continuing Operation Net Minority Interest": 552100000.0,
      "Reconciled Depreciation": 225300000.0,
      "Reconciled Cost Of Revenue": 354300000.0,
      "EBITDA": 989300000.0,
      "EBIT": 764000000.0,
      "Net Interest Income": 58000000.0,
      "Interest Expense": 100000.0,
      "Interest Income": 60600000.0,
      "Normalized Income": 565687485.272941,
      "Net Income From Continuing And Discontinued Operation": 552100000.0,
      "Total Expenses": 388900000.0,
      "Total Operating Income As Reported": 726600000.0,
      "Diluted Average Shares": 192600000.0,
      "Basic Average Shares": 192400000.0,
      "Diluted EPS": 2.87,
      "Basic EPS": 2.87,
      "Diluted NI Availto Com Stockholders": 552100000.0,
      "Average Dilution Earnings": 0.0,
      "Net Income Common Stockholders": 552100000.0,
      "Net Income": 552100000.0,
      "Net Income Including Noncontrolling Interests": 552100000.0,
      "Net Income Continuous Operations": 552100000.0,
      "Tax Provision": 211800000.0,
      "Pretax Income": 763900000.0,
      "Other Income Expense": -18800000.0,
      "Other Non Operating Income Expenses": null,
      "Special Income Charges": 1900000.0,
      "Gain On Sale Of Ppe": 8200000.0,
      "Other Special Charges": 6300000.0,
      "Write Off": null,
      "Impairment Of Capital Assets": 0.0,
      "Gain On Sale Of Security": -20700000.0,
      "Net Non Operating Interest Income Expense": 58000000.0,
      "Total Other Finance Cost": 2500000.0,
      "Interest Expense Non Operating": 100000.0,
      "Interest Income Non Operating": 60600000.0,
      "Operating Income": 724700000.0,
      "Operating Expense": 34600000.0,
      "Selling General And Administration": 34600000.0,
      "General And Administrative Expense": 34600000.0,
      "Other Gand A": 9000000.0,
      "Insurance And Claims": 7100000.0,
      "Salaries And Wages": 18500000.0,
      "Gross Profit": 759300000.0,
      "Cost Of Revenue": 354300000.0,
      "Total Revenue": 1113600000.0,
      "Operating Revenue": 1065800000.0
    },
    "2023-12-31T00:00:00": {
      "Tax Effect Of Unusual Items": -460840000.0,
      "Tax Rate For Calcs": 0.4,
      "Normalized EBITDA": 1061100000.0,
      "Total Unusual Items": -1152100000.0,
      "Total Unusual Items Excluding Goodwill": -1152100000.0,
      "Net Income From Continuing Operation Net Minority Interest": -466400000.0,
      "Reconciled Depreciation": 273100000.0,
      "Reconciled Cost Of Revenue": 452400000.0,
      "EBITDA": -91000000.0,
      "EBIT": -364100000.0,
      "Net Interest Income": 49400000.0,
      "Interest Expense": 100000.0,
      "Interest Income": 52300000.0,
      "Normalized Income": 224860000.0,
      "Net Income From Continuing And Discontinued Operation": -466400000.0,
      "Total Expenses": 480300000.0,
      "Total Operating Income As Reported": -428000000.0,
      "Diluted Average Shares": 192300000.0,
      "Basic Average Shares": 192000000.0,
      "Diluted EPS": -2.43,
      "Basic EPS": -2.43,
      "Diluted NI Availto Com Stockholders": -466400000.0,
      "Average Dilution Earnings": 0.0,
      "Net Income Common Stockholders": -466400000.0,
      "Net Income": -466400000.0,
      "Net Income Including Noncontrolling Interests": -466400000.0,
      "Net Income Continuous Operations": -466400000.0,
      "Tax Provision": 102200000.0,
      "Pretax Income": -364200000.0,
      "Other Income Expense": -1151300000.0,
      "Other Non Operating Income Expenses": 800000.0,
      "Special Income Charges": -1166700000.0,
      "Gain On Sale Of Ppe": 7600000.0,
      "Other Special Charges": 1000000.0,
      "Write Off": 1173300000.0,
      "Impairment Of Capital Assets": 1173300000.0,
      "Gain On Sale Of Security": 14600000.0,
      "Net Non Operating Interest Income Expense": 49400000.0,
      "Total Other Finance Cost": 2800000.0,
      "Interest Expense Non Operating": 100000.0,
      "Interest Income Non Operating": 52300000.0,
      "Operating Income": 738700000.0,
      "Operating Expense": 27900000.0,
      "Selling General And Administration": 27900000.0,
      "General And Administrative Expense": 27900000.0,
      "Other Gand A": 6600000.0,
      "Insurance And Claims": 6200000.0,
      "Salaries And Wages": 15100000.0,
      "Gross Profit": 766600000.0,
      "Cost Of Revenue": 452400000.0,
      "Total Revenue": 1219000000.0,
      "Operating Revenue": 1171600000.0
    },
    "2022-12-31T00:00:00": {
      "Tax Effect Of Unusual Items": 686493.942665,
      "Tax Rate For Calcs": 0.15965,
      "Normalized EBITDA": 1115700000.0,
      "Total Unusual Items": 4300000.0,
      "Total Unusual Items Excluding Goodwill": 4300000.0,
      "Net Income From Continuing Operation Net Minority Interest": 700600000.0,
      "Reconciled Depreciation": 286200000.0,
      "Reconciled Cost Of Revenue": 463100000.0,
      "EBITDA": 1120000000.0,
      "EBIT": 833800000.0,
      "Net Interest Income": 9400000.0,
      "Interest Expense": 100000.0,
      "Interest Income": 12600000.0,
      "Normalized Income": 696986493.942665,
      "Net Income From Continuing And Discontinued Operation": 700600000.0,
      "Total Expenses": 495700000.0,
      "Total Operating Income As Reported": 820700000.0,
      "Diluted Average Shares": 191900000.0,
      "Basic Average Shares": 191500000.0,
      "Diluted EPS": 3.65,
      "Basic EPS": 3.66,
      "Diluted NI Availto Com Stockholders": 700600000.0,
      "Average Dilution Earnings": null,
      "Net Income Common Stockholders": 700600000.0,
      "Net Income": 700600000.0,
      "Net Income Including Noncontrolling Interests": 700600000.0,
      "Net Income Continuous Operations": 700600000.0,
      "Tax Provision": 133100000.0,
      "Pretax Income": 833700000.0,
      "Other Income Expense": 4300000.0,
      "Other Non Operating Income Expenses": null,
      "Special Income Charges": 700000.0,
      "Gain On Sale Of Ppe": 700000.0,
      "Other Special Charges": null,
      "Write Off": 0.0,
      "Impairment Of Capital Assets": 0.0,
      "Gain On Sale Of Security": 3600000.0,
      "Net Non Operating Interest Income Expense": 9400000.0,
      "Total Other Finance Cost": 3100000.0,
      "Interest Expense Non Operating": 100000.0,
      "Interest Income Non Operating": 12600000.0,
      "Operating Income": 820000000.0,
      "Operating Expense": 32600000.0,
      "Selling General And Administration": 32600000.0,
      "General And Administrative Expense": 32600000.0,
      "Other Gand A": 22500000.0,
      "Insurance And Claims": null,
      "Salaries And Wages": 10100000.0,
      "Gross Profit": 852600000.0,
      "Cost Of Revenue": 463100000.0,
      "Total Revenue": 1315700000.0,
      "Operating Revenue": 1273100000.0
    },
    "2021-12-31T00:00:00": {
      "Tax Effect Of Unusual Items": 9606248.542784,
      "Tax Rate For Calcs": 0.144672,
      "Normalized EBITDA": 1091300000.0,
      "Total Unusual Items": 66400000.0,
      "Total Unusual Items Excluding Goodwill": 66400000.0,
      "Net Income From Continuing Operation Net Minority Interest": 733700000.0,
      "Reconciled Depreciation": 299600000.0,
      "Reconciled Cost Of Revenue": 477900000.0,
      "EBITDA": 1157700000.0,
      "EBIT": 858100000.0,
      "Net Interest Income": 100000.0,
      "Interest Expense": 300000.0,
      "Interest Income": 3700000.0,
      "Normalized Income": 676906248.542784,
      "Net Income From Continuing And Discontinued Operation": 733700000.0,
      "Total Expenses": 508700000.0,
      "Total Operating Income As Reported": 860700000.0,
      "Diluted Average Shares": 190547244.0,
      "Basic Average Shares": 190149234.0,
      "Diluted EPS": 3.84915,
      "Basic EPS": 3.8592,
      "Diluted NI Availto Com Stockholders": 733700000.0,
      "Average Dilution Earnings": null,
      "Net Income Common Stockholders": 733700000.0,
      "Net Income": 733700000.0,
      "Net Income Including Noncontrolling Interests": 733700000.0,
      "Net Income Continuous Operations": 733700000.0,
      "Tax Provision": 124100000.0,
      "Pretax Income": 857800000.0,
      "Other Income Expense": 66400000.0,
      "Other Non Operating Income Expenses": null,
      "Special Income Charges": 69400000.0,
      "Gain On Sale Of Ppe": 1400000.0,
      "Other Special Charges": null,
      "Write Off": -68000000.0,
      "Impairment Of Capital Assets": -68000000.0,
      "Gain On Sale Of Security": -3000000.0,
      "Net Non Operating Interest Income Expense": 100000.0,
      "Total Other Finance Cost": 3300000.0,
      "Interest Expense Non Operating": 300000.0,
      "Interest Income Non Operating": 3700000.0,
      "Operating Income": 791300000.0,
      "Operating Expense": 30800000.0,
      "Selling General And Administration": 30800000.0,
      "General And Administrative Expense": 30800000.0,
      "Other Gand A": 19600000.0,
      "Insurance And Claims": null,
      "Salaries And Wages": 11200000.0,
      "Gross Profit": 822100000.0,
      "Cost Of Revenue": 477900000.0,
      "Total Revenue": 1300000000.0,
      "Operating Revenue": 1250100000.0
    }
  },
  "quarterly_income": {
    "2025-09-30T00:00:00": {
      "Tax Effect Of Unusual Items": 3720198.675497,
      "Tax Rate For Calcs": 0.206678,
      "Normalized EBITDA": 432200000.0,
      "Total Unusual Items": 18000000.0,
      "Total Unusual Items Excluding Goodwill": 18000000.0,
      "Net Income From Continuing Operation Net Minority Interest": 287500000.0,
      "Reconciled Depreciation": 87000000.0,
      "Reconciled Cost Of Revenue": 134200000.0,
      "EBITDA": 450200000.0,
      "EBIT": 363200000.0,
      "Net Interest Income": 7200000.0,
      "Interest Expense": 800000.0,
      "Interest Income": 8000000.0,
      "Normalized Income": 273220198.675497,
      "Net Income From Continuing And Discontinued Operation": 287500000.0,
      "Total Expenses": 150500000.0,
      "Total Operating Income As Reported": 341000000.0,
      "Diluted Average Shares": null,
      "Basic Average Shares": null,
      "Diluted EPS": null,
      "Basic EPS": null,
      "Diluted NI Availto Com Stockholders": 287500000.0,
      "Net Income Common Stockholders": 287500000.0,
      "Net Income": 287500000.0,
      "Net Income Including Noncontrolling Interests": 287500000.0,
      "Net Income Continuous Operations": 287500000.0,
      "Tax Provision": 74900000.0,
      "Pretax Income": 362400000.0,
      "Other Income Expense": 18000000.0,
      "Special Income Charges": 3800000.0,
      "Gain On Sale Of Ppe": 3100000.0,
      "Other Special Charges": null,
      "Write Off": -700000.0,
      "Impairment Of Capital Assets": null,
      "Gain On Sale Of Security": 14200000.0,
      "Net Non Operating Interest Income Expense": 7200000.0,
      "Total Other Finance Cost": null,
      "Interest Expense Non Operating": 800000.0,
      "Interest Income Non Operating": 8000000.0,
      "Operating Income": 337200000.0,
      "Operating Expense": 16300000.0,
      "Selling General And Administration": 16300000.0,
      "General And Administrative Expense": 16300000.0,
      "Other Gand A": 8600000.0,
      "Insurance And Claims": null,
      "Salaries And Wages": 7700000.0,
      "Gross Profit": 353500000.0,
      "Cost Of Revenue": 134200000.0,
      "Total Revenue": 487700000.0,
      "Operating Revenue": 487700000.0
    },
    "2025-06-30T00:00:00": {
      "Tax Effect Of Unusual Items": 10104212.86031,
      "Tax Rate For Calcs": 0.217295,
      "Normalized EBITDA": 334000000.0,
      "Total Unusual Items": 46500000.0,
      "Total Unusual Items Excluding Goodwill": 46500000.0,
      "Net Income From Continuing Operation Net Minority Interest": 247100000.0,
      "Reconciled Depreciation": 64000000.0,
      "Reconciled Cost Of Revenue": 97500000.0,
      "EBITDA": 380500000.0,
      "EBIT": 316500000.0,
      "Net Interest Income": 5800000.0,
      "Interest Expense": 800000.0,
      "Interest Income": 6600000.0,
      "Normalized Income": 210704212.86031,
      "Net Income From Continuing And Discontinued Operation": 247100000.0,
      "Total Expenses": 106000000.0,
      "Total Operating Income As Reported": 305800000.0,
      "Diluted Average Shares": 193000000.0,
      "Basic Average Shares": 192700000.0,
      "Diluted EPS": 1.28,
      "Basic EPS": 1.28,
      "Diluted NI Availto Com Stockholders": 247100000.0,
      "Net Income Common Stockholders": 247100000.0,
      "Net Income": 247100000.0,
      "Net Income Including Noncontrolling Interests": 247100000.0,
      "Net Income Continuous Operations": 247100000.0,
      "Tax Provision": 68600000.0,
      "Pretax Income": 315700000.0,
      "Other Income Expense": 46500000.0,
      "Special Income Charges": 42400000.0,
      "Gain On Sale Of Ppe": 0.0,
      "Other Special Charges": 3900000.0,
      "Write Off": -4100000.0,
      "Impairment Of Capital Assets": -42200000.0,
      "Gain On Sale Of Security": 4100000.0,
      "Net Non Operating Interest Income Expense": 5800000.0,
      "Total Other Finance Cost": null,
      "Interest Expense Non Operating": 800000.0,
      "Interest Income Non Operating": 6600000.0,
      "Operating Income": 263400000.0,
      "Operating Expense": 8500000.0,
      "Selling General And Administration": 8500000.0,
      "General And Administrative Expense": 8500000.0,
      "Other Gand A": 5700000.0,
      "Insurance And Claims": null,
      "Salaries And Wages": 2800000.0,
      "Gross Profit": 271900000.0,
      "Cost Of Revenue": 97500000.0,
      "Total Revenue": 369400000.0,
      "Operating Revenue": 369400000.0
    },
    "2025-03-31T00:00:00": {
      "Tax Effect Of Unusual Items": 2683902.077151,
      "Tax Rate For Calcs": 0.22181,
      "Normalized EBITDA": 326600000.0,
      "Total Unusual Items": 12100000.0,
      "Total Unusual Items Excluding Goodwill": 12100000.0,
      "Net Income From Continuing Operation Net Minority Interest": 209800000.0,
      "Reconciled Depreciation": 68400000.0,
      "Reconciled Cost Of Revenue": 106900000.0,
      "EBITDA": 338700000.0,
      "EBIT": 270300000.0,
      "Net Interest Income": 10400000.0,
      "Interest Expense": 700000.0,
      "Interest Income": 11100000.0,
      "Normalized Income": 200383902.077151,
      "Net Income From Continuing And Discontinued Operation": 209800000.0,
      "Total Expenses": 121300000.0,
      "Total Operating Income As Reported": 253500000.0,
      "Diluted Average Shares": 192900000.0,
      "Basic Average Shares": 192600000.0,
      "Diluted EPS": 1.09,
      "Basic EPS": 1.09,
      "Diluted NI Availto Com Stockholders": 209800000.0,
      "Net Income Common Stockholders": 209800000.0,
      "Net Income": 209800000.0,
      "Net Income Including Noncontrolling Interests": 209800000.0,
      "Net Income Continuous Operations": 209800000.0,
      "Tax Provision": 59800000.0,
      "Pretax Income": 269600000.0,
      "Other Income Expense": 12100000.0,
      "Special Income Charges": 6400000.0,
      "Gain On Sale Of Ppe": 7100000.0,
      "Other Special Charges": 700000.0,
      "Write Off": null,
      "Impairment Of Capital Assets": null,
      "Gain On Sale Of Security": 5700000.0,
      "Net Non Operating Interest Income Expense": 10400000.0,
      "Total Other Finance Cost": null,
      "Interest Expense Non Operating": 700000.0,
      "Interest Income Non Operating": 11100000.0,
      "Operating Income": 247100000.0,
      "Operating Expense": 14400000.0,
      "Selling General And Administration": 14400000.0,
      "General And Administrative Expense": 14400000.0,
      "Other Gand A": 8700000.0,
      "Insurance And Claims": null,
      "Salaries And Wages": 5700000.0,
      "Gross Profit": 261500000.0,
      "Cost Of Revenue": 106900000.0,
      "Total Revenue": 368400000.0,
      "Operating Revenue": 368400000.0
    },
    "2024-12-31T00:00:00": {
      "Tax Effect Of Unusual Items": -2422142.214221,
      "Tax Rate For Calcs": 0.210621,
      "Normalized EBITDA": 291900000.0,
      "Total Unusual Items": -11500000.0,
      "Total Unusual Items Excluding Goodwill": -11500000.0,
      "Net Income From Continuing Operation Net Minority Interest": 175400000.0,
      "Reconciled Depreciation": 60000000.0,
      "Reconciled Cost Of Revenue": 94400000.0,
      "EBITDA": 280400000.0,
      "EBIT": 220400000.0,
      "Net Interest Income": 12800000.0,
      "Interest Expense": -1800000.0,
      "Interest Income": 13500000.0,
      "Normalized Income": 184477857.785779,
      "Net Income From Continuing And Discontinued Operation": 175400000.0,
      "Total Expenses": 100100000.0,
      "Total Operating Income As Reported": 217400000.0,
      "Diluted Average Shares": 192800000.0,
      "Basic Average Shares": 192500000.0,
      "Diluted EPS": 0.91,
      "Basic EPS": 0.91,
      "Diluted NI Availto Com Stockholders": 175400000.0,
      "Net Income Common Stockholders": 175400000.0,
      "Net Income": 175400000.0,
      "Net Income Including Noncontrolling Interests": 175400000.0,
      "Net Income Continuous Operations": 175400000.0,
      "Tax Provision": 46800000.0,
      "Pretax Income": 222200000.0,
      "Other Income Expense": -11500000.0,
      "Special Income Charges": -3500000.0,
      "Gain On Sale Of Ppe": 2800000.0,
      "Other Special Charges": null,
      "Write Off": null,
      "Impairment Of Capital Assets": null,
      "Gain On Sale Of Security": -8000000.0,
      "Net Non Operating Interest Income Expense": 12800000.0,
      "Total Other Finance Cost": null,
      "Interest Expense Non Operating": -1800000.0,
      "Interest Income Non Operating": 13500000.0,
      "Operating Income": 220900000.0,
      "Operating Expense": 5700000.0,
      "Selling General And Administration": 5700000.0,
      "General And Administrative Expense": 5700000.0,
      "Other Gand A": -12900000.0,
      "Insurance And Claims": null,
      "Salaries And Wages": 11500000.0,
      "Gross Profit": 226600000.0,
      "Cost Of Revenue": 94400000.0,
      "Total Revenue": 321000000.0,
      "Operating Revenue": 273800000.0
    },
    "2024-09-30T00:00:00": {
      "Tax Effect Of Unusual Items": 281477.680862,
      "Tax Rate For Calcs": 0.216521,
      "Normalized EBITDA": 248500000.0,
      "Total Unusual Items": 1300000.0,
      "Total Unusual Items Excluding Goodwill": 1300000.0,
      "Net Income From Continuing Operation Net Minority Interest": 152700000.0,
      "Reconciled Depreciation": 54200000.0,
      "Reconciled Cost Of Revenue": 86100000.0,
      "EBITDA": 249800000.0,
      "EBIT": 195600000.0,
      "Net Interest Income": 14200000.0,
      "Interest Expense": 700000.0,
      "Interest Income": 14900000.0,
      "Normalized Income": 151681477.680862,
      "Net Income From Continuing And Discontinued Operation": 152700000.0,
      "Total Expenses": 96300000.0,
      "Total Operating Income As Reported": 182000000.0,
      "Diluted Average Shares": 192500000.0,
      "Basic Average Shares": 192300000.0,
      "Diluted EPS": 0.79,
      "Basic EPS": 0.79,
      "Diluted NI Availto Com Stockholders": 152700000.0,
      "Net Income Common Stockholders": 152700000.0,
      "Net Income": 152700000.0,
      "Net Income Including Noncontrolling Interests": 152700000.0,
      "Net Income Continuous Operations": 152700000.0,
      "Tax Provision": 42200000.0,
      "Pretax Income": 194900000.0,
      "Other Income Expense": 1300000.0,
      "Special Income Charges": 2600000.0,
      "Gain On Sale Of Ppe": 2600000.0,
      "Other Special Charges": null,
      "Write Off": null,
      "Impairment Of Capital Assets": null,
      "Gain On Sale Of Security": -1300000.0,
      "Net Non Operating Interest Income Expense": 14200000.0,
      "Total Other Finance Cost": null,
      "Interest Expense Non Operating": 700000.0,
      "Interest Income Non Operating": 14900000.0,
      "Operating Income": 179400000.0,
      "Operating Expense": 10200000.0,
      "Selling General And Administration": 10200000.0,
      "General And Administrative Expense": 10200000.0,
      "Other Gand A": 7800000.0,
      "Insurance And Claims": null,
      "Salaries And Wages": 2400000.0,
      "Gross Profit": 189600000.0,
      "Cost Of Revenue": 86100000.0,
      "Total Revenue": 275700000.0,
      "Operating Revenue": 275700000.0
    },
    "2024-06-30T00:00:00": {
      "Tax Effect Of Unusual Items": null,
      "Tax Rate For Calcs": null,
      "Normalized EBITDA": null,
      "Total Unusual Items": null,
      "Total Unusual Items Excluding Goodwill": null,
      "Net Income From Continuing Operation Net Minority Interest": null,
      "Reconciled Depreciation": null,
      "Reconciled Cost Of Revenue": null,
      "EBITDA": null,
      "EBIT": null,
      "Net Interest Income": null,
      "Interest Expense": null,
      "Interest Income": null,
      "Normalized Income": null,
      "Net Income From Continuing And Discontinued Operation": null,
      "Total Expenses": null,
      "Total Operating Income As Reported": null,
      "Diluted Average Shares": 192500000.0,
      "Basic Average Shares": 192300000.0,
      "Diluted EPS": 0.41,
      "Basic EPS": 0.41,
      "Diluted NI Availto Com Stockholders": null,
      "Net Income Common Stockholders": null,
      "Net Income": null,
      "Net Income Including Noncontrolling Interests": null,
      "Net Income Continuous Operations": null,
      "Tax Provision": null,
      "Pretax Income": null,
      "Other Income Expense": null,
      "Special Income Charges": null,
      "Gain On Sale Of Ppe": null,
      "Other Special Charges": 800000.0,
      "Write Off": 0.0,
      "Impairment Of Capital Assets": -1100000.0,
      "Gain On Sale Of Security": null,
      "Net Non Operating Interest Income Expense": null,
      "Total Other Finance Cost": 100000.0,
      "Interest Expense Non Operating": null,
      "Interest Income Non Operating": null,
      "Operating Income": null,
      "Operating Expense": null,
      "Selling General And Administration": null,
      "General And Administrative Expense": null,
      "Other Gand A": null,
      "Insurance And Claims": 2400000.0,
      "Salaries And Wages": null,
      "Gross Profit": null,
      "Cost Of Revenue": null,
      "Total Revenue": null,
      "Operating Revenue": null
    }
  },
  "balance_sheet": {
    "2024-12-31T00:00:00": {
      "Ordinary Shares Number": 192552695.0,
      "Share Issued": 192552695.0,
      "Tangible Book Value": 5996600000.0,
      "Invested Capital": 5996600000.0,
      "Working Capital": 1649300000.0,
      "Net Tangible Assets": 5996600000.0,
      "Common Stock Equity": 5996600000.0,
      "Total Capitalization": 5996600000.0,
      "Total Equity Gross Minority Interest": 5996600000.0,
      "Stockholders Equity": 5996600000.0,
      "Gains Losses Not Affecting Retained Earnings": -282000000.0,
      "Other Equity Adjustments": -282000000.0,
      "Retained Earnings": 486500000.0,
      "Additional Paid In Capital": 23000000.0,
      "Capital Stock": 5769100000.0,
      "Common Stock": 5769100000.0,
      "Total Liabilities Net Minority Interest": 333800000.0,
      "Total Non Current Liabilities Net Minority Interest": 266300000.0,
      "Other Non Current Liabilities": 8500000.0,
      "Tradeand Other Payables Non Current": 19800000.0,
      "Non Current Deferred Liabilities": 238000000.0,
      "Non Current Deferred Taxes Liabilities": 238000000.0,
      "Current Liabilities": 67500000.0,
      "Payables And Accrued Expenses": 67500000.0,
      "Current Accrued Expenses": 23600000.0,
      "Payables": 43900000.0,
      "Total Tax Payable": 38800000.0,
      "Income Tax Payable": 38800000.0,
      "Accounts Payable": 5100000.0,
      "Total Assets": 6330400000.0,
      "Total Non Current Assets": 4613600000.0,
      "Other Non Current Assets": 1400000.0,
      "Non Current Prepaid Assets": 42500000.0,
      "Non Current Deferred Assets": 30800000.0,
      "Non Current Deferred Taxes Assets": 30800000.0,
      "Non Current Note Receivables": 104100000.0,
      "Financial Assets": 700000.0,
      "Investments And Advances": 324800000.0,
      "Investmentin Financial Assets": 324800000.0,
      "Available For Sale Securities": 324800000.0,
      "Long Term Equity Investment": null,
      "Net PPE": 4109300000.0,
      "Accumulated Depreciation": -5233500000.0,
      "Gross PPE": 9342800000.0,
      "Other Properties": 4500000.0,
      "Machinery Furniture Equipment": 400000.0,
      "Current Assets": 1716800000.0,
      "Other Current Assets": 400000.0,
      "Current Deferred Assets": null,
      "Prepaid Assets": 10600000.0,
      "Inventory": 96800000.0,
      "Receivables": 157700000.0,
      "Loans Receivable": 5900000.0,
      "Accounts Receivable": 151800000.0,
      "Cash Cash Equivalents And Short Term Investments": 1451300000.0,
      "Cash And Cash Equivalents": 1451300000.0,
      "Cash Equivalents": 663200000.0,
      "Cash Financial": 788100000.0
    },
    "2023-12-31T00:00:00": {
      "Ordinary Shares Number": 192175042.0,
      "Share Issued": 192175042.0,
      "Tangible Book Value": 5769100000.0,
      "Invested Capital": 5769100000.0,
      "Working Capital": 1576100000.0,
      "Net Tangible Assets": 5769100000.0,
      "Common Stock Equity": 5769100000.0,
      "Total Capitalization": 5769100000.0,
      "Total Equity Gross Minority Interest": 5769100000.0,
      "Stockholders Equity": 5769100000.0,
      "Gains Losses Not Affecting Retained Earnings": -192000000.0,
      "Other Equity Adjustments": -192000000.0,
      "Retained Earnings": 212300000.0,
      "Additional Paid In Capital": 20600000.0,
      "Capital Stock": 5728200000.0,
      "Common Stock": 5728200000.0,
      "Total Liabilities Net Minority Interest": 225000000.0,
      "Total Non Current Liabilities Net Minority Interest": 185800000.0,
      "Other Non Current Liabilities": 5700000.0,
      "Tradeand Other Payables Non Current": 0.0,
      "Non Current Deferred Liabilities": 180100000.0,
      "Non Current Deferred Taxes Liabilities": 180100000.0,
      "Current Liabilities": 39200000.0,
      "Payables And Accrued Expenses": 39200000.0,
      "Current Accrued Expenses": 25400000.0,
      "Payables": 13800000.0,
      "Total Tax Payable": 8300000.0,
      "Income Tax Payable": 8300000.0,
      "Accounts Payable": 5500000.0,
      "Total Assets": 5994100000.0,
      "Total Non Current Assets": 4378800000.0,
      "Other Non Current Assets": 1100000.0,
      "Non Current Prepaid Assets": 27700000.0,
      "Non Current Deferred Assets": 37000000.0,
      "Non Current Deferred Taxes Assets": 37000000.0,
      "Non Current Note Receivables": 24800000.0,
      "Financial Assets": 8100000.0,
      "Investments And Advances": 246400000.0,
      "Investmentin Financial Assets": 246400000.0,
      "Available For Sale Securities": 246400000.0,
      "Long Term Equity Investment": 246400000.0,
      "Net PPE": 4033700000.0,
      "Accumulated Depreciation": -3888100000.0,
      "Gross PPE": 7921800000.0,
      "Other Properties": 600000.0,
      "Machinery Furniture Equipment": 200000.0,
      "Current Assets": 1615300000.0,
      "Other Current Assets": 600000.0,
      "Current Deferred Assets": null,
      "Prepaid Assets": 30000000.0,
      "Inventory": 51800000.0,
      "Receivables": 111000000.0,
      "Loans Receivable": 0.0,
      "Accounts Receivable": 111000000.0,
      "Cash Cash Equivalents And Short Term Investments": 1421900000.0,
      "Cash And Cash Equivalents": 1421900000.0,
      "Cash Equivalents": 850500000.0,
      "Cash Financial": 571400000.0
    },
    "2022-12-31T00:00:00": {
      "Ordinary Shares Number": 191892691.0,
      "Share Issued": 191892691.0,
      "Tangible Book Value": 6417600000.0,
      "Invested Capital": 6417600000.0,
      "Working Capital": 1332900000.0,
      "Net Tangible Assets": 6417600000.0,
      "Common Stock Equity": 6417600000.0,
      "Total Capitalization": 6417600000.0,
      "Total Equity Gross Minority Interest": 6417600000.0,
      "Stockholders Equity": 6417600000.0,
      "Gains Losses Not Affecting Retained Earnings": -233700000.0,
      "Other Equity Adjustments": -233700000.0,
      "Retained Earnings": 940400000.0,
      "Additional Paid In Capital": 15600000.0,
      "Capital Stock": 5695300000.0,
      "Common Stock": 5695300000.0,
      "Total Liabilities Net Minority Interest": 209200000.0,
      "Total Non Current Liabilities Net Minority Interest": 159000000.0,
      "Other Non Current Liabilities": 6000000.0,
      "Tradeand Other Payables Non Current": null,
      "Non Current Deferred Liabilities": 153000000.0,
      "Non Current Deferred Taxes Liabilities": 153000000.0,
      "Current Liabilities": 50200000.0,
      "Payables And Accrued Expenses": 50200000.0,
      "Current Accrued Expenses": 36100000.0,
      "Payables": 14100000.0,
      "Total Tax Payable": 7100000.0,
      "Income Tax Payable": 7100000.0,
      "Accounts Payable": 7000000.0,
      "Total Assets": 6626800000.0,
      "Total Non Current Assets": 5243700000.0,
      "Other Non Current Assets": 1500000.0,
      "Non Current Prepaid Assets": 40900000.0,
      "Non Current Deferred Assets": 39900000.0,
      "Non Current Deferred Taxes Assets": 39900000.0,
      "Non Current Note Receivables": 0.0,
      "Financial Assets": 2600000.0,
      "Investments And Advances": 224600000.0,
      "Investmentin Financial Assets": 224600000.0,
      "Available For Sale Securities": 224600000.0,
      "Long Term Equity Investment": 224600000.0,
      "Net PPE": 4934200000.0,
      "Accumulated Depreciation": -3603600000.0,
      "Gross PPE": 8537800000.0,
      "Other Properties": 900000.0,
      "Machinery Furniture Equipment": 200000.0,
      "Current Assets": 1383100000.0,
      "Other Current Assets": 600000.0,
      "Current Deferred Assets": null,
      "Prepaid Assets": 22100000.0,
      "Inventory": 28200000.0,
      "Receivables": 135700000.0,
      "Loans Receivable": 0.0,
      "Accounts Receivable": 135700000.0,
      "Cash Cash Equivalents And Short Term Investments": 1196500000.0,
      "Cash And Cash Equivalents": 1196500000.0,
      "Cash Equivalents": 655100000.0,
      "Cash Financial": 541400000.0
    },
    "2021-12-31T00:00:00": {
      "Ordinary Shares Number": 191334392.0,
      "Share Issued": 191334392.0,
      "Tangible Book Value": 6025200000.0,
      "Invested Capital": 6025200000.0,
      "Working Capital": 708200000.0,
      "Net Tangible Assets": 6025200000.0,
      "Common Stock Equity": 6025200000.0,
      "Total Capitalization": 6025200000.0,
      "Total Equity Gross Minority Interest": 6025200000.0,
      "Stockholders Equity": 6025200000.0,
      "Gains Losses Not Affecting Retained Earnings": -104300000.0,
      "Other Equity Adjustments": -104300000.0,
      "Retained Earnings": 484900000.0,
      "Additional Paid In Capital": 16100000.0,
      "Capital Stock": 5628500000.0,
      "Common Stock": 5628500000.0,
      "Total Liabilities Net Minority Interest": 184700000.0,
      "Total Non Current Liabilities Net Minority Interest": 141500000.0,
      "Other Non Current Liabilities": 6100000.0,
      "Tradeand Other Payables Non Current": null,
      "Non Current Deferred Liabilities": 135400000.0,
      "Non Current Deferred Taxes Liabilities": 135400000.0,
      "Current Liabilities": 43200000.0,
      "Payables And Accrued Expenses": 43200000.0,
      "Current Accrued Expenses": 25100000.0,
      "Payables": 18100000.0,
      "Total Tax Payable": 9600000.0,
      "Income Tax Payable": 9600000.0,
      "Accounts Payable": 8500000.0,
      "Total Assets": 6209900000.0,
      "Total Non Current Assets": 5458500000.0,
      "Other Non Current Assets": 1200000.0,
      "Non Current Prepaid Assets": 15600000.0,
      "Non Current Deferred Assets": 49400000.0,
      "Non Current Deferred Taxes Assets": 49400000.0,
      "Non Current Note Receivables": 0.0,
      "Financial Assets": 800000.0,
      "Investments And Advances": 235100000.0,
      "Investmentin Financial Assets": 235100000.0,
      "Available For Sale Securities": 235100000.0,
      "Long Term Equity Investment": 235100000.0,
      "Net PPE": 5156400000.0,
      "Accumulated Depreciation": -3358400000.0,
      "Gross PPE": 8514800000.0,
      "Other Properties": 1500000.0,
      "Machinery Furniture Equipment": 200000.0,
      "Current Assets": 751400000.0,
      "Other Current Assets": 900000.0,
      "Current Deferred Assets": 900000.0,
      "Prepaid Assets": 18800000.0,
      "Inventory": 32900000.0,
      "Receivables": 159500000.0,
      "Loans Receivable": 39700000.0,
      "Accounts Receivable": 119800000.0,
      "Cash Cash Equivalents And Short Term Investments": 539300000.0,
      "Cash And Cash Equivalents": 539300000.0,
      "Cash Equivalents": 9600000.0,
      "Cash Financial": 529700000.0
    }
  },
  "cashflow": {
    "2024-12-31T00:00:00": {
      "Free Cash Flow": 421500000.0,
      "Repayment Of Debt": null,
      "Issuance Of Debt": null,
      "Issuance Of Capital Stock": null,
      "Capital Expenditure": -408000000.0,
      "Interest Paid Supplemental Data": 2100000.0,
      "Income Tax Paid Supplemental Data": 73800000.0,
      "End Cash Position": 1451300000.0,
      "Beginning Cash Position": 1421900000.0,
      "Effect Of Exchange Rate Changes": -22400000.0,
      "Changes In Cash": 51800000.0,
      "Financing Cash Flow": -240400000.0,
      "Cash Flow From Continuing Financing Activities": -240400000.0,
      "Net Other Financing Charges": -800000.0,
      "Proceeds From Stock Option Exercised": 2800000.0,
      "Cash Dividends Paid": -242400000.0,
      "Common Stock Dividend Paid": -242400000.0,
      "Net Common Stock Issuance": null,
      "Common Stock Issuance": null,
      "Net Issuance Payments Of Debt": null,
      "Net Short Term Debt Issuance": null,
      "Short Term Debt Payments": null,
      "Short Term Debt Issuance": null,
      "Net Long Term Debt Issuance": null,
      "Long Term Debt Payments": null,
      "Long Term Debt Issuance": null,
      "Investing Cash Flow": -537300000.0,
      "Cash Flow From Continuing Investing Activities": -537300000.0,
      "Net Other Investing Changes": -89300000.0,
      "Net Investment Purchase And Sale": -51200000.0,
      "Sale Of Investment": 23300000.0,
      "Purchase Of Investment": -74500000.0,
      "Net PPE Purchase And Sale": -396800000.0,
      "Sale Of PPE": 11200000.0,
      "Purchase Of PPE": -408000000.0,
      "Operating Cash Flow": 829500000.0,
      "Cash Flow From Continuing Operating Activities": 829500000.0,
      "Change In Working Capital": 21400000.0,
      "Change In Other Current Liabilities": 46600000.0,
      "Change In Prepaid Assets": null,
      "Change In Inventory": 15600000.0,
      "Change In Receivables": -40800000.0,
      "Other Non Cash Items": -53600000.0,
      "Stock Based Compensation": 5400000.0,
      "Unrealized Gain Loss On Investment Securities": null,
      "Asset Impairment Charge": 0.0,
      "Deferred Tax": 66300000.0,
      "Deferred Income Tax": 66300000.0,
      "Depreciation Amortization Depletion": 225300000.0,
      "Operating Gains Losses": 12600000.0,
      "Net Foreign Currency Exchange Gain Loss": 12900000.0,
      "Gain Loss On Sale Of PPE": -300000.0,
      "Net Income From Continuing Operations": 552100000.0
    },
    "2023-12-31T00:00:00": {
      "Free Cash Flow": 469600000.0,
      "Repayment Of Debt": null,
      "Issuance Of Debt": null,
      "Issuance Of Capital Stock": null,
      "Capital Expenditure": -521600000.0,
      "Interest Paid Supplemental Data": 2300000.0,
      "Income Tax Paid Supplemental Data": 88100000.0,
      "End Cash Position": 1421900000.0,
      "Beginning Cash Position": 1196500000.0,
      "Effect Of Exchange Rate Changes": 5400000.0,
      "Changes In Cash": 220000000.0,
      "Financing Cash Flow": -230100000.0,
      "Cash Flow From Continuing Financing Activities": -230100000.0,
      "Net Other Financing Charges": null,
      "Proceeds From Stock Option Exercised": 2900000.0,
      "Cash Dividends Paid": -233000000.0,
      "Common Stock Dividend Paid": -233000000.0,
      "Net Common Stock Issuance": null,
      "Common Stock Issuance": null,
      "Net Issuance Payments Of Debt": null,
      "Net Short Term Debt Issuance": null,
      "Short Term Debt Payments": null,
      "Short Term Debt Issuance": null,
      "Net Long Term Debt Issuance": null,
      "Long Term Debt Payments": null,
      "Long Term Debt Issuance": null,
      "Investing Cash Flow": -541100000.0,
      "Cash Flow From Continuing Investing Activities": -541100000.0,
      "Net Other Investing Changes": -18700000.0,
      "Net Investment Purchase And Sale": -7800000.0,
      "Sale Of Investment": 2000000.0,
      "Purchase Of Investment": -9800000.0,
      "Net PPE Purchase And Sale": -514600000.0,
      "Sale Of PPE": 7000000.0,
      "Purchase Of PPE": -521600000.0,
      "Operating Cash Flow": 991200000.0,
      "Cash Flow From Continuing Operating Activities": 991200000.0,
      "Change In Working Capital": 6100000.0,
      "Change In Other Current Liabilities": -10600000.0,
      "Change In Prepaid Assets": -8000000.0,
      "Change In Inventory": -8000000.0,
      "Change In Receivables": 24700000.0,
      "Other Non Cash Items": -20500000.0,
      "Stock Based Compensation": 5500000.0,
      "Unrealized Gain Loss On Investment Securities": -11300000.0,
      "Asset Impairment Charge": 1173300000.0,
      "Deferred Tax": 26600000.0,
      "Deferred Income Tax": 26600000.0,
      "Depreciation Amortization Depletion": 273100000.0,
      "Operating Gains Losses": -6500000.0,
      "Net Foreign Currency Exchange Gain Loss": -2800000.0,
      "Gain Loss On Sale Of PPE": -3700000.0,
      "Net Income From Continuing Operations": -466400000.0
    },
    "2022-12-31T00:00:00": {
      "Free Cash Flow": 858000000.0,
      "Repayment Of Debt": 0.0,
      "Issuance Of Debt": 0.0,
      "Issuance Of Capital Stock": null,
      "Capital Expenditure": -141500000.0,
      "Interest Paid Supplemental Data": 2400000.0,
      "Income Tax Paid Supplemental Data": 95100000.0,
      "End Cash Position": 1196500000.0,
      "Beginning Cash Position": 539300000.0,
      "Effect Of Exchange Rate Changes": -7800000.0,
      "Changes In Cash": 665000000.0,
      "Financing Cash Flow": -189000000.0,
      "Cash Flow From Continuing Financing Activities": -189000000.0,
      "Net Other Financing Charges": -900000.0,
      "Proceeds From Stock Option Exercised": 9500000.0,
      "Cash Dividends Paid": -197600000.0,
      "Common Stock Dividend Paid": -197600000.0,
      "Net Common Stock Issuance": null,
      "Common Stock Issuance": null,
      "Net Issuance Payments Of Debt": 0.0,
      "Net Short Term Debt Issuance": 0.0,
      "Short Term Debt Payments": 0.0,
      "Short Term Debt Issuance": 0.0,
      "Net Long Term Debt Issuance": null,
      "Long Term Debt Payments": null,
      "Long Term Debt Issuance": null,
      "Investing Cash Flow": -145500000.0,
      "Cash Flow From Continuing Investing Activities": -145500000.0,
      "Net Other Investing Changes": 42700000.0,
      "Net Investment Purchase And Sale": -46700000.0,
      "Sale Of Investment": 1800000.0,
      "Purchase Of Investment": -48500000.0,
      "Net PPE Purchase And Sale": -141500000.0,
      "Sale Of PPE": 0.0,
      "Purchase Of PPE": -141500000.0,
      "Operating Cash Flow": 999500000.0,
      "Cash Flow From Continuing Operating Activities": 999500000.0,
      "Change In Working Capital": -10900000.0,
      "Change In Other Current Liabilities": 8200000.0,
      "Change In Prepaid Assets": -3200000.0,
      "Change In Inventory": null,
      "Change In Receivables": -15900000.0,
      "Other Non Cash Items": -24900000.0,
      "Stock Based Compensation": 8200000.0,
      "Unrealized Gain Loss On Investment Securities": -400000.0,
      "Asset Impairment Charge": 0.0,
      "Deferred Tax": 37400000.0,
      "Deferred Income Tax": 37400000.0,
      "Depreciation Amortization Depletion": 286200000.0,
      "Operating Gains Losses": 3300000.0,
      "Net Foreign Currency Exchange Gain Loss": 3300000.0,
      "Gain Loss On Sale Of PPE": 0.0,
      "Net Income From Continuing Operations": 700600000.0
    },
    "2021-12-31T00:00:00": {
      "Free Cash Flow": 194900000.0,
      "Repayment Of Debt": -150000000.0,
      "Issuance Of Debt": 150000000.0,
      "Issuance Of Capital Stock": 0.0,
      "Capital Expenditure": -760500000.0,
      "Interest Paid Supplemental Data": 2400000.0,
      "Income Tax Paid Supplemental Data": 93500000.0,
      "End Cash Position": 539300000.0,
      "Beginning Cash Position": 534200000.0,
      "Effect Of Exchange Rate Changes": -5100000.0,
      "Changes In Cash": 10200000.0,
      "Financing Cash Flow": -180200000.0,
      "Cash Flow From Continuing Financing Activities": -180200000.0,
      "Net Other Financing Charges": -1000000.0,
      "Proceeds From Stock Option Exercised": 400000.0,
      "Cash Dividends Paid": -179600000.0,
      "Common Stock Dividend Paid": -179600000.0,
      "Net Common Stock Issuance": 0.0,
      "Common Stock Issuance": 0.0,
      "Net Issuance Payments Of Debt": 0.0,
      "Net Short Term Debt Issuance": 0.0,
      "Short Term Debt Payments": -150000000.0,
      "Short Term Debt Issuance": 150000000.0,
      "Net Long Term Debt Issuance": 0.0,
      "Long Term Debt Payments": -150000000.0,
      "Long Term Debt Issuance": 150000000.0,
      "Investing Cash Flow": -765000000.0,
      "Cash Flow From Continuing Investing Activities": -765000000.0,
      "Net Other Investing Changes": null,
      "Net Investment Purchase And Sale": -4500000.0,
      "Sale Of Investment": 12700000.0,
      "Purchase Of Investment": -17200000.0,
      "Net PPE Purchase And Sale": -760500000.0,
      "Sale Of PPE": null,
      "Purchase Of PPE": -760500000.0,
      "Operating Cash Flow": 955400000.0,
      "Cash Flow From Continuing Operating Activities": 955400000.0,
      "Change In Working Capital": -30300000.0,
      "Change In Other Current Liabilities": -1500000.0,
      "Change In Prepaid Assets": -2400000.0,
      "Change In Inventory": null,
      "Change In Receivables": -26400000.0,
      "Other Non Cash Items": -26200000.0,
      "Stock Based Compensation": 8000000.0,
      "Unrealized Gain Loss On Investment Securities": null,
      "Asset Impairment Charge": -68000000.0,
      "Deferred Tax": 37100000.0,
      "Deferred Income Tax": 37100000.0,
      "Depreciation Amortization Depletion": 299600000.0,
      "Operating Gains Losses": 1500000.0,
      "Net Foreign Currency Exchange Gain Loss": 1500000.0,
      "Gain Loss On Sale Of PPE": null,
      "Net Income From Continuing Operations": 733700000.0
    }
  },
  "earnings_estimate": {
    "avg": {
      "0q": 1.67151,
      "+1q": 2.07,
      "0y": 5.38716,
      "+1y": 8.21626
    },
    "low": {
      "0q": 1.64,
      "+1q": 1.97,
      "0y": 5.23,
      "+1y": 6.52
    },
    "high": {
      "0q": 1.74,
      "+1q": 2.18,
      "0y": 5.47,
      "+1y": 9.73
    },
    "yearAgoEps": {
      "0q": 0.95,
      "+1q": 1.07,
      "0y": 3.21,
      "+1y": 5.38716
    },
    "numberOfAnalysts": {
      "0q": 9,
      "+1q": 3,
      "0y": 12,
      "+1y": 11
    },
    "growth": {
      "0q": 0.75949997,
      "+1q": 0.9346,
      "0y": 0.6782,
      "+1y": 0.5252
    }
  },
  "revenue_estimate": {
    "avg": {
      "0q": 538212250,
      "+1q": 644687300,
      "0y": 1757989800,
      "+1y": 2624346360
    },
    "low": {
      "0q": 523000000,
      "+1q": 580000000,
      "0y": 1700000000,
      "+1y": 2100000000
    },
    "high": {
      "0q": 560000000,
      "+1q": 709374610,
      "0y": 1793000000,
      "+1y": 3176000000
    },
    "numberOfAnalysts": {
      "0q": 5,
      "+1q": 2,
      "0y": 10,
      "+1y": 8
    },
    "yearAgoRevenue": {
      "0q": 321000000,
      "+1q": 368400000,
      "0y": 1113600000,
      "+1y": 1757989800
    },
    "growth": {
      "0q": 0.6767,
      "+1q": 0.75,
      "0y": 0.5787,
      "+1y": 0.4928
    }
  },
  "growth_estimates": {
    "stockTrend": {
      "0q": 0.75949997,
      "+1q": 0.9346,
      "0y": 0.6782,
      "+1y": 0.5252,
      "LTG": null
    },
    "indexTrend": {
      "0q": 0.1273,
      "+1q": 0.103599995,
      "0y": 0.14310001,
      "+1y": 0.1557,
      "LTG": 0.122
    }
  },
  "revenue_forecasts": null,
  "dividend_rate": 2.42,
  "trailing_dividend_rate": 1.5
}