{
  "ticker": "GE",
  "name": "GE Aerospace",
  "country": "usa",
  "currency": "USD",
  "last_fetched": "2026-02-26T20:45:47.416392",
  "market_cap": 362576445440,
  "revenue": 45854998528,
  "net_income": 8600999936,
  "pe_ratio": 42.64702,
  "forward_pe": 40.308712,
  "dividend_yield": 0.55,
  "profit_margin": 0.18982,
  "roe": 0.44692,
  "debt_to_equity": 114.07,
  "beta": 1.384,
  "ev_to_ebitda": 34.515,
  "sector": "Industrials",
  "industry": "Aerospace & Defense",
  "summary": "General Electric Company, doing business as GE Aerospace, designs and produces commercial and defense aircraft engines, integrated engine components, electric power, and aircraft systems. The company operates through two segments, Commercial Engines & Services, and Defense & Propulsion Technologies. The Commercial Engines & Services segment designs, develops, manufactures, maintenance, repair, and overhaul (MRO) services of jet engines and sale of spare parts for commercial airframes, business aviation, and aeroderivative applications. The Defense & Propulsion Technologies designs, develops, manufactures, and services jet engines and avionics and power systems for governments, militaries, and commercial airframers, as well as MRO of engines and the sale of spare parts. This segment also offers aircraft components and systems, such as small turboprop engines, aeroengine mechanical transmissions, turbines, combustors and controls, additive manufacturing, propeller systems, ignition systems, sensors and engine accessories for fixed wing and rotorcraft applications for commercial and military end users under the Avio Aero, Unison, Dowty Propellers, and Colibrium Additive brands. The company operates in the United States, Europe, Asia, the Americas, the Middle East, and Africa. General Electric Company was incorporated in 1892 and is based in Evendale, Ohio.",
  "website": "https://www.geaerospace.com",
  "employees": 57000,
  "target_high": 425.0,
  "target_low": 290.0,
  "target_mean": 361.1111,
  "target_median": 364.0,
  "recommendation": "strong_buy",
  "num_analysts": 18,
  "income_stmt": {
    "2025-12-31T00:00:00": {
      "Tax Effect Of Unusual Items": -11985000.0,
      "Tax Rate For Calcs": 0.141,
      "Normalized EBITDA": 12148000000.0,
      "Total Unusual Items": -85000000.0,
      "Total Unusual Items Excluding Goodwill": -85000000.0,
      "Net Income From Continuing Operation Net Minority Interest": 8601000000.0,
      "Reconciled Depreciation": 1220000000.0,
      "Reconciled Cost Of Revenue": 28968000000.0,
      "EBITDA": 12063000000.0,
      "EBIT": 10843000000.0,
      "Net Interest Income": 103000000.0,
      "Interest Expense": 843000000.0,
      "Interest Income": 946000000.0,
      "Normalized Income": 8674015000.0,
      "Net Income From Continuing And Discontinued Operation": 8704000000.0,
      "Total Expenses": 37175000000.0,
      "Diluted Average Shares": 1068000000.0,
      "Basic Average Shares": 1061000000.0,
      "Diluted EPS": 8.14,
      "Basic EPS": 8.2,
      "Diluted NI Availto Com Stockholders": 8704000000.0,
      "Net Income Common Stockholders": 8704000000.0,
      "Preferred Stock Dividends": null,
      "Net Income": 8704000000.0,
      "Minority Interests": 6000000.0,
      "Net Income Including Noncontrolling Interests": 8698000000.0,
      "Net Income Discontinuous Operations": 103000000.0,
      "Net Income Continuous Operations": 8595000000.0,
      "Tax Provision": 1405000000.0,
      "Pretax Income": 10000000000.0,
      "Other Income Expense": 1217000000.0,
      "Other Non Operating Income Expenses": 1086000000.0,
      "Special Income Charges": -85000000.0,
      "Gain On Sale Of Business": 27000000.0,
      "Other Special Charges": null,
      "Impairment Of Capital Assets": 0.0,
      "Restructuring And Mergern Acquisition": 112000000.0,
      "Earnings From Equity Interest": 216000000.0,
      "Gain On Sale Of Security": null,
      "Net Non Operating Interest Income Expense": 103000000.0,
      "Interest Expense Non Operating": 843000000.0,
      "Interest Income Non Operating": 946000000.0,
      "Operating Income": 8680000000.0,
      "Operating Expense": 8207000000.0,
      "Research And Development": 1580000000.0,
      "Selling General And Administration": 6627000000.0,
      "General And Administrative Expense": 6627000000.0,
      "Other Gand A": 4178000000.0,
      "Insurance And Claims": 2449000000.0,
      "Gross Profit": 16887000000.0,
      "Cost Of Revenue": 28968000000.0,
      "Total Revenue": 45855000000.0,
      "Operating Revenue": 45855000000.0
    },
    "2024-12-31T00:00:00": {
      "Tax Effect Of Unusual Items": -43470000.0,
      "Tax Rate For Calcs": 0.126,
      "Normalized EBITDA": 10135000000.0,
      "Total Unusual Items": -345000000.0,
      "Total Unusual Items Excluding Goodwill": -345000000.0,
      "Net Income From Continuing Operation Net Minority Interest": 6647000000.0,
      "Reconciled Depreciation": 1184000000.0,
      "Reconciled Cost Of Revenue": 24308000000.0,
      "EBITDA": 9790000000.0,
      "EBIT": 8606000000.0,
      "Net Interest Income": -173000000.0,
      "Interest Expense": 986000000.0,
      "Interest Income": 813000000.0,
      "Normalized Income": 6948530000.0,
      "Net Income From Continuing And Discontinued Operation": 6556000000.0,
      "Total Expenses": 31941000000.0,
      "Diluted Average Shares": 1094000000.0,
      "Basic Average Shares": 1085000000.0,
      "Diluted EPS": 5.99,
      "Basic EPS": 6.04,
      "Diluted NI Availto Com Stockholders": 6556000000.0,
      "Net Income Common Stockholders": 6556000000.0,
      "Preferred Stock Dividends": null,
      "Net Income": 6556000000.0,
      "Minority Interests": -11000000.0,
      "Net Income Including Noncontrolling Interests": 6566000000.0,
      "Net Income Discontinuous Operations": -91000000.0,
      "Net Income Continuous Operations": 6657000000.0,
      "Tax Provision": 962000000.0,
      "Pretax Income": 7620000000.0,
      "Other Income Expense": 1031000000.0,
      "Other Non Operating Income Expenses": 1203000000.0,
      "Special Income Charges": -345000000.0,
      "Gain On Sale Of Business": 917000000.0,
      "Other Special Charges": null,
      "Impairment Of Capital Assets": 251000000.0,
      "Restructuring And Mergern Acquisition": 1011000000.0,
      "Earnings From Equity Interest": 173000000.0,
      "Gain On Sale Of Security": null,
      "Net Non Operating Interest Income Expense": -173000000.0,
      "Interest Expense Non Operating": 986000000.0,
      "Interest Income Non Operating": 813000000.0,
      "Operating Income": 6761000000.0,
      "Operating Expense": 7633000000.0,
      "Research And Development": 1286000000.0,
      "Selling General And Administration": 6347000000.0,
      "General And Administrative Expense": 6347000000.0,
      "Other Gand A": 3918000000.0,
      "Insurance And Claims": 2429000000.0,
      "Gross Profit": 14394000000.0,
      "Cost Of Revenue": 24308000000.0,
      "Total Revenue": 38702000000.0,
      "Operating Revenue": 38702000000.0
    },
    "2023-12-31T00:00:00": {
      "Tax Effect Of Unusual Items": 449445000.0,
      "Tax Rate For Calcs": 0.095,
      "Normalized EBITDA": 7918000000.0,
      "Total Unusual Items": 4731000000.0,
      "Total Unusual Items Excluding Goodwill": 4731000000.0,
      "Net Income From Continuing Operation Net Minority Interest": 9485000000.0,
      "Reconciled Depreciation": 1179000000.0,
      "Reconciled Cost Of Revenue": 22939000000.0,
      "EBITDA": 12649000000.0,
      "EBIT": 11470000000.0,
      "Net Interest Income": -392000000.0,
      "Interest Expense": 1029000000.0,
      "Interest Income": 637000000.0,
      "Normalized Income": 5203445000.0,
      "Net Income From Continuing And Discontinued Operation": 9482000000.0,
      "Total Expenses": 30631000000.0,
      "Diluted Average Shares": 1099000000.0,
      "Basic Average Shares": 1089000000.0,
      "Diluted EPS": 8.36,
      "Basic EPS": 8.44,
      "Diluted NI Availto Com Stockholders": 9188000000.0,
      "Net Income Common Stockholders": 9188000000.0,
      "Preferred Stock Dividends": 295000000.0,
      "Net Income": 9482000000.0,
      "Minority Interests": 37000000.0,
      "Net Income Including Noncontrolling Interests": 9445000000.0,
      "Net Income Discontinuous Operations": -3000000.0,
      "Net Income Continuous Operations": 9448000000.0,
      "Tax Provision": 994000000.0,
      "Pretax Income": 10441000000.0,
      "Other Income Expense": 6118000000.0,
      "Other Non Operating Income Expenses": 1218000000.0,
      "Special Income Charges": 4731000000.0,
      "Gain On Sale Of Business": 5673000000.0,
      "Other Special Charges": null,
      "Impairment Of Capital Assets": 0.0,
      "Restructuring And Mergern Acquisition": 942000000.0,
      "Earnings From Equity Interest": 169000000.0,
      "Gain On Sale Of Security": 10000000.0,
      "Net Non Operating Interest Income Expense": -392000000.0,
      "Interest Expense Non Operating": 1029000000.0,
      "Interest Income Non Operating": 637000000.0,
      "Operating Income": 4717000000.0,
      "Operating Expense": 7692000000.0,
      "Research And Development": 1011000000.0,
      "Selling General And Administration": 6681000000.0,
      "General And Administrative Expense": 6681000000.0,
      "Other Gand A": 3795000000.0,
      "Insurance And Claims": 2886000000.0,
      "Gross Profit": 12409000000.0,
      "Cost Of Revenue": 22939000000.0,
      "Total Revenue": 35348000000.0,
      "Operating Revenue": 35348000000.0
    },
    "2022-12-31T00:00:00": {
      "Tax Effect Of Unusual Items": -168831000.0,
      "Tax Rate For Calcs": 0.111,
      "Normalized EBITDA": 5566000000.0,
      "Total Unusual Items": -1521000000.0,
      "Total Unusual Items Excluding Goodwill": -1521000000.0,
      "Net Income From Continuing Operation Net Minority Interest": 1285000000.0,
      "Reconciled Depreciation": 1184000000.0,
      "Reconciled Cost Of Revenue": 18987000000.0,
      "EBITDA": 4045000000.0,
      "EBIT": 2861000000.0,
      "Net Interest Income": -873000000.0,
      "Interest Expense": 1339000000.0,
      "Interest Income": 466000000.0,
      "Normalized Income": 2637169000.0,
      "Net Income From Continuing And Discontinued Operation": 336000000.0,
      "Total Expenses": 25543000000.0,
      "Diluted Average Shares": 1096000000.0,
      "Basic Average Shares": 1096000000.0,
      "Diluted EPS": 0.05,
      "Basic EPS": 0.05,
      "Diluted NI Availto Com Stockholders": 48000000.0,
      "Net Income Common Stockholders": 48000000.0,
      "Preferred Stock Dividends": 289000000.0,
      "Net Income": 336000000.0,
      "Minority Interests": -67000000.0,
      "Net Income Including Noncontrolling Interests": 403000000.0,
      "Net Income Discontinuous Operations": -949000000.0,
      "Net Income Continuous Operations": 1353000000.0,
      "Tax Provision": 169000000.0,
      "Pretax Income": 1522000000.0,
      "Other Income Expense": -1202000000.0,
      "Other Non Operating Income Expenses": 249000000.0,
      "Special Income Charges": -1521000000.0,
      "Gain On Sale Of Business": 85000000.0,
      "Other Special Charges": 465000000.0,
      "Impairment Of Capital Assets": 0.0,
      "Restructuring And Mergern Acquisition": 1141000000.0,
      "Earnings From Equity Interest": 70000000.0,
      "Gain On Sale Of Security": 912000000.0,
      "Net Non Operating Interest Income Expense": -873000000.0,
      "Interest Expense Non Operating": 1339000000.0,
      "Interest Income Non Operating": 466000000.0,
      "Operating Income": 3596000000.0,
      "Operating Expense": 6556000000.0,
      "Research And Development": 808000000.0,
      "Selling General And Administration": 5748000000.0,
      "General And Administrative Expense": 5748000000.0,
      "Other Gand A": 3156000000.0,
      "Insurance And Claims": 2592000000.0,
      "Gross Profit": 10152000000.0,
      "Cost Of Revenue": 18987000000.0,
      "Total Revenue": 29139000000.0,
      "Operating Revenue": 29139000000.0
    },
    "2021-12-31T00:00:00": {
      "Tax Effect Of Unusual Items": null,
      "Tax Rate For Calcs": null,
      "Normalized EBITDA": null,
      "Total Unusual Items": null,
      "Total Unusual Items Excluding Goodwill": null,
      "Net Income From Continuing Operation Net Minority Interest": null,
      "Reconciled Depreciation": null,
      "Reconciled Cost Of Revenue": null,
      "EBITDA": null,
      "EBIT": null,
      "Net Interest Income": null,
      "Interest Expense": null,
      "Interest Income": null,
      "Normalized Income": null,
      "Net Income From Continuing And Discontinued Operation": null,
      "Total Expenses": null,
      "Diluted Average Shares": null,
      "Basic Average Shares": null,
      "Diluted EPS": null,
      "Basic EPS": null,
      "Diluted NI Availto Com Stockholders": null,
      "Net Income Common Stockholders": null,
      "Preferred Stock Dividends": 237000000.0,
      "Net Income": null,
      "Minority Interests": null,
      "Net Income Including Noncontrolling Interests": null,
      "Net Income Discontinuous Operations": null,
      "Net Income Continuous Operations": null,
      "Tax Provision": null,
      "Pretax Income": null,
      "Other Income Expense": null,
      "Other Non Operating Income Expenses": null,
      "Special Income Charges": null,
      "Gain On Sale Of Business": null,
      "Other Special Charges": 6524000000.0,
      "Impairment Of Capital Assets": null,
      "Restructuring And Mergern Acquisition": null,
      "Earnings From Equity Interest": null,
      "Gain On Sale Of Security": 1649000000.0,
      "Net Non Operating Interest Income Expense": null,
      "Interest Expense Non Operating": null,
      "Interest Income Non Operating": null,
      "Operating Income": null,
      "Operating Expense": null,
      "Research And Development": null,
      "Selling General And Administration": null,
      "General And Administrative Expense": null,
      "Other Gand A": null,
      "Insurance And Claims": null,
      "Gross Profit": null,
      "Cost Of Revenue": null,
      "Total Revenue": null,
      "Operating Revenue": null
    }
  },
  "quarterly_income": {
    "2025-12-31T00:00:00": {
      "Tax Effect Of Unusual Items": 5608558.400561,
      "Tax Rate For Calcs": 0.136794,
      "Normalized EBITDA": 3367000000.0,
      "Total Unusual Items": 41000000.0,
      "Total Unusual Items Excluding Goodwill": 41000000.0,
      "Net Income From Continuing Operation Net Minority Interest": 2452000000.0,
      "Reconciled Depreciation": 307000000.0,
      "Reconciled Cost Of Revenue": 8363000000.0,
      "EBITDA": 3408000000.0,
      "EBIT": 3101000000.0,
      "Net Interest Income": 200000000.0,
      "Interest Expense": 250000000.0,
      "Interest Income": 450000000.0,
      "Normalized Income": 2416608558.400561,
      "Net Income From Continuing And Discontinued Operation": 2541000000.0,
      "Total Expenses": 10448000000.0,
      "Diluted Average Shares": 1058750000.0,
      "Basic Average Shares": 1050000000.0,
      "Diluted EPS": 2.4,
      "Basic EPS": 2.42,
      "Diluted NI Availto Com Stockholders": 2541000000.0,
      "Net Income Common Stockholders": 2541000000.0,
      "Net Income": 2541000000.0,
      "Minority Interests": -10000000.0,
      "Net Income Including Noncontrolling Interests": 2551000000.0,
      "Net Income Discontinuous Operations": 89000000.0,
      "Net Income Continuous Operations": 2462000000.0,
      "Tax Provision": 390000000.0,
      "Pretax Income": 2851000000.0,
      "Other Income Expense": 382000000.0,
      "Other Non Operating Income Expenses": 249000000.0,
      "Special Income Charges": 41000000.0,
      "Gain On Sale Of Business": 3000000.0,
      "Impairment Of Capital Assets": 0.0,
      "Restructuring And Mergern Acquisition": -38000000.0,
      "Earnings From Equity Interest": 92000000.0,
      "Gain On Sale Of Security": null,
      "Net Non Operating Interest Income Expense": 200000000.0,
      "Interest Expense Non Operating": 250000000.0,
      "Interest Income Non Operating": 450000000.0,
      "Operating Income": 2269000000.0,
      "Operating Expense": 2085000000.0,
      "Research And Development": 448000000.0,
      "Selling General And Administration": 1637000000.0,
      "Selling And Marketing Expense": null,
      "General And Administrative Expense": 4728000000.0,
      "Other Gand A": null,
      "Insurance And Claims": 550000000.0,
      "Gross Profit": 4354000000.0,
      "Cost Of Revenue": 8363000000.0,
      "Total Revenue": 12717000000.0,
      "Operating Revenue": 12717000000.0
    },
    "2025-09-30T00:00:00": {
      "Tax Effect Of Unusual Items": -6165000.0,
      "Tax Rate For Calcs": 0.137,
      "Normalized EBITDA": 3088000000.0,
      "Total Unusual Items": -45000000.0,
      "Total Unusual Items Excluding Goodwill": -45000000.0,
      "Net Income From Continuing Operation Net Minority Interest": 2174000000.0,
      "Reconciled Depreciation": 303000000.0,
      "Reconciled Cost Of Revenue": 7762000000.0,
      "EBITDA": 3043000000.0,
      "EBIT": 2740000000.0,
      "Net Interest Income": -63000000.0,
      "Interest Expense": 225000000.0,
      "Interest Income": 162000000.0,
      "Normalized Income": 2212835000.0,
      "Net Income From Continuing And Discontinued Operation": 2157000000.0,
      "Total Expenses": 9872000000.0,
      "Diluted Average Shares": 1065000000.0,
      "Basic Average Shares": 1058000000.0,
      "Diluted EPS": 2.02,
      "Basic EPS": 2.04,
      "Diluted NI Availto Com Stockholders": 2157000000.0,
      "Net Income Common Stockholders": 2157000000.0,
      "Net Income": 2157000000.0,
      "Minority Interests": 3000000.0,
      "Net Income Including Noncontrolling Interests": 2154000000.0,
      "Net Income Discontinuous Operations": -17000000.0,
      "Net Income Continuous Operations": 2171000000.0,
      "Tax Provision": 344000000.0,
      "Pretax Income": 2515000000.0,
      "Other Income Expense": 268000000.0,
      "Other Non Operating Income Expenses": 265000000.0,
      "Special Income Charges": -45000000.0,
      "Gain On Sale Of Business": 8000000.0,
      "Impairment Of Capital Assets": 0.0,
      "Restructuring And Mergern Acquisition": 53000000.0,
      "Earnings From Equity Interest": 48000000.0,
      "Gain On Sale Of Security": null,
      "Net Non Operating Interest Income Expense": -63000000.0,
      "Interest Expense Non Operating": 225000000.0,
      "Interest Income Non Operating": 162000000.0,
      "Operating Income": 2309000000.0,
      "Operating Expense": 2110000000.0,
      "Research And Development": 415000000.0,
      "Selling General And Administration": 1695000000.0,
      "Selling And Marketing Expense": 1195000000.0,
      "General And Administrative Expense": 500000000.0,
      "Other Gand A": null,
      "Insurance And Claims": 500000000.0,
      "Gross Profit": 4419000000.0,
      "Cost Of Revenue": 7762000000.0,
      "Total Revenue": 12181000000.0,
      "Operating Revenue": 12181000000.0
    },
    "2025-06-30T00:00:00": {
      "Tax Effect Of Unusual Items": -7128000.0,
      "Tax Rate For Calcs": 0.162,
      "Normalized EBITDA": 2902000000.0,
      "Total Unusual Items": -44000000.0,
      "Total Unusual Items Excluding Goodwill": -44000000.0,
      "Net Income From Continuing Operation Net Minority Interest": 2007000000.0,
      "Reconciled Depreciation": 311000000.0,
      "Reconciled Cost Of Revenue": 6846000000.0,
      "EBITDA": 2858000000.0,
      "EBIT": 2547000000.0,
      "Net Interest Income": 2000000.0,
      "Interest Expense": 158000000.0,
      "Interest Income": 160000000.0,
      "Normalized Income": 2043872000.0,
      "Net Income From Continuing And Discontinued Operation": 2028000000.0,
      "Total Expenses": 8923000000.0,
      "Diluted Average Shares": 1071000000.0,
      "Basic Average Shares": 1063000000.0,
      "Diluted EPS": 1.89,
      "Basic EPS": 1.91,
      "Diluted NI Availto Com Stockholders": 2028000000.0,
      "Net Income Common Stockholders": 2028000000.0,
      "Net Income": 2028000000.0,
      "Minority Interests": 7000000.0,
      "Net Income Including Noncontrolling Interests": 2021000000.0,
      "Net Income Discontinuous Operations": 21000000.0,
      "Net Income Continuous Operations": 2000000000.0,
      "Tax Provision": 388000000.0,
      "Pretax Income": 2389000000.0,
      "Other Income Expense": 287000000.0,
      "Other Non Operating Income Expenses": 293000000.0,
      "Special Income Charges": -44000000.0,
      "Gain On Sale Of Business": 3000000.0,
      "Impairment Of Capital Assets": null,
      "Restructuring And Mergern Acquisition": 47000000.0,
      "Earnings From Equity Interest": 38000000.0,
      "Gain On Sale Of Security": null,
      "Net Non Operating Interest Income Expense": 2000000.0,
      "Interest Expense Non Operating": 158000000.0,
      "Interest Income Non Operating": 160000000.0,
      "Operating Income": 2099000000.0,
      "Operating Expense": 2077000000.0,
      "Research And Development": 359000000.0,
      "Selling General And Administration": 1718000000.0,
      "Selling And Marketing Expense": null,
      "General And Administrative Expense": 1718000000.0,
      "Other Gand A": 1020000000.0,
      "Insurance And Claims": 698000000.0,
      "Gross Profit": 4176000000.0,
      "Cost Of Revenue": 6846000000.0,
      "Total Revenue": 11022000000.0,
      "Operating Revenue": 11022000000.0
    },
    "2025-03-31T00:00:00": {
      "Tax Effect Of Unusual Items": -4788000.0,
      "Tax Rate For Calcs": 0.126,
      "Normalized EBITDA": 2792000000.0,
      "Total Unusual Items": -38000000.0,
      "Total Unusual Items Excluding Goodwill": -38000000.0,
      "Net Income From Continuing Operation Net Minority Interest": 1968000000.0,
      "Reconciled Depreciation": 299000000.0,
      "Reconciled Cost Of Revenue": 5995000000.0,
      "EBITDA": 2754000000.0,
      "EBIT": 2455000000.0,
      "Net Interest Income": -37000000.0,
      "Interest Expense": 210000000.0,
      "Interest Income": 173000000.0,
      "Normalized Income": 2001212000.0,
      "Net Income From Continuing And Discontinued Operation": 1978000000.0,
      "Total Expenses": 7931000000.0,
      "Diluted Average Shares": 1078000000.0,
      "Basic Average Shares": 1070000000.0,
      "Diluted EPS": 1.83,
      "Basic EPS": 1.85,
      "Diluted NI Availto Com Stockholders": 1978000000.0,
      "Net Income Common Stockholders": 1978000000.0,
      "Net Income": 1978000000.0,
      "Minority Interests": 5000000.0,
      "Net Income Including Noncontrolling Interests": 1972000000.0,
      "Net Income Discontinuous Operations": 10000000.0,
      "Net Income Continuous Operations": 1962000000.0,
      "Tax Provision": 283000000.0,
      "Pretax Income": 2245000000.0,
      "Other Income Expense": 279000000.0,
      "Other Non Operating Income Expenses": 279000000.0,
      "Special Income Charges": -38000000.0,
      "Gain On Sale Of Business": 13000000.0,
      "Impairment Of Capital Assets": null,
      "Restructuring And Mergern Acquisition": 51000000.0,
      "Earnings From Equity Interest": 38000000.0,
      "Gain On Sale Of Security": null,
      "Net Non Operating Interest Income Expense": -37000000.0,
      "Interest Expense Non Operating": 210000000.0,
      "Interest Income Non Operating": 173000000.0,
      "Operating Income": 2003000000.0,
      "Operating Expense": 1936000000.0,
      "Research And Development": 359000000.0,
      "Selling General And Administration": 1577000000.0,
      "Selling And Marketing Expense": null,
      "General And Administrative Expense": 1577000000.0,
      "Other Gand A": 876000000.0,
      "Insurance And Claims": 701000000.0,
      "Gross Profit": 3939000000.0,
      "Cost Of Revenue": 5995000000.0,
      "Total Revenue": 9934000000.0,
      "Operating Revenue": 9934000000.0
    },
    "2024-12-31T00:00:00": {
      "Tax Effect Of Unusual Items": -112660270.388138,
      "Tax Rate For Calcs": 0.172263,
      "Normalized EBITDA": 3469000000.0,
      "Total Unusual Items": -654000000.0,
      "Total Unusual Items Excluding Goodwill": -654000000.0,
      "Net Income From Continuing Operation Net Minority Interest": 1905000000.0,
      "Reconciled Depreciation": 298000000.0,
      "Reconciled Cost Of Revenue": 6762000000.0,
      "EBITDA": 2815000000.0,
      "EBIT": 2517000000.0,
      "Net Interest Income": -27000000.0,
      "Interest Expense": 224000000.0,
      "Interest Income": 197000000.0,
      "Normalized Income": 2446339729.611862,
      "Net Income From Continuing And Discontinued Operation": 1899000000.0,
      "Total Expenses": 8206000000.0,
      "Diluted Average Shares": 1085142857.0,
      "Basic Average Shares": 1078977273.0,
      "Diluted EPS": 1.75,
      "Basic EPS": 1.76,
      "Diluted NI Availto Com Stockholders": 1899000000.0,
      "Net Income Common Stockholders": 1899000000.0,
      "Net Income": 1899000000.0,
      "Minority Interests": 7000000.0,
      "Net Income Including Noncontrolling Interests": 1890000000.0,
      "Net Income Discontinuous Operations": -6000000.0,
      "Net Income Continuous Operations": 1897000000.0,
      "Tax Provision": 395000000.0,
      "Pretax Income": 2293000000.0,
      "Other Income Expense": -287000000.0,
      "Other Non Operating Income Expenses": 301000000.0,
      "Special Income Charges": -654000000.0,
      "Gain On Sale Of Business": -51000000.0,
      "Impairment Of Capital Assets": 0.0,
      "Restructuring And Mergern Acquisition": 603000000.0,
      "Earnings From Equity Interest": 66000000.0,
      "Gain On Sale Of Security": null,
      "Net Non Operating Interest Income Expense": -27000000.0,
      "Interest Expense Non Operating": 224000000.0,
      "Interest Income Non Operating": 197000000.0,
      "Operating Income": 2605000000.0,
      "Operating Expense": 1444000000.0,
      "Research And Development": 385000000.0,
      "Selling General And Administration": 1059000000.0,
      "Selling And Marketing Expense": null,
      "General And Administrative Expense": 4339000000.0,
      "Other Gand A": null,
      "Insurance And Claims": 421000000.0,
      "Gross Profit": 4049000000.0,
      "Cost Of Revenue": 6762000000.0,
      "Total Revenue": 10811000000.0,
      "Operating Revenue": 10811000000.0
    },
    "2024-09-30T00:00:00": {
      "Tax Effect Of Unusual Items": null,
      "Tax Rate For Calcs": null,
      "Normalized EBITDA": null,
      "Total Unusual Items": null,
      "Total Unusual Items Excluding Goodwill": null,
      "Net Income From Continuing Operation Net Minority Interest": null,
      "Reconciled Depreciation": null,
      "Reconciled Cost Of Revenue": null,
      "EBITDA": null,
      "EBIT": null,
      "Net Interest Income": null,
      "Interest Expense": null,
      "Interest Income": null,
      "Normalized Income": null,
      "Net Income From Continuing And Discontinued Operation": null,
      "Total Expenses": null,
      "Diluted Average Shares": null,
      "Basic Average Shares": null,
      "Diluted EPS": null,
      "Basic EPS": null,
      "Diluted NI Availto Com Stockholders": null,
      "Net Income Common Stockholders": null,
      "Net Income": null,
      "Minority Interests": null,
      "Net Income Including Noncontrolling Interests": null,
      "Net Income Discontinuous Operations": null,
      "Net Income Continuous Operations": null,
      "Tax Provision": null,
      "Pretax Income": null,
      "Other Income Expense": null,
      "Other Non Operating Income Expenses": null,
      "Special Income Charges": null,
      "Gain On Sale Of Business": null,
      "Impairment Of Capital Assets": 251000000.0,
      "Restructuring And Mergern Acquisition": null,
      "Earnings From Equity Interest": null,
      "Gain On Sale Of Security": 357000000.0,
      "Net Non Operating Interest Income Expense": null,
      "Interest Expense Non Operating": null,
      "Interest Income Non Operating": null,
      "Operating Income": null,
      "Operating Expense": null,
      "Research And Development": null,
      "Selling General And Administration": null,
      "Selling And Marketing Expense": 1330000000.0,
      "General And Administrative Expense": null,
      "Other Gand A": null,
      "Insurance And Claims": null,
      "Gross Profit": null,
      "Cost Of Revenue": null,
      "Total Revenue": null,
      "Operating Revenue": null
    },
    "2024-06-30T00:00:00": {
      "Tax Effect Of Unusual Items": null,
      "Tax Rate For Calcs": null,
      "Normalized EBITDA": null,
      "Total Unusual Items": null,
      "Total Unusual Items Excluding Goodwill": null,
      "Net Income From Continuing Operation Net Minority Interest": null,
      "Reconciled Depreciation": null,
      "Reconciled Cost Of Revenue": null,
      "EBITDA": null,
      "EBIT": null,
      "Net Interest Income": null,
      "Interest Expense": null,
      "Interest Income": null,
      "Normalized Income": null,
      "Net Income From Continuing And Discontinued Operation": null,
      "Total Expenses": null,
      "Diluted Average Shares": null,
      "Basic Average Shares": null,
      "Diluted EPS": null,
      "Basic EPS": null,
      "Diluted NI Availto Com Stockholders": null,
      "Net Income Common Stockholders": null,
      "Net Income": null,
      "Minority Interests": null,
      "Net Income Including Noncontrolling Interests": null,
      "Net Income Discontinuous Operations": null,
      "Net Income Continuous Operations": null,
      "Tax Provision": null,
      "Pretax Income": null,
      "Other Income Expense": null,
      "Other Non Operating Income Expenses": null,
      "Special Income Charges": null,
      "Gain On Sale Of Business": null,
      "Impairment Of Capital Assets": null,
      "Restructuring And Mergern Acquisition": null,
      "Earnings From Equity Interest": null,
      "Gain On Sale Of Security": null,
      "Net Non Operating Interest Income Expense": null,
      "Interest Expense Non Operating": null,
      "Interest Income Non Operating": null,
      "Operating Income": null,
      "Operating Expense": null,
      "Research And Development": null,
      "Selling General And Administration": null,
      "Selling And Marketing Expense": null,
      "General And Administrative Expense": null,
      "Other Gand A": 924000000.0,
      "Insurance And Claims": null,
      "Gross Profit": null,
      "Cost Of Revenue": null,
      "Total Revenue": null,
      "Operating Revenue": null
    }
  },
  "balance_sheet": {
    "2025-12-31T00:00:00": {
      "Treasury Shares Number": null,
      "Preferred Shares Number": null,
      "Ordinary Shares Number": 1048766702.0,
      "Share Issued": 1048766702.0,
      "Net Debt": 8103000000.0,
      "Total Debt": 20495000000.0,
      "Tangible Book Value": 5391000000.0,
      "Invested Capital": 39172000000.0,
      "Working Capital": 1614000000.0,
      "Net Tangible Assets": 5391000000.0,
      "Capital Lease Obligations": null,
      "Common Stock Equity": 18677000000.0,
      "Preferred Stock Equity": null,
      "Total Capitalization": 37486000000.0,
      "Total Equity Gross Minority Interest": 18898000000.0,
      "Minority Interest": 221000000.0,
      "Stockholders Equity": 18677000000.0,
      "Other Equity Interest": 23598000000.0,
      "Gains Losses Not Affecting Retained Earnings": -4798000000.0,
      "Other Equity Adjustments": -4798000000.0,
      "Treasury Stock": 87801000000.0,
      "Retained Earnings": 87663000000.0,
      "Capital Stock": 15000000.0,
      "Common Stock": 15000000.0,
      "Preferred Stock": null,
      "Total Liabilities Net Minority Interest": 111271000000.0,
      "Total Non Current Liabilities Net Minority Interest": 72290000000.0,
      "Other Non Current Liabilities": 44170000000.0,
      "Liabilities Heldfor Sale Non Current": 1413000000.0,
      "Employee Benefits": 6833000000.0,
      "Tradeand Other Payables Non Current": null,
      "Non Current Deferred Liabilities": 1065000000.0,
      "Non Current Deferred Revenue": 1065000000.0,
      "Long Term Debt And Capital Lease Obligation": 18809000000.0,
      "Long Term Capital Lease Obligation": null,
      "Long Term Debt": 18809000000.0,
      "Current Liabilities": 38981000000.0,
      "Other Current Liabilities": 9222000000.0,
      "Current Deferred Liabilities": 17995000000.0,
      "Current Deferred Revenue": 17995000000.0,
      "Current Debt And Capital Lease Obligation": 1686000000.0,
      "Current Debt": 1686000000.0,
      "Other Current Borrowings": 1686000000.0,
      "Pensionand Other Post Retirement Benefit Plans Current": null,
      "Payables And Accrued Expenses": 10078000000.0,
      "Current Accrued Expenses": null,
      "Interest Payable": null,
      "Payables": 10078000000.0,
      "Other Payable": 1791000000.0,
      "Dueto Related Parties Current": 2553000000.0,
      "Total Tax Payable": null,
      "Accounts Payable": 5734000000.0,
      "Total Assets": 130169000000.0,
      "Total Non Current Assets": 89572000000.0,
      "Other Non Current Assets": 17132000000.0,
      "Defined Pension Benefit": null,
      "Non Current Prepaid Assets": null,
      "Non Current Deferred Assets": 7459000000.0,
      "Non Current Deferred Taxes Assets": 7459000000.0,
      "Non Current Accounts Receivable": 4920000000.0,
      "Investments And Advances": 38788000000.0,
      "Other Investments": null,
      "Investmentin Financial Assets": 38788000000.0,
      "Held To Maturity Securities": null,
      "Available For Sale Securities": 38788000000.0,
      "Long Term Equity Investment": null,
      "Investments In Other Ventures Under Equity Method": null,
      "Goodwill And Other Intangible Assets": 13286000000.0,
      "Other Intangible Assets": 4226000000.0,
      "Goodwill": 9060000000.0,
      "Net PPE": 7987000000.0,
      "Accumulated Depreciation": -10419000000.0,
      "Gross PPE": 18406000000.0,
      "Leases": 1197000000.0,
      "Other Properties": 1018000000.0,
      "Machinery Furniture Equipment": 12757000000.0,
      "Buildings And Improvements": 3295000000.0,
      "Land And Improvements": 139000000.0,
      "Properties": 0.0,
      "Current Assets": 40595000000.0,
      "Other Current Assets": 1052000000.0,
      "Hedging Assets Current": null,
      "Assets Held For Sale Current": null,
      "Current Deferred Assets": null,
      "Restricted Cash": null,
      "Prepaid Assets": 867000000.0,
      "Inventory": 11868000000.0,
      "Other Inventories": 972000000.0,
      "Finished Goods": 1542000000.0,
      "Raw Materials": 9354000000.0,
      "Receivables": 14416000000.0,
      "Receivables Adjustments Allowances": -94000000.0,
      "Other Receivables": 5076000000.0,
      "Taxes Receivable": 165000000.0,
      "Accrued Interest Receivable": null,
      "Accounts Receivable": 9269000000.0,
      "Gross Accounts Receivable": null,
      "Cash Cash Equivalents And Short Term Investments": 12392000000.0,
      "Other Short Term Investments": 0.0,
      "Cash And Cash Equivalents": 12392000000.0
    },
    "2024-12-31T00:00:00": {
      "Treasury Shares Number": 388307817.0,
      "Preferred Shares Number": 40000.0,
      "Ordinary Shares Number": 1073692183.0,
      "Share Issued": 1462000000.0,
      "Net Debt": 5654000000.0,
      "Total Debt": 19273000000.0,
      "Tangible Book Value": 6547000000.0,
      "Invested Capital": 38615000000.0,
      "Working Capital": 3243000000.0,
      "Net Tangible Assets": 6547000000.0,
      "Capital Lease Obligations": null,
      "Common Stock Equity": 19342000000.0,
      "Preferred Stock Equity": null,
      "Total Capitalization": 36576000000.0,
      "Total Equity Gross Minority Interest": 19565000000.0,
      "Minority Interest": 223000000.0,
      "Stockholders Equity": 19342000000.0,
      "Other Equity Interest": 24266000000.0,
      "Gains Losses Not Affecting Retained Earnings": -3861000000.0,
      "Other Equity Adjustments": -3861000000.0,
      "Treasury Stock": 81566000000.0,
      "Retained Earnings": 80488000000.0,
      "Capital Stock": 15000000.0,
      "Common Stock": 15000000.0,
      "Preferred Stock": 0.0,
      "Total Liabilities Net Minority Interest": 103575000000.0,
      "Total Non Current Liabilities Net Minority Interest": 69183000000.0,
      "Other Non Current Liabilities": 42584000000.0,
      "Liabilities Heldfor Sale Non Current": 1317000000.0,
      "Employee Benefits": 7035000000.0,
      "Tradeand Other Payables Non Current": null,
      "Non Current Deferred Liabilities": 1013000000.0,
      "Non Current Deferred Revenue": 1013000000.0,
      "Long Term Debt And Capital Lease Obligation": 17234000000.0,
      "Long Term Capital Lease Obligation": null,
      "Long Term Debt": 17234000000.0,
      "Current Liabilities": 34392000000.0,
      "Other Current Liabilities": 8395000000.0,
      "Current Deferred Liabilities": 16048000000.0,
      "Current Deferred Revenue": 16048000000.0,
      "Current Debt And Capital Lease Obligation": 2039000000.0,
      "Current Debt": 2039000000.0,
      "Other Current Borrowings": 2039000000.0,
      "Pensionand Other Post Retirement Benefit Plans Current": null,
      "Payables And Accrued Expenses": 7910000000.0,
      "Current Accrued Expenses": null,
      "Interest Payable": null,
      "Payables": 7910000000.0,
      "Other Payable": 1656000000.0,
      "Dueto Related Parties Current": 1689000000.0,
      "Total Tax Payable": null,
      "Accounts Payable": 4565000000.0,
      "Total Assets": 123140000000.0,
      "Total Non Current Assets": 85507000000.0,
      "Other Non Current Assets": 15751000000.0,
      "Defined Pension Benefit": null,
      "Non Current Prepaid Assets": null,
      "Non Current Deferred Assets": 7111000000.0,
      "Non Current Deferred Taxes Assets": 7111000000.0,
      "Non Current Accounts Receivable": 4831000000.0,
      "Investments And Advances": 37741000000.0,
      "Other Investments": null,
      "Investmentin Financial Assets": 37741000000.0,
      "Held To Maturity Securities": null,
      "Available For Sale Securities": 37741000000.0,
      "Long Term Equity Investment": null,
      "Investments In Other Ventures Under Equity Method": null,
      "Goodwill And Other Intangible Assets": 12795000000.0,
      "Other Intangible Assets": 4257000000.0,
      "Goodwill": 8538000000.0,
      "Net PPE": 7278000000.0,
      "Accumulated Depreciation": -9673000000.0,
      "Gross PPE": 16951000000.0,
      "Leases": 1084000000.0,
      "Other Properties": 1057000000.0,
      "Machinery Furniture Equipment": 11533000000.0,
      "Buildings And Improvements": 3146000000.0,
      "Land And Improvements": 131000000.0,
      "Properties": 0.0,
      "Current Assets": 37635000000.0,
      "Other Current Assets": 962000000.0,
      "Hedging Assets Current": null,
      "Assets Held For Sale Current": 0.0,
      "Current Deferred Assets": null,
      "Restricted Cash": null,
      "Prepaid Assets": 546000000.0,
      "Inventory": 9763000000.0,
      "Other Inventories": 932000000.0,
      "Finished Goods": 1459000000.0,
      "Raw Materials": 7372000000.0,
      "Receivables": 11763000000.0,
      "Receivables Adjustments Allowances": -106000000.0,
      "Other Receivables": 4356000000.0,
      "Taxes Receivable": 128000000.0,
      "Accrued Interest Receivable": null,
      "Accounts Receivable": 7385000000.0,
      "Gross Accounts Receivable": null,
      "Cash Cash Equivalents And Short Term Investments": 14601000000.0,
      "Other Short Term Investments": 982000000.0,
      "Cash And Cash Equivalents": 13619000000.0
    },
    "2023-12-31T00:00:00": {
      "Treasury Shares Number": 373584005.0,
      "Preferred Shares Number": 40000.0,
      "Ordinary Shares Number": 1088415995.0,
      "Share Issued": 1462000000.0,
      "Net Debt": 5321000000.0,
      "Total Debt": 20525000000.0,
      "Tangible Book Value": 13813000000.0,
      "Invested Capital": 47928000000.0,
      "Working Capital": 10454000000.0,
      "Net Tangible Assets": 13813000000.0,
      "Capital Lease Obligations": 1973000000.0,
      "Common Stock Equity": 27403000000.0,
      "Preferred Stock Equity": null,
      "Total Capitalization": 46820000000.0,
      "Total Equity Gross Minority Interest": 28605000000.0,
      "Minority Interest": 1202000000.0,
      "Stockholders Equity": 27403000000.0,
      "Other Equity Interest": 26961000000.0,
      "Gains Losses Not Affecting Retained Earnings": -6150000000.0,
      "Other Equity Adjustments": -6150000000.0,
      "Treasury Stock": 79976000000.0,
      "Retained Earnings": 86553000000.0,
      "Capital Stock": 15000000.0,
      "Common Stock": 15000000.0,
      "Preferred Stock": 0.0,
      "Total Liabilities Net Minority Interest": 144695000000.0,
      "Total Non Current Liabilities Net Minority Interest": 112593000000.0,
      "Other Non Current Liabilities": 45332000000.0,
      "Liabilities Heldfor Sale Non Current": 39213000000.0,
      "Employee Benefits": 7656000000.0,
      "Tradeand Other Payables Non Current": 2182000000.0,
      "Non Current Deferred Liabilities": 975000000.0,
      "Non Current Deferred Revenue": 975000000.0,
      "Long Term Debt And Capital Lease Obligation": 19417000000.0,
      "Long Term Capital Lease Obligation": 1973000000.0,
      "Long Term Debt": 19417000000.0,
      "Current Liabilities": 32102000000.0,
      "Other Current Liabilities": 8979000000.0,
      "Current Deferred Liabilities": 14499000000.0,
      "Current Deferred Revenue": 14499000000.0,
      "Current Debt And Capital Lease Obligation": 1108000000.0,
      "Current Debt": 1108000000.0,
      "Other Current Borrowings": 1108000000.0,
      "Pensionand Other Post Retirement Benefit Plans Current": 4001000000.0,
      "Payables And Accrued Expenses": 7516000000.0,
      "Current Accrued Expenses": 323000000.0,
      "Interest Payable": 323000000.0,
      "Payables": 7516000000.0,
      "Other Payable": 2226000000.0,
      "Dueto Related Parties Current": null,
      "Total Tax Payable": 1057000000.0,
      "Accounts Payable": 5290000000.0,
      "Total Assets": 173300000000.0,
      "Total Non Current Assets": 130746000000.0,
      "Other Non Current Assets": 59622000000.0,
      "Defined Pension Benefit": 1468000000.0,
      "Non Current Prepaid Assets": 608000000.0,
      "Non Current Deferred Assets": 7502000000.0,
      "Non Current Deferred Taxes Assets": 7502000000.0,
      "Non Current Accounts Receivable": 4785000000.0,
      "Investments And Advances": 38000000000.0,
      "Other Investments": 939000000.0,
      "Investmentin Financial Assets": 38000000000.0,
      "Held To Maturity Securities": 37670000000.0,
      "Available For Sale Securities": 38000000000.0,
      "Long Term Equity Investment": 7931000000.0,
      "Investments In Other Ventures Under Equity Method": 7931000000.0,
      "Goodwill And Other Intangible Assets": 13590000000.0,
      "Other Intangible Assets": 4642000000.0,
      "Goodwill": 8948000000.0,
      "Net PPE": 7247000000.0,
      "Accumulated Depreciation": -9252000000.0,
      "Gross PPE": 16499000000.0,
      "Leases": 989000000.0,
      "Other Properties": 1160000000.0,
      "Machinery Furniture Equipment": 11160000000.0,
      "Buildings And Improvements": 3062000000.0,
      "Land And Improvements": 128000000.0,
      "Properties": 0.0,
      "Current Assets": 42556000000.0,
      "Other Current Assets": 1244000000.0,
      "Hedging Assets Current": 437000000.0,
      "Assets Held For Sale Current": 541000000.0,
      "Current Deferred Assets": null,
      "Restricted Cash": null,
      "Prepaid Assets": 401000000.0,
      "Inventory": 8284000000.0,
      "Other Inventories": 544000000.0,
      "Finished Goods": 1209000000.0,
      "Raw Materials": 6531000000.0,
      "Receivables": 11176000000.0,
      "Receivables Adjustments Allowances": -132000000.0,
      "Other Receivables": 4782000000.0,
      "Taxes Receivable": 129000000.0,
      "Accrued Interest Receivable": 466000000.0,
      "Accounts Receivable": 6397000000.0,
      "Gross Accounts Receivable": null,
      "Cash Cash Equivalents And Short Term Investments": 20910000000.0,
      "Other Short Term Investments": 5706000000.0,
      "Cash And Cash Equivalents": 15204000000.0
    },
    "2022-12-31T00:00:00": {
      "Treasury Shares Number": 372892122.0,
      "Preferred Shares Number": null,
      "Ordinary Shares Number": 1089107878.0,
      "Share Issued": 1462000000.0,
      "Net Debt": 8249000000.0,
      "Total Debt": 26148000000.0,
      "Tangible Book Value": 14585000000.0,
      "Invested Capital": 57749000000.0,
      "Working Capital": 8954000000.0,
      "Net Tangible Assets": 14591000000.0,
      "Capital Lease Obligations": 2089000000.0,
      "Common Stock Equity": 33690000000.0,
      "Preferred Stock Equity": 6000000.0,
      "Total Capitalization": 54016000000.0,
      "Total Equity Gross Minority Interest": 34912000000.0,
      "Minority Interest": 1216000000.0,
      "Stockholders Equity": 33696000000.0,
      "Other Equity Interest": 34173000000.0,
      "Gains Losses Not Affecting Retained Earnings": -2272000000.0,
      "Other Equity Adjustments": -2272000000.0,
      "Treasury Stock": 81209000000.0,
      "Retained Earnings": 82983000000.0,
      "Capital Stock": 21000000.0,
      "Common Stock": 15000000.0,
      "Preferred Stock": 6000000.0,
      "Total Liabilities Net Minority Interest": 153939000000.0,
      "Total Non Current Liabilities Net Minority Interest": 104511000000.0,
      "Other Non Current Liabilities": 43360000000.0,
      "Liabilities Heldfor Sale Non Current": 24474000000.0,
      "Employee Benefits": 10400000000.0,
      "Tradeand Other Payables Non Current": 2459000000.0,
      "Non Current Deferred Liabilities": 1409000000.0,
      "Non Current Deferred Revenue": 1409000000.0,
      "Long Term Debt And Capital Lease Obligation": 22409000000.0,
      "Long Term Capital Lease Obligation": 2089000000.0,
      "Long Term Debt": 20320000000.0,
      "Current Liabilities": 49428000000.0,
      "Other Current Liabilities": 9805000000.0,
      "Current Deferred Liabilities": 16216000000.0,
      "Current Deferred Revenue": 16216000000.0,
      "Current Debt And Capital Lease Obligation": 3739000000.0,
      "Current Debt": 3739000000.0,
      "Other Current Borrowings": 3739000000.0,
      "Pensionand Other Post Retirement Benefit Plans Current": 3339000000.0,
      "Payables And Accrued Expenses": 16329000000.0,
      "Current Accrued Expenses": 352000000.0,
      "Interest Payable": 352000000.0,
      "Payables": 15977000000.0,
      "Other Payable": 4925000000.0,
      "Dueto Related Parties Current": null,
      "Total Tax Payable": 1019000000.0,
      "Accounts Payable": 10033000000.0,
      "Total Assets": 188851000000.0,
      "Total Non Current Assets": 130469000000.0,
      "Other Non Current Assets": 33136000000.0,
      "Defined Pension Benefit": 1793000000.0,
      "Non Current Prepaid Assets": 583000000.0,
      "Non Current Deferred Assets": 10001000000.0,
      "Non Current Deferred Taxes Assets": 10001000000.0,
      "Non Current Accounts Receivable": 9450000000.0,
      "Investments And Advances": 44208000000.0,
      "Other Investments": 548000000.0,
      "Investmentin Financial Assets": 36027000000.0,
      "Held To Maturity Securities": 35619000000.0,
      "Available For Sale Securities": 36027000000.0,
      "Long Term Equity Investment": 7633000000.0,
      "Investments In Other Ventures Under Equity Method": 7633000000.0,
      "Goodwill And Other Intangible Assets": 19105000000.0,
      "Other Intangible Assets": 6106000000.0,
      "Goodwill": 12999000000.0,
      "Net PPE": 12193000000.0,
      "Accumulated Depreciation": null,
      "Gross PPE": 12193000000.0,
      "Leases": 1854000000.0,
      "Other Properties": 1012000000.0,
      "Machinery Furniture Equipment": 6163000000.0,
      "Buildings And Improvements": 2703000000.0,
      "Land And Improvements": 461000000.0,
      "Properties": 0.0,
      "Current Assets": 58382000000.0,
      "Other Current Assets": 176000000.0,
      "Hedging Assets Current": 454000000.0,
      "Assets Held For Sale Current": 1374000000.0,
      "Current Deferred Assets": null,
      "Restricted Cash": 0.0,
      "Prepaid Assets": 313000000.0,
      "Inventory": 14891000000.0,
      "Other Inventories": 1763000000.0,
      "Finished Goods": 3937000000.0,
      "Raw Materials": 9191000000.0,
      "Receivables": 17755000000.0,
      "Receivables Adjustments Allowances": -859000000.0,
      "Other Receivables": 2467000000.0,
      "Taxes Receivable": null,
      "Accrued Interest Receivable": 457000000.0,
      "Accounts Receivable": 14831000000.0,
      "Gross Accounts Receivable": 14916000000.0,
      "Cash Cash Equivalents And Short Term Investments": 23419000000.0,
      "Other Short Term Investments": 7609000000.0,
      "Cash And Cash Equivalents": 15810000000.0
    },
    "2021-12-31T00:00:00": {
      "Treasury Shares Number": null,
      "Preferred Shares Number": null,
      "Ordinary Shares Number": null,
      "Share Issued": null,
      "Net Debt": null,
      "Total Debt": null,
      "Tangible Book Value": null,
      "Invested Capital": null,
      "Working Capital": null,
      "Net Tangible Assets": null,
      "Capital Lease Obligations": 2848000000.0,
      "Common Stock Equity": null,
      "Preferred Stock Equity": 6000000.0,
      "Total Capitalization": null,
      "Total Equity Gross Minority Interest": null,
      "Minority Interest": null,
      "Stockholders Equity": null,
      "Other Equity Interest": null,
      "Gains Losses Not Affecting Retained Earnings": null,
      "Other Equity Adjustments": null,
      "Treasury Stock": null,
      "Retained Earnings": null,
      "Capital Stock": null,
      "Common Stock": null,
      "Preferred Stock": 6000000.0,
      "Total Liabilities Net Minority Interest": null,
      "Total Non Current Liabilities Net Minority Interest": null,
      "Other Non Current Liabilities": null,
      "Liabilities Heldfor Sale Non Current": null,
      "Employee Benefits": null,
      "Tradeand Other Payables Non Current": 3220000000.0,
      "Non Current Deferred Liabilities": null,
      "Non Current Deferred Revenue": null,
      "Long Term Debt And Capital Lease Obligation": null,
      "Long Term Capital Lease Obligation": 2848000000.0,
      "Long Term Debt": null,
      "Current Liabilities": null,
      "Other Current Liabilities": null,
      "Current Deferred Liabilities": null,
      "Current Deferred Revenue": null,
      "Current Debt And Capital Lease Obligation": null,
      "Current Debt": null,
      "Other Current Borrowings": null,
      "Pensionand Other Post Retirement Benefit Plans Current": 4677000000.0,
      "Payables And Accrued Expenses": null,
      "Current Accrued Expenses": 17648000000.0,
      "Interest Payable": 276000000.0,
      "Payables": null,
      "Other Payable": null,
      "Dueto Related Parties Current": null,
      "Total Tax Payable": 500000000.0,
      "Accounts Payable": null,
      "Total Assets": null,
      "Total Non Current Assets": null,
      "Other Non Current Assets": null,
      "Defined Pension Benefit": 2784000000.0,
      "Non Current Prepaid Assets": 800000000.0,
      "Non Current Deferred Assets": null,
      "Non Current Deferred Taxes Assets": null,
      "Non Current Accounts Receivable": null,
      "Investments And Advances": null,
      "Other Investments": null,
      "Investmentin Financial Assets": null,
      "Held To Maturity Securities": null,
      "Available For Sale Securities": null,
      "Long Term Equity Investment": 7840000000.0,
      "Investments In Other Ventures Under Equity Method": 7840000000.0,
      "Goodwill And Other Intangible Assets": null,
      "Other Intangible Assets": null,
      "Goodwill": null,
      "Net PPE": null,
      "Accumulated Depreciation": null,
      "Gross PPE": null,
      "Leases": null,
      "Other Properties": null,
      "Machinery Furniture Equipment": null,
      "Buildings And Improvements": null,
      "Land And Improvements": null,
      "Properties": null,
      "Current Assets": null,
      "Other Current Assets": null,
      "Hedging Assets Current": 684000000.0,
      "Assets Held For Sale Current": 208000000.0,
      "Current Deferred Assets": 0.0,
      "Restricted Cash": 76000000.0,
      "Prepaid Assets": null,
      "Inventory": null,
      "Other Inventories": null,
      "Finished Goods": null,
      "Raw Materials": null,
      "Receivables": null,
      "Receivables Adjustments Allowances": null,
      "Other Receivables": null,
      "Taxes Receivable": 1222000000.0,
      "Accrued Interest Receivable": 426000000.0,
      "Accounts Receivable": null,
      "Gross Accounts Receivable": 13079000000.0,
      "Cash Cash Equivalents And Short Term Investments": null,
      "Other Short Term Investments": null,
      "Cash And Cash Equivalents": null
    }
  },
  "cashflow": {
    "2025-12-31T00:00:00": {
      "Free Cash Flow": 7264000000.0,
      "Repurchase Of Capital Stock": -7551000000.0,
      "Repayment Of Debt": -1811000000.0,
      "Issuance Of Debt": 1985000000.0,
      "Capital Expenditure": -1273000000.0,
      "Interest Paid Supplemental Data": 882000000.0,
      "End Cash Position": 13657000000.0,
      "Beginning Cash Position": 15880000000.0,
      "Effect Of Exchange Rate Changes": 201000000.0,
      "Changes In Cash": -2424000000.0,
      "Cash Flow From Discontinued Operation": -1126000000.0,
      "Financing Cash Flow": -8682000000.0,
      "Cash From Discontinued Financing Activities": 0.0,
      "Cash Flow From Continuing Financing Activities": -8682000000.0,
      "Net Other Financing Charges": 122000000.0,
      "Cash Dividends Paid": -1452000000.0,
      "Net Preferred Stock Issuance": 0.0,
      "Preferred Stock Payments": 0.0,
      "Net Common Stock Issuance": -7551000000.0,
      "Common Stock Payments": -7551000000.0,
      "Net Issuance Payments Of Debt": 199000000.0,
      "Net Short Term Debt Issuance": 25000000.0,
      "Net Long Term Debt Issuance": 174000000.0,
      "Long Term Debt Payments": -1811000000.0,
      "Long Term Debt Issuance": 1985000000.0,
      "Investing Cash Flow": -1153000000.0,
      "Cash From Discontinued Investing Activities": -377000000.0,
      "Cash Flow From Continuing Investing Activities": -776000000.0,
      "Net Other Investing Changes": 309000000.0,
      "Net Investment Purchase And Sale": 425000000.0,
      "Net Business Purchase And Sale": -360000000.0,
      "Sale Of Business": 0.0,
      "Purchase Of Business": -360000000.0,
      "Net Intangibles Purchase And Sale": null,
      "Purchase Of Intangibles": null,
      "Net PPE Purchase And Sale": -1150000000.0,
      "Sale Of PPE": 123000000.0,
      "Purchase Of PPE": -1273000000.0,
      "Operating Cash Flow": 8537000000.0,
      "Cash From Discontinued Operating Activities": -6000000.0,
      "Cash Flow From Continuing Operating Activities": 8543000000.0,
      "Taxes Refund Paid": -739000000.0,
      "Change In Working Capital": -470000000.0,
      "Change In Other Working Capital": 2466000000.0,
      "Change In Payables And Accrued Expense": 1993000000.0,
      "Change In Payable": 1993000000.0,
      "Change In Account Payable": 1993000000.0,
      "Change In Inventory": -1981000000.0,
      "Change In Receivables": -2948000000.0,
      "Changes In Account Receivables": -2437000000.0,
      "Other Non Cash Items": 136000000.0,
      "Asset Impairment Charge": 0.0,
      "Deferred Tax": 1405000000.0,
      "Deferred Income Tax": 1405000000.0,
      "Depreciation Amortization Depletion": 1220000000.0,
      "Depreciation And Amortization": 1220000000.0,
      "Amortization Cash Flow": 357000000.0,
      "Amortization Of Intangibles": 357000000.0,
      "Depreciation": 863000000.0,
      "Operating Gains Losses": -1604000000.0,
      "Pension And Employee Benefit Expense": -1096000000.0,
      "Gain Loss On Investment Securities": -508000000.0,
      "Gain Loss On Sale Of Business": null,
      "Net Income From Continuing Operations": 8595000000.0
    },
    "2024-12-31T00:00:00": {
      "Free Cash Flow": 3678000000.0,
      "Repurchase Of Capital Stock": -5827000000.0,
      "Repayment Of Debt": -788000000.0,
      "Issuance Of Debt": 0.0,
      "Capital Expenditure": -1032000000.0,
      "Interest Paid Supplemental Data": 969000000.0,
      "End Cash Position": 14553000000.0,
      "Beginning Cash Position": 19755000000.0,
      "Effect Of Exchange Rate Changes": -193000000.0,
      "Changes In Cash": -5009000000.0,
      "Cash Flow From Discontinued Operation": -1327000000.0,
      "Financing Cash Flow": -6726000000.0,
      "Cash From Discontinued Financing Activities": -98000000.0,
      "Cash Flow From Continuing Financing Activities": -6628000000.0,
      "Net Other Financing Charges": 993000000.0,
      "Cash Dividends Paid": -1008000000.0,
      "Net Preferred Stock Issuance": 0.0,
      "Preferred Stock Payments": 0.0,
      "Net Common Stock Issuance": -5827000000.0,
      "Common Stock Payments": -5827000000.0,
      "Net Issuance Payments Of Debt": -786000000.0,
      "Net Short Term Debt Issuance": 2000000.0,
      "Net Long Term Debt Issuance": -788000000.0,
      "Long Term Debt Payments": -788000000.0,
      "Long Term Debt Issuance": 0.0,
      "Investing Cash Flow": -1666000000.0,
      "Cash From Discontinued Investing Activities": -1110000000.0,
      "Cash Flow From Continuing Investing Activities": -556000000.0,
      "Net Other Investing Changes": -4289000000.0,
      "Net Investment Purchase And Sale": -963000000.0,
      "Net Business Purchase And Sale": 5614000000.0,
      "Sale Of Business": 5749000000.0,
      "Purchase Of Business": -135000000.0,
      "Net Intangibles Purchase And Sale": null,
      "Purchase Of Intangibles": null,
      "Net PPE Purchase And Sale": -918000000.0,
      "Sale Of PPE": 114000000.0,
      "Purchase Of PPE": -1032000000.0,
      "Operating Cash Flow": 4710000000.0,
      "Cash From Discontinued Operating Activities": -1107000000.0,
      "Cash Flow From Continuing Operating Activities": 5817000000.0,
      "Taxes Refund Paid": -334000000.0,
      "Change In Working Capital": -697000000.0,
      "Change In Other Working Capital": 1331000000.0,
      "Change In Payables And Accrued Expense": 688000000.0,
      "Change In Payable": 688000000.0,
      "Change In Account Payable": 688000000.0,
      "Change In Inventory": -1528000000.0,
      "Change In Receivables": -1188000000.0,
      "Changes In Account Receivables": -1076000000.0,
      "Other Non Cash Items": -325000000.0,
      "Asset Impairment Charge": 251000000.0,
      "Deferred Tax": 962000000.0,
      "Deferred Income Tax": 962000000.0,
      "Depreciation Amortization Depletion": 1184000000.0,
      "Depreciation And Amortization": 1184000000.0,
      "Amortization Cash Flow": 350000000.0,
      "Amortization Of Intangibles": 350000000.0,
      "Depreciation": 834000000.0,
      "Operating Gains Losses": -1881000000.0,
      "Pension And Employee Benefit Expense": -1162000000.0,
      "Gain Loss On Investment Securities": -719000000.0,
      "Gain Loss On Sale Of Business": null,
      "Net Income From Continuing Operations": 6657000000.0
    },
    "2023-12-31T00:00:00": {
      "Free Cash Flow": 4327000000.0,
      "Repurchase Of Capital Stock": -7028000000.0,
      "Repayment Of Debt": -3282000000.0,
      "Issuance Of Debt": 0.0,
      "Capital Expenditure": -862000000.0,
      "Interest Paid Supplemental Data": 1067000000.0,
      "End Cash Position": 15993000000.0,
      "Beginning Cash Position": 19092000000.0,
      "Effect Of Exchange Rate Changes": 120000000.0,
      "Changes In Cash": -3219000000.0,
      "Cash Flow From Discontinued Operation": -3762000000.0,
      "Financing Cash Flow": -8613000000.0,
      "Cash From Discontinued Financing Activities": 1899000000.0,
      "Cash Flow From Continuing Financing Activities": -10511000000.0,
      "Net Other Financing Charges": 458000000.0,
      "Cash Dividends Paid": -589000000.0,
      "Net Preferred Stock Issuance": -5795000000.0,
      "Preferred Stock Payments": -5795000000.0,
      "Net Common Stock Issuance": -1233000000.0,
      "Common Stock Payments": -1233000000.0,
      "Net Issuance Payments Of Debt": -3353000000.0,
      "Net Short Term Debt Issuance": -71000000.0,
      "Net Long Term Debt Issuance": -3282000000.0,
      "Long Term Debt Payments": -3282000000.0,
      "Long Term Debt Issuance": 0.0,
      "Investing Cash Flow": 3967000000.0,
      "Cash From Discontinued Investing Activities": -3726000000.0,
      "Cash Flow From Continuing Investing Activities": 7694000000.0,
      "Net Other Investing Changes": 518000000.0,
      "Net Investment Purchase And Sale": -986000000.0,
      "Net Business Purchase And Sale": 8963000000.0,
      "Sale Of Business": 9004000000.0,
      "Purchase Of Business": -41000000.0,
      "Net Intangibles Purchase And Sale": null,
      "Purchase Of Intangibles": null,
      "Net PPE Purchase And Sale": -802000000.0,
      "Sale Of PPE": 60000000.0,
      "Purchase Of PPE": -862000000.0,
      "Operating Cash Flow": 5189000000.0,
      "Cash From Discontinued Operating Activities": 580000000.0,
      "Cash Flow From Continuing Operating Activities": 4609000000.0,
      "Taxes Refund Paid": -1041000000.0,
      "Change In Working Capital": 420000000.0,
      "Change In Other Working Capital": 1265000000.0,
      "Change In Payables And Accrued Expense": 713000000.0,
      "Change In Payable": 713000000.0,
      "Change In Account Payable": 713000000.0,
      "Change In Inventory": -1321000000.0,
      "Change In Receivables": -237000000.0,
      "Changes In Account Receivables": -210000000.0,
      "Other Non Cash Items": 742000000.0,
      "Asset Impairment Charge": 0.0,
      "Deferred Tax": 994000000.0,
      "Deferred Income Tax": 994000000.0,
      "Depreciation Amortization Depletion": 1179000000.0,
      "Depreciation And Amortization": 1179000000.0,
      "Amortization Cash Flow": 382000000.0,
      "Amortization Of Intangibles": 382000000.0,
      "Depreciation": 797000000.0,
      "Operating Gains Losses": -7133000000.0,
      "Pension And Employee Benefit Expense": -1287000000.0,
      "Gain Loss On Investment Securities": -5846000000.0,
      "Gain Loss On Sale Of Business": -5842000000.0,
      "Net Income From Continuing Operations": 9448000000.0
    },
    "2022-12-31T00:00:00": {
      "Free Cash Flow": 5255000000.0,
      "Repurchase Of Capital Stock": -1192000000.0,
      "Repayment Of Debt": -11088000000.0,
      "Issuance Of Debt": 0.0,
      "Capital Expenditure": -662000000.0,
      "Interest Paid Supplemental Data": 1561000000.0,
      "End Cash Position": 14223000000.0,
      "Beginning Cash Position": 16859000000.0,
      "Effect Of Exchange Rate Changes": -369000000.0,
      "Changes In Cash": -2267000000.0,
      "Cash Flow From Discontinued Operation": -4868000000.0,
      "Financing Cash Flow": -5585000000.0,
      "Cash From Discontinued Financing Activities": 7955000000.0,
      "Cash Flow From Continuing Financing Activities": -13540000000.0,
      "Net Other Financing Charges": -663000000.0,
      "Cash Dividends Paid": -639000000.0,
      "Net Preferred Stock Issuance": -144000000.0,
      "Preferred Stock Payments": -144000000.0,
      "Net Common Stock Issuance": -1048000000.0,
      "Common Stock Payments": -1048000000.0,
      "Net Issuance Payments Of Debt": -11046000000.0,
      "Net Short Term Debt Issuance": 42000000.0,
      "Net Long Term Debt Issuance": -11088000000.0,
      "Long Term Debt Payments": -11088000000.0,
      "Long Term Debt Issuance": 0.0,
      "Investing Cash Flow": 2270000000.0,
      "Cash From Discontinued Investing Activities": -8099000000.0,
      "Cash Flow From Continuing Investing Activities": 10370000000.0,
      "Net Other Investing Changes": 7052000000.0,
      "Net Investment Purchase And Sale": -876000000.0,
      "Net Business Purchase And Sale": 4702000000.0,
      "Sale Of Business": 4732000000.0,
      "Purchase Of Business": -30000000.0,
      "Net Intangibles Purchase And Sale": -113000000.0,
      "Purchase Of Intangibles": -113000000.0,
      "Net PPE Purchase And Sale": -509000000.0,
      "Sale Of PPE": 153000000.0,
      "Purchase Of PPE": -662000000.0,
      "Operating Cash Flow": 5917000000.0,
      "Cash From Discontinued Operating Activities": 1889000000.0,
      "Cash Flow From Continuing Operating Activities": 4027000000.0,
      "Taxes Refund Paid": -547000000.0,
      "Change In Working Capital": 1129000000.0,
      "Change In Other Working Capital": 2309000000.0,
      "Change In Payables And Accrued Expense": 1639000000.0,
      "Change In Payable": 1639000000.0,
      "Change In Account Payable": 1639000000.0,
      "Change In Inventory": -980000000.0,
      "Change In Receivables": -1839000000.0,
      "Changes In Account Receivables": -1875000000.0,
      "Other Non Cash Items": 247000000.0,
      "Asset Impairment Charge": 0.0,
      "Deferred Tax": 169000000.0,
      "Deferred Income Tax": 169000000.0,
      "Depreciation Amortization Depletion": 1184000000.0,
      "Depreciation And Amortization": 1184000000.0,
      "Amortization Cash Flow": 338000000.0,
      "Amortization Of Intangibles": 338000000.0,
      "Depreciation": 846000000.0,
      "Operating Gains Losses": 494000000.0,
      "Pension And Employee Benefit Expense": -27000000.0,
      "Gain Loss On Investment Securities": 56000000.0,
      "Gain Loss On Sale Of Business": 113000000.0,
      "Net Income From Continuing Operations": 1352000000.0
    },
    "2021-12-31T00:00:00": {
      "Free Cash Flow": null,
      "Repurchase Of Capital Stock": null,
      "Repayment Of Debt": null,
      "Issuance Of Debt": null,
      "Capital Expenditure": null,
      "Interest Paid Supplemental Data": null,
      "End Cash Position": null,
      "Beginning Cash Position": null,
      "Effect Of Exchange Rate Changes": null,
      "Changes In Cash": null,
      "Cash Flow From Discontinued Operation": null,
      "Financing Cash Flow": null,
      "Cash From Discontinued Financing Activities": null,
      "Cash Flow From Continuing Financing Activities": null,
      "Net Other Financing Charges": null,
      "Cash Dividends Paid": null,
      "Net Preferred Stock Issuance": null,
      "Preferred Stock Payments": null,
      "Net Common Stock Issuance": null,
      "Common Stock Payments": null,
      "Net Issuance Payments Of Debt": null,
      "Net Short Term Debt Issuance": null,
      "Net Long Term Debt Issuance": null,
      "Long Term Debt Payments": null,
      "Long Term Debt Issuance": null,
      "Investing Cash Flow": null,
      "Cash From Discontinued Investing Activities": null,
      "Cash Flow From Continuing Investing Activities": null,
      "Net Other Investing Changes": null,
      "Net Investment Purchase And Sale": null,
      "Net Business Purchase And Sale": null,
      "Sale Of Business": null,
      "Purchase Of Business": null,
      "Net Intangibles Purchase And Sale": -111000000.0,
      "Purchase Of Intangibles": -111000000.0,
      "Net PPE Purchase And Sale": null,
      "Sale Of PPE": null,
      "Purchase Of PPE": null,
      "Operating Cash Flow": null,
      "Cash From Discontinued Operating Activities": null,
      "Cash Flow From Continuing Operating Activities": null,
      "Taxes Refund Paid": null,
      "Change In Working Capital": null,
      "Change In Other Working Capital": null,
      "Change In Payables And Accrued Expense": null,
      "Change In Payable": null,
      "Change In Account Payable": null,
      "Change In Inventory": null,
      "Change In Receivables": null,
      "Changes In Account Receivables": null,
      "Other Non Cash Items": null,
      "Asset Impairment Charge": null,
      "Deferred Tax": null,
      "Deferred Income Tax": null,
      "Depreciation Amortization Depletion": null,
      "Depreciation And Amortization": null,
      "Amortization Cash Flow": null,
      "Amortization Of Intangibles": null,
      "Depreciation": null,
      "Operating Gains Losses": null,
      "Pension And Employee Benefit Expense": null,
      "Gain Loss On Investment Securities": null,
      "Gain Loss On Sale Of Business": -1632000000.0,
      "Net Income From Continuing Operations": null
    }
  },
  "earnings_estimate": {
    "avg": {
      "0q": 1.58739,
      "+1q": 1.80506,
      "0y": 7.42979,
      "+1y": 8.52756
    },
    "low": {
      "0q": 1.44315,
      "+1q": 1.67366,
      "0y": 7.27,
      "+1y": 8.07
    },
    "high": {
      "0q": 1.75,
      "+1q": 1.91,
      "0y": 7.74039,
      "+1y": 9.0606
    },
    "yearAgoEps": {
      "0q": 1.49,
      "+1q": 1.66,
      "0y": 6.37,
      "+1y": 7.42979
    },
    "numberOfAnalysts": {
      "0q": 14,
      "+1q": 14,
      "0y": 18,
      "+1y": 17
    },
    "growth": {
      "0q": 0.0654,
      "+1q": 0.0874,
      "0y": 0.1664,
      "+1y": 0.1478
    }
  },
  "revenue_estimate": {
    "avg": {
      "0q": 10619465140,
      "+1q": 11667729470,
      "0y": 48171394470,
      "+1y": 53088313710
    },
    "low": {
      "0q": 10396328740,
      "+1q": 11423000000,
      "0y": 47300000000,
      "+1y": 51689000000
    },
    "high": {
      "0q": 10776359160,
      "+1q": 11977000000,
      "0y": 49801000000,
      "+1y": 55586028620
    },
    "numberOfAnalysts": {
      "0q": 11,
      "+1q": 11,
      "0y": 14,
      "+1y": 13
    },
    "yearAgoRevenue": {
      "0q": 9001000000,
      "+1q": 10151000000,
      "0y": 42322000000,
      "+1y": 48171394470
    },
    "growth": {
      "0q": 0.17979999,
      "+1q": 0.1494,
      "0y": 0.1382,
      "+1y": 0.1021
    }
  },
  "growth_estimates": {
    "stockTrend": {
      "0q": 0.0654,
      "+1q": 0.0874,
      "0y": 0.1664,
      "+1y": 0.1478,
      "LTG": null
    },
    "indexTrend": {
      "0q": 0.1273,
      "+1q": 0.103599995,
      "0y": 0.14310001,
      "+1y": 0.1557,
      "LTG": 0.122
    }
  },
  "revenue_forecasts": null,
  "dividend_rate": 1.88,
  "trailing_dividend_rate": 1.44
}