{
  "ticker": "GLE.PA",
  "name": "Société Générale",
  "country": "france",
  "currency": "EUR",
  "last_fetched": "2026-02-26T20:44:01.244794",
  "market_cap": 56534986752,
  "revenue": 25777000448,
  "net_income": 5281999872,
  "pe_ratio": 11.073529,
  "forward_pe": 8.504698,
  "dividend_yield": 2.11,
  "profit_margin": 0.23284,
  "roe": 0.08839,
  "debt_to_equity": null,
  "beta": 0.942,
  "ev_to_ebitda": null,
  "sector": "Financial Services",
  "industry": "Banks - Regional",
  "summary": "Société Générale Société anonyme provides banking and financial services to individuals, corporates, and institutional clients in Europe and internationally. It operates through French Retail, Private Banking and Insurance; International Retail, Mobility and Leasing Services; and Global Banking and Investor Solutions. The company offers retail banking services, such as consumer credit, vehicle leasing and fleet management, online banking, wealth management, and equipment and vendor finance services; and insurance products, including home, vehicle, family, health, and mortgage insurance. It also provides corporate and investment banking, securities, clearing services, execution, prime brokerage, and custody services; and consumer finance, advisory and financing, and asset management and private banking services. The company was incorporated in 1864 and is headquartered in Paris, France.",
  "website": "https://www.societegenerale.com",
  "employees": 119000,
  "target_high": 96.0,
  "target_low": 46.0,
  "target_mean": 79.60389,
  "target_median": 82.385,
  "recommendation": "buy",
  "num_analysts": 18,
  "income_stmt": {
    "2025-12-31T00:00:00": {
      "Tax Effect Of Unusual Items": 6652800.0,
      "Tax Rate For Calcs": 0.2016,
      "Total Unusual Items": 33000000.0,
      "Total Unusual Items Excluding Goodwill": 33000000.0,
      "Net Income From Continuing Operation Net Minority Interest": 6002000000.0,
      "Reconciled Depreciation": 10287000000.0,
      "Net Interest Income": 10069000000.0,
      "Interest Expense": 33561000000.0,
      "Interest Income": 43630000000.0,
      "Normalized Income": 5975652800.0,
      "Net Income From Continuing And Discontinued Operation": 6002000000.0,
      "Diluted Average Shares": 776255365.0,
      "Basic Average Shares": 776255365.0,
      "Diluted EPS": 6.8,
      "Basic EPS": 6.8,
      "Diluted NI Availto Com Stockholders": 5282000000.0,
      "Net Income Common Stockholders": 5282000000.0,
      "Otherunder Preferred Stock Dividend": 720000000.0,
      "Net Income": 6002000000.0,
      "Minority Interests": -1030000000.0,
      "Net Income Including Noncontrolling Interests": 7032000000.0,
      "Net Income Continuous Operations": 7032000000.0,
      "Tax Provision": 1771000000.0,
      "Pretax Income": 8803000000.0,
      "Special Income Charges": null,
      "Other Special Charges": null,
      "Restructuring And Mergern Acquisition": null,
      "Gain On Sale Of Security": 1097000000.0,
      "Operating Expense": 42334000000.0,
      "Other Operating Expenses": 4818000000.0,
      "Depreciation And Amortization In Income Statement": 1597000000.0,
      "Depreciation Income Statement": 1597000000.0,
      "Selling General And Administration": 1216000000.0,
      "General And Administrative Expense": 1216000000.0,
      "Insurance And Claims": 1364000000.0,
      "Rent And Landing Fees": 22249000000.0,
      "Total Revenue": 52597000000.0,
      "Operating Revenue": 52597000000.0
    },
    "2024-12-31T00:00:00": {
      "Tax Effect Of Unusual Items": 9070600.0,
      "Tax Rate For Calcs": 0.2387,
      "Total Unusual Items": 38000000.0,
      "Total Unusual Items Excluding Goodwill": 38000000.0,
      "Net Income From Continuing Operation Net Minority Interest": 4200000000.0,
      "Reconciled Depreciation": 10086000000.0,
      "Net Interest Income": 9892000000.0,
      "Interest Expense": 45127000000.0,
      "Interest Income": 55019000000.0,
      "Normalized Income": 4171070600.0,
      "Net Income From Continuing And Discontinued Operation": 4200000000.0,
      "Diluted Average Shares": 795168649.0,
      "Basic Average Shares": 795168649.0,
      "Diluted EPS": 4.38,
      "Basic EPS": 4.38,
      "Diluted NI Availto Com Stockholders": 3480000000.0,
      "Net Income Common Stockholders": 3480000000.0,
      "Otherunder Preferred Stock Dividend": 720000000.0,
      "Net Income": 4200000000.0,
      "Minority Interests": -929000000.0,
      "Net Income Including Noncontrolling Interests": 5129000000.0,
      "Net Income Continuous Operations": 5129000000.0,
      "Tax Provision": 1601000000.0,
      "Pretax Income": 6730000000.0,
      "Special Income Charges": -613000000.0,
      "Other Special Charges": null,
      "Restructuring And Mergern Acquisition": 613000000.0,
      "Gain On Sale Of Security": 407000000.0,
      "Operating Expense": 44271000000.0,
      "Other Operating Expenses": 5722000000.0,
      "Depreciation And Amortization In Income Statement": 1651000000.0,
      "Depreciation Income Statement": 1651000000.0,
      "Selling General And Administration": 1250000000.0,
      "General And Administrative Expense": 1250000000.0,
      "Insurance And Claims": 1307000000.0,
      "Rent And Landing Fees": 22797000000.0,
      "Total Revenue": 52509000000.0,
      "Operating Revenue": 52509000000.0
    },
    "2023-12-31T00:00:00": {
      "Tax Effect Of Unusual Items": -312202000.0,
      "Tax Rate For Calcs": 0.3085,
      "Total Unusual Items": -1012000000.0,
      "Total Unusual Items Excluding Goodwill": -1012000000.0,
      "Net Income From Continuing Operation Net Minority Interest": 2493000000.0,
      "Reconciled Depreciation": 7710000000.0,
      "Net Interest Income": 10310000000.0,
      "Interest Expense": 42777000000.0,
      "Interest Income": 53087000000.0,
      "Normalized Income": 3530798000.0,
      "Net Income From Continuing And Discontinued Operation": 2493000000.0,
      "Diluted Average Shares": 799315070.0,
      "Basic Average Shares": 799315070.0,
      "Diluted EPS": 2.17,
      "Basic EPS": 2.17,
      "Diluted NI Availto Com Stockholders": 1735000000.0,
      "Net Income Common Stockholders": 1735000000.0,
      "Otherunder Preferred Stock Dividend": 758000000.0,
      "Net Income": 2493000000.0,
      "Minority Interests": -956000000.0,
      "Net Income Including Noncontrolling Interests": 3449000000.0,
      "Net Income Continuous Operations": 3449000000.0,
      "Tax Provision": 1679000000.0,
      "Pretax Income": 5128000000.0,
      "Special Income Charges": -1068000000.0,
      "Other Special Charges": 113000000.0,
      "Restructuring And Mergern Acquisition": 730000000.0,
      "Gain On Sale Of Security": 1442000000.0,
      "Operating Expense": 37162000000.0,
      "Other Operating Expenses": 494000000.0,
      "Depreciation And Amortization In Income Statement": 1675000000.0,
      "Depreciation Income Statement": 1675000000.0,
      "Selling General And Administration": 6887000000.0,
      "General And Administrative Expense": 6887000000.0,
      "Insurance And Claims": 1295000000.0,
      "Rent And Landing Fees": 16166000000.0,
      "Total Revenue": 44359000000.0,
      "Operating Revenue": 44359000000.0
    },
    "2022-12-31T00:00:00": {
      "Tax Effect Of Unusual Items": 24225900.0,
      "Tax Rate For Calcs": 0.3511,
      "Total Unusual Items": 69000000.0,
      "Total Unusual Items Excluding Goodwill": 69000000.0,
      "Net Income From Continuing Operation Net Minority Interest": 1825000000.0,
      "Reconciled Depreciation": 5342000000.0,
      "Net Interest Income": 12841000000.0,
      "Interest Expense": 17897000000.0,
      "Interest Income": 30738000000.0,
      "Normalized Income": 1780225900.0,
      "Net Income From Continuing And Discontinued Operation": 1825000000.0,
      "Diluted Average Shares": 822437425.0,
      "Basic Average Shares": 822437425.0,
      "Diluted EPS": 1.5,
      "Basic EPS": 1.5,
      "Diluted NI Availto Com Stockholders": 1229000000.0,
      "Net Income Common Stockholders": 1229000000.0,
      "Otherunder Preferred Stock Dividend": 596000000.0,
      "Net Income": 1825000000.0,
      "Minority Interests": -931000000.0,
      "Net Income Including Noncontrolling Interests": 2756000000.0,
      "Net Income Continuous Operations": 2756000000.0,
      "Tax Provision": 1483000000.0,
      "Pretax Income": 4239000000.0,
      "Special Income Charges": 0.0,
      "Other Special Charges": 3357000000.0,
      "Restructuring And Mergern Acquisition": 639000000.0,
      "Gain On Sale Of Security": -5598000000.0,
      "Operating Expense": 30225000000.0,
      "Other Operating Expenses": 6318000000.0,
      "Depreciation And Amortization In Income Statement": 1569000000.0,
      "Depreciation Income Statement": 1569000000.0,
      "Selling General And Administration": 1351000000.0,
      "General And Administrative Expense": 1351000000.0,
      "Insurance And Claims": 970000000.0,
      "Rent And Landing Fees": 9965000000.0,
      "Total Revenue": 36096000000.0,
      "Operating Revenue": 36096000000.0
    },
    "2021-12-31T00:00:00": {
      "Tax Effect Of Unusual Items": null,
      "Tax Rate For Calcs": null,
      "Total Unusual Items": null,
      "Total Unusual Items Excluding Goodwill": null,
      "Net Income From Continuing Operation Net Minority Interest": null,
      "Reconciled Depreciation": null,
      "Net Interest Income": null,
      "Interest Expense": null,
      "Interest Income": null,
      "Normalized Income": null,
      "Net Income From Continuing And Discontinued Operation": null,
      "Diluted Average Shares": null,
      "Basic Average Shares": null,
      "Diluted EPS": null,
      "Basic EPS": null,
      "Diluted NI Availto Com Stockholders": null,
      "Net Income Common Stockholders": null,
      "Otherunder Preferred Stock Dividend": null,
      "Net Income": null,
      "Minority Interests": null,
      "Net Income Including Noncontrolling Interests": null,
      "Net Income Continuous Operations": null,
      "Tax Provision": null,
      "Pretax Income": null,
      "Special Income Charges": 131000000.0,
      "Other Special Charges": -624000000.0,
      "Restructuring And Mergern Acquisition": 379000000.0,
      "Gain On Sale Of Security": null,
      "Operating Expense": null,
      "Other Operating Expenses": null,
      "Depreciation And Amortization In Income Statement": null,
      "Depreciation Income Statement": null,
      "Selling General And Administration": null,
      "General And Administrative Expense": null,
      "Insurance And Claims": null,
      "Rent And Landing Fees": null,
      "Total Revenue": null,
      "Operating Revenue": null
    }
  },
  "quarterly_income": {
    "2025-12-31T00:00:00": {
      "Tax Effect Of Unusual Items": -23135135.135135,
      "Tax Rate For Calcs": 0.160661,
      "Total Unusual Items": -144000000.0,
      "Total Unusual Items Excluding Goodwill": -144000000.0,
      "Net Income From Continuing Operation Net Minority Interest": 1420000000.0,
      "Normalized Income": 1540864864.864865,
      "Net Income From Continuing And Discontinued Operation": 1420000000.0,
      "Diluted Average Shares": null,
      "Basic Average Shares": null,
      "Diluted EPS": null,
      "Basic EPS": null,
      "Diluted NI Availto Com Stockholders": 1228000000.0,
      "Net Income Common Stockholders": 1228000000.0,
      "Otherunder Preferred Stock Dividend": 192000000.0,
      "Net Income": 1420000000.0,
      "Minority Interests": -243000000.0,
      "Net Income Including Noncontrolling Interests": 1663000000.0,
      "Net Income Continuous Operations": 1663000000.0,
      "Tax Provision": 321000000.0,
      "Pretax Income": 1998000000.0,
      "Special Income Charges": null,
      "Other Special Charges": null,
      "Restructuring And Mergern Acquisition": null,
      "Operating Expense": 29501000000.0,
      "Other Operating Expenses": -8015000000.0,
      "Total Revenue": 32068000000.0,
      "Operating Revenue": 32068000000.0
    },
    "2025-06-30T00:00:00": {
      "Tax Effect Of Unusual Items": -25082304.526749,
      "Tax Rate For Calcs": 0.218107,
      "Total Unusual Items": -115000000.0,
      "Total Unusual Items Excluding Goodwill": -115000000.0,
      "Net Income From Continuing Operation Net Minority Interest": 1453000000.0,
      "Normalized Income": 1542917695.473251,
      "Net Income From Continuing And Discontinued Operation": 1453000000.0,
      "Diluted Average Shares": null,
      "Basic Average Shares": null,
      "Diluted EPS": null,
      "Basic EPS": null,
      "Diluted NI Availto Com Stockholders": 1254000000.0,
      "Net Income Common Stockholders": 1254000000.0,
      "Otherunder Preferred Stock Dividend": 199000000.0,
      "Net Income": 1453000000.0,
      "Minority Interests": -249000000.0,
      "Net Income Including Noncontrolling Interests": 1702000000.0,
      "Net Income Continuous Operations": 1702000000.0,
      "Tax Provision": 477000000.0,
      "Pretax Income": 2187000000.0,
      "Special Income Charges": null,
      "Other Special Charges": null,
      "Restructuring And Mergern Acquisition": null,
      "Operating Expense": 17768000000.0,
      "Other Operating Expenses": -1765000000.0,
      "Total Revenue": 20431000000.0,
      "Operating Revenue": 20431000000.0
    },
    "2025-03-31T00:00:00": {
      "Tax Effect Of Unusual Items": 26837826.273,
      "Tax Rate For Calcs": 0.209671,
      "Total Unusual Items": 128000000.0,
      "Total Unusual Items Excluding Goodwill": 128000000.0,
      "Net Income From Continuing Operation Net Minority Interest": 1608000000.0,
      "Normalized Income": 1506837826.273,
      "Net Income From Continuing And Discontinued Operation": 1608000000.0,
      "Diluted Average Shares": 790085000.0,
      "Basic Average Shares": 790085000.0,
      "Diluted EPS": 1.8,
      "Basic EPS": 1.8,
      "Diluted NI Availto Com Stockholders": 1420000000.0,
      "Net Income Common Stockholders": 1420000000.0,
      "Otherunder Preferred Stock Dividend": 188000000.0,
      "Net Income": 1608000000.0,
      "Minority Interests": -247000000.0,
      "Net Income Including Noncontrolling Interests": 1855000000.0,
      "Net Income Continuous Operations": 1855000000.0,
      "Tax Provision": 490000000.0,
      "Pretax Income": 2337000000.0,
      "Special Income Charges": 128000000.0,
      "Other Special Charges": -202000000.0,
      "Restructuring And Mergern Acquisition": 74000000.0,
      "Operating Expense": 4530000000.0,
      "Other Operating Expenses": 4530000000.0,
      "Total Revenue": 7083000000.0,
      "Operating Revenue": 7083000000.0
    },
    "2024-12-31T00:00:00": {
      "Tax Effect Of Unusual Items": -8994114.184815,
      "Tax Rate For Calcs": 0.243084,
      "Total Unusual Items": -37000000.0,
      "Total Unusual Items Excluding Goodwill": -37000000.0,
      "Net Income From Continuing Operation Net Minority Interest": 1040000000.0,
      "Normalized Income": 1068005885.815185,
      "Net Income From Continuing And Discontinued Operation": 1040000000.0,
      "Diluted Average Shares": null,
      "Basic Average Shares": null,
      "Diluted EPS": null,
      "Basic EPS": null,
      "Diluted NI Availto Com Stockholders": 842000000.0,
      "Net Income Common Stockholders": 842000000.0,
      "Otherunder Preferred Stock Dividend": 198000000.0,
      "Net Income": 1040000000.0,
      "Minority Interests": -233000000.0,
      "Net Income Including Noncontrolling Interests": 1273000000.0,
      "Net Income Continuous Operations": 1273000000.0,
      "Tax Provision": 413000000.0,
      "Pretax Income": 1699000000.0,
      "Special Income Charges": -75000000.0,
      "Other Special Charges": null,
      "Restructuring And Mergern Acquisition": 75000000.0,
      "Operating Expense": 30318000000.0,
      "Other Operating Expenses": -12499000000.0,
      "Total Revenue": 32409000000.0,
      "Operating Revenue": 32409000000.0
    },
    "2024-09-30T00:00:00": {
      "Tax Effect Of Unusual Items": 61934117.647059,
      "Tax Rate For Calcs": 0.251765,
      "Total Unusual Items": 246000000.0,
      "Total Unusual Items Excluding Goodwill": 246000000.0,
      "Net Income From Continuing Operation Net Minority Interest": 1367000000.0,
      "Normalized Income": 1182934117.647059,
      "Net Income From Continuing And Discontinued Operation": 1367000000.0,
      "Diluted Average Shares": 796497939.0,
      "Basic Average Shares": 796497939.0,
      "Diluted EPS": 1.716263,
      "Basic EPS": 1.716263,
      "Diluted NI Availto Com Stockholders": 1367000000.0,
      "Net Income Common Stockholders": 1367000000.0,
      "Otherunder Preferred Stock Dividend": null,
      "Net Income": 1367000000.0,
      "Minority Interests": -224000000.0,
      "Net Income Including Noncontrolling Interests": 1591000000.0,
      "Net Income Continuous Operations": 1591000000.0,
      "Tax Provision": 535000000.0,
      "Pretax Income": 2125000000.0,
      "Special Income Charges": 246000000.0,
      "Other Special Charges": null,
      "Restructuring And Mergern Acquisition": 62000000.0,
      "Operating Expense": 4265000000.0,
      "Other Operating Expenses": 4265000000.0,
      "Total Revenue": 6550000000.0,
      "Operating Revenue": 6550000000.0
    },
    "2024-06-30T00:00:00": {
      "Tax Effect Of Unusual Items": null,
      "Tax Rate For Calcs": null,
      "Total Unusual Items": null,
      "Total Unusual Items Excluding Goodwill": null,
      "Net Income From Continuing Operation Net Minority Interest": null,
      "Normalized Income": null,
      "Net Income From Continuing And Discontinued Operation": null,
      "Diluted Average Shares": null,
      "Basic Average Shares": null,
      "Diluted EPS": null,
      "Basic EPS": null,
      "Diluted NI Availto Com Stockholders": null,
      "Net Income Common Stockholders": null,
      "Otherunder Preferred Stock Dividend": 190000000.0,
      "Net Income": null,
      "Minority Interests": null,
      "Net Income Including Noncontrolling Interests": null,
      "Net Income Continuous Operations": null,
      "Tax Provision": null,
      "Pretax Income": null,
      "Special Income Charges": 610000000.0,
      "Other Special Charges": null,
      "Restructuring And Mergern Acquisition": null,
      "Operating Expense": null,
      "Other Operating Expenses": null,
      "Total Revenue": null,
      "Operating Revenue": null
    }
  },
  "balance_sheet": {
    "2025-12-31T00:00:00": {
      "Treasury Shares Number": 9171571.0,
      "Ordinary Shares Number": 757723215.0,
      "Share Issued": 766894786.0,
      "Total Debt": 167072000000.0,
      "Tangible Book Value": 61893000000.0,
      "Invested Capital": 235249000000.0,
      "Net Tangible Assets": 61893000000.0,
      "Common Stock Equity": 70144000000.0,
      "Total Capitalization": 235249000000.0,
      "Total Equity Gross Minority Interest": 79527000000.0,
      "Minority Interest": 9383000000.0,
      "Stockholders Equity": 70144000000.0,
      "Other Equity Interest": 9043000000.0,
      "Treasury Stock": 722000000.0,
      "Retained Earnings": 41864000000.0,
      "Additional Paid In Capital": 19000000000.0,
      "Capital Stock": 959000000.0,
      "Common Stock": 959000000.0,
      "Total Liabilities Net Minority Interest": 1467114000000.0,
      "Derivative Product Liabilities": 107613000000.0,
      "Long Term Debt And Capital Lease Obligation": 167072000000.0,
      "Payables": 30092000000.0,
      "Other Payable": 28795000000.0,
      "Total Tax Payable": 1297000000.0,
      "Accounts Payable": null,
      "Total Assets": 1546641000000.0,
      "Investments And Advances": 557200000000.0,
      "Investmentin Financial Assets": 556767000000.0,
      "Available For Sale Securities": 151744000000.0,
      "Financial Assets Designatedas Fair Value Through Profitor Loss Total": 128274000000.0,
      "Trading Securities": 174037000000.0,
      "Long Term Equity Investment": 433000000.0,
      "Investmentsin Associatesat Cost": null,
      "Investment Properties": 671000000.0,
      "Goodwill And Other Intangible Assets": 8251000000.0,
      "Other Intangible Assets": 3168000000.0,
      "Goodwill": 5083000000.0,
      "Net PPE": 56659000000.0,
      "Accumulated Depreciation": -26665000000.0,
      "Gross PPE": 83324000000.0,
      "Other Properties": 83324000000.0,
      "Prepaid Assets": 1858000000.0,
      "Receivables": 16588000000.0,
      "Taxes Receivable": 1385000000.0,
      "Cash And Cash Equivalents": 195136000000.0,
      "Cash Financial": 133322000000.0,
      "Cash Cash Equivalents And Federal Funds Sold": 377072000000.0
    },
    "2024-12-31T00:00:00": {
      "Treasury Shares Number": 3818838.0,
      "Ordinary Shares Number": 796497939.0,
      "Share Issued": 800316777.0,
      "Total Debt": 183093000000.0,
      "Tangible Book Value": 61777000000.0,
      "Invested Capital": 251346000000.0,
      "Net Tangible Assets": 61777000000.0,
      "Common Stock Equity": 70256000000.0,
      "Total Capitalization": 251346000000.0,
      "Total Equity Gross Minority Interest": 79588000000.0,
      "Minority Interest": 9332000000.0,
      "Stockholders Equity": 70256000000.0,
      "Other Equity Interest": 10912000000.0,
      "Treasury Stock": 111000000.0,
      "Retained Earnings": 38063000000.0,
      "Additional Paid In Capital": 20392000000.0,
      "Capital Stock": 1000000000.0,
      "Common Stock": 1000000000.0,
      "Total Liabilities Net Minority Interest": 1493957000000.0,
      "Derivative Product Liabilities": 113376000000.0,
      "Long Term Debt And Capital Lease Obligation": 183093000000.0,
      "Payables": 29071000000.0,
      "Other Payable": 28142000000.0,
      "Total Tax Payable": 929000000.0,
      "Accounts Payable": null,
      "Total Assets": 1573545000000.0,
      "Investments And Advances": 493764000000.0,
      "Investmentin Financial Assets": 493366000000.0,
      "Available For Sale Securities": 128518000000.0,
      "Financial Assets Designatedas Fair Value Through Profitor Loss Total": 121153000000.0,
      "Trading Securities": 138221000000.0,
      "Long Term Equity Investment": 398000000.0,
      "Investmentsin Associatesat Cost": null,
      "Investment Properties": 709000000.0,
      "Goodwill And Other Intangible Assets": 8479000000.0,
      "Other Intangible Assets": 3393000000.0,
      "Goodwill": 5086000000.0,
      "Net PPE": 57307000000.0,
      "Accumulated Depreciation": -25876000000.0,
      "Gross PPE": 83183000000.0,
      "Other Properties": 83183000000.0,
      "Prepaid Assets": 1792000000.0,
      "Receivables": 13890000000.0,
      "Taxes Receivable": 4687000000.0,
      "Cash And Cash Equivalents": 273125000000.0,
      "Cash Financial": 201680000000.0,
      "Cash Cash Equivalents And Federal Funds Sold": 451391000000.0
    },
    "2023-12-31T00:00:00": {
      "Treasury Shares Number": 6736010.0,
      "Ordinary Shares Number": 796243932.0,
      "Share Issued": 802979942.0,
      "Total Debt": 181131000000.0,
      "Tangible Book Value": 57464000000.0,
      "Invested Capital": 245041000000.0,
      "Net Tangible Assets": 57464000000.0,
      "Common Stock Equity": 65975000000.0,
      "Total Capitalization": 245041000000.0,
      "Total Equity Gross Minority Interest": 76247000000.0,
      "Minority Interest": 10272000000.0,
      "Stockholders Equity": 65975000000.0,
      "Other Equity Interest": 9405000000.0,
      "Treasury Stock": 230000000.0,
      "Retained Earnings": 35384000000.0,
      "Additional Paid In Capital": 20412000000.0,
      "Capital Stock": 1004000000.0,
      "Common Stock": 1004000000.0,
      "Total Liabilities Net Minority Interest": 1477798000000.0,
      "Derivative Product Liabilities": 98903000000.0,
      "Long Term Debt And Capital Lease Obligation": 181131000000.0,
      "Payables": 34054000000.0,
      "Other Payable": 33121000000.0,
      "Total Tax Payable": 933000000.0,
      "Accounts Payable": null,
      "Total Assets": 1554045000000.0,
      "Investments And Advances": 438061000000.0,
      "Investmentin Financial Assets": 437834000000.0,
      "Available For Sale Securities": 118828000000.0,
      "Financial Assets Designatedas Fair Value Through Profitor Loss Total": 114444000000.0,
      "Trading Securities": 111121000000.0,
      "Long Term Equity Investment": 227000000.0,
      "Investmentsin Associatesat Cost": null,
      "Investment Properties": 742000000.0,
      "Goodwill And Other Intangible Assets": 8511000000.0,
      "Other Intangible Assets": 3562000000.0,
      "Goodwill": 4949000000.0,
      "Net PPE": 56410000000.0,
      "Accumulated Depreciation": -25800000000.0,
      "Gross PPE": 82210000000.0,
      "Other Properties": 82210000000.0,
      "Prepaid Assets": 1680000000.0,
      "Receivables": 13895000000.0,
      "Taxes Receivable": 4717000000.0,
      "Cash And Cash Equivalents": 287598000000.0,
      "Cash Financial": 223048000000.0,
      "Cash Cash Equivalents And Federal Funds Sold": 480706000000.0
    },
    "2022-12-31T00:00:00": {
      "Treasury Shares Number": 50082406.0,
      "Ordinary Shares Number": 799801372.0,
      "Share Issued": 849883778.0,
      "Total Debt": 154799000000.0,
      "Tangible Book Value": 60315000000.0,
      "Invested Capital": 219665000000.0,
      "Net Tangible Assets": 60315000000.0,
      "Common Stock Equity": 66970000000.0,
      "Total Capitalization": 219665000000.0,
      "Total Equity Gross Minority Interest": 73326000000.0,
      "Minority Interest": 6356000000.0,
      "Stockholders Equity": 66970000000.0,
      "Other Equity Interest": 10081000000.0,
      "Treasury Stock": 1191000000.0,
      "Retained Earnings": 35641000000.0,
      "Additional Paid In Capital": 21377000000.0,
      "Capital Stock": 1062000000.0,
      "Common Stock": 1062000000.0,
      "Total Liabilities Net Minority Interest": 1411574000000.0,
      "Derivative Product Liabilities": 102933000000.0,
      "Long Term Debt And Capital Lease Obligation": 154799000000.0,
      "Payables": 25584000000.0,
      "Other Payable": 24849000000.0,
      "Total Tax Payable": 735000000.0,
      "Accounts Payable": null,
      "Total Assets": 1484900000000.0,
      "Investments And Advances": 426202000000.0,
      "Investmentin Financial Assets": 426056000000.0,
      "Available For Sale Securities": 119078000000.0,
      "Financial Assets Designatedas Fair Value Through Profitor Loss Total": 99718000000.0,
      "Trading Securities": 100426000000.0,
      "Long Term Equity Investment": 146000000.0,
      "Investmentsin Associatesat Cost": null,
      "Investment Properties": 888000000.0,
      "Goodwill And Other Intangible Assets": 6655000000.0,
      "Other Intangible Assets": 2874000000.0,
      "Goodwill": 3781000000.0,
      "Net PPE": 30196000000.0,
      "Accumulated Depreciation": -16989000000.0,
      "Gross PPE": 47185000000.0,
      "Other Properties": 47185000000.0,
      "Prepaid Assets": 1387000000.0,
      "Receivables": 9507000000.0,
      "Taxes Receivable": 4484000000.0,
      "Cash And Cash Equivalents": 289834000000.0,
      "Cash Financial": 207013000000.0,
      "Cash Cash Equivalents And Federal Funds Sold": 440414000000.0
    },
    "2021-12-31T00:00:00": {
      "Treasury Shares Number": null,
      "Ordinary Shares Number": null,
      "Share Issued": null,
      "Total Debt": null,
      "Tangible Book Value": null,
      "Invested Capital": null,
      "Net Tangible Assets": null,
      "Common Stock Equity": null,
      "Total Capitalization": null,
      "Total Equity Gross Minority Interest": null,
      "Minority Interest": null,
      "Stockholders Equity": null,
      "Other Equity Interest": null,
      "Treasury Stock": null,
      "Retained Earnings": null,
      "Additional Paid In Capital": null,
      "Capital Stock": null,
      "Common Stock": null,
      "Total Liabilities Net Minority Interest": null,
      "Derivative Product Liabilities": null,
      "Long Term Debt And Capital Lease Obligation": null,
      "Payables": null,
      "Other Payable": null,
      "Total Tax Payable": null,
      "Accounts Payable": 261000000.0,
      "Total Assets": null,
      "Investments And Advances": null,
      "Investmentin Financial Assets": null,
      "Available For Sale Securities": null,
      "Financial Assets Designatedas Fair Value Through Profitor Loss Total": null,
      "Trading Securities": null,
      "Long Term Equity Investment": null,
      "Investmentsin Associatesat Cost": 95000000.0,
      "Investment Properties": null,
      "Goodwill And Other Intangible Assets": null,
      "Other Intangible Assets": null,
      "Goodwill": null,
      "Net PPE": null,
      "Accumulated Depreciation": null,
      "Gross PPE": null,
      "Other Properties": null,
      "Prepaid Assets": null,
      "Receivables": null,
      "Taxes Receivable": null,
      "Cash And Cash Equivalents": null,
      "Cash Financial": null,
      "Cash Cash Equivalents And Federal Funds Sold": null
    }
  },
  "cashflow": {
    "2025-12-31T00:00:00": {
      "Free Cash Flow": -29009000000.0,
      "Capital Expenditure": -9361000000.0,
      "End Cash Position": 153327000000.0,
      "Other Cash Adjustment Outside Changein Cash": 1000000.0,
      "Beginning Cash Position": 219119000000.0,
      "Effect Of Exchange Rate Changes": -9147000000.0,
      "Changes In Cash": -56646000000.0,
      "Financing Cash Flow": -8560000000.0,
      "Net Other Financing Charges": -3782000000.0,
      "Net Common Stock Issuance": -4778000000.0,
      "Investing Cash Flow": -28438000000.0,
      "Net Investment Purchase And Sale": -19077000000.0,
      "Net PPE Purchase And Sale": -9361000000.0,
      "Operating Cash Flow": -19648000000.0,
      "Change In Working Capital": -39951000000.0,
      "Change In Other Current Assets": -66615000000.0,
      "Other Non Cash Items": 2948000000.0,
      "Provisionand Write Offof Assets": 201000000.0,
      "Deferred Tax": 73000000.0,
      "Depreciation And Amortization": 10287000000.0,
      "Depreciation": 10287000000.0,
      "Gain Loss On Sale Of PPE": -220000000.0,
      "Net Income From Continuing Operations": 7032000000.0
    },
    "2024-12-31T00:00:00": {
      "Free Cash Flow": -21531000000.0,
      "Capital Expenditure": -11433000000.0,
      "End Cash Position": 219119000000.0,
      "Other Cash Adjustment Outside Changein Cash": null,
      "Beginning Cash Position": 241997000000.0,
      "Effect Of Exchange Rate Changes": 2236000000.0,
      "Changes In Cash": -25114000000.0,
      "Financing Cash Flow": -1273000000.0,
      "Net Other Financing Charges": 155000000.0,
      "Net Common Stock Issuance": -1428000000.0,
      "Investing Cash Flow": -13743000000.0,
      "Net Investment Purchase And Sale": -2310000000.0,
      "Net PPE Purchase And Sale": -11433000000.0,
      "Operating Cash Flow": -10098000000.0,
      "Change In Working Capital": -26504000000.0,
      "Change In Other Current Assets": -19758000000.0,
      "Other Non Cash Items": 1700000000.0,
      "Provisionand Write Offof Assets": -492000000.0,
      "Deferred Tax": 143000000.0,
      "Depreciation And Amortization": 10086000000.0,
      "Depreciation": 10086000000.0,
      "Gain Loss On Sale Of PPE": -139000000.0,
      "Net Income From Continuing Operations": 5129000000.0
    },
    "2023-12-31T00:00:00": {
      "Free Cash Flow": 25556000000.0,
      "Capital Expenditure": -11867000000.0,
      "End Cash Position": 241997000000.0,
      "Other Cash Adjustment Outside Changein Cash": null,
      "Beginning Cash Position": 222869000000.0,
      "Effect Of Exchange Rate Changes": -2320000000.0,
      "Changes In Cash": 21448000000.0,
      "Financing Cash Flow": -3902000000.0,
      "Net Other Financing Charges": 26000000.0,
      "Net Common Stock Issuance": -3928000000.0,
      "Investing Cash Flow": -12073000000.0,
      "Net Investment Purchase And Sale": -206000000.0,
      "Net PPE Purchase And Sale": -11867000000.0,
      "Operating Cash Flow": 37423000000.0,
      "Change In Working Capital": 21778000000.0,
      "Change In Other Current Assets": 16555000000.0,
      "Other Non Cash Items": 4748000000.0,
      "Provisionand Write Offof Assets": -346000000.0,
      "Deferred Tax": 209000000.0,
      "Depreciation And Amortization": 7710000000.0,
      "Depreciation": 7710000000.0,
      "Gain Loss On Sale Of PPE": -101000000.0,
      "Net Income From Continuing Operations": 3449000000.0
    },
    "2022-12-31T00:00:00": {
      "Free Cash Flow": 29502000000.0,
      "Capital Expenditure": -9579000000.0,
      "End Cash Position": 222869000000.0,
      "Other Cash Adjustment Outside Changein Cash": null,
      "Beginning Cash Position": 190649000000.0,
      "Effect Of Exchange Rate Changes": 2354000000.0,
      "Changes In Cash": 29866000000.0,
      "Financing Cash Flow": -214000000.0,
      "Net Other Financing Charges": 498000000.0,
      "Net Common Stock Issuance": -712000000.0,
      "Investing Cash Flow": -9001000000.0,
      "Net Investment Purchase And Sale": 578000000.0,
      "Net PPE Purchase And Sale": -9579000000.0,
      "Operating Cash Flow": 39081000000.0,
      "Change In Working Capital": 25607000000.0,
      "Change In Other Current Assets": 22031000000.0,
      "Other Non Cash Items": 5368000000.0,
      "Provisionand Write Offof Assets": -18000000.0,
      "Deferred Tax": 209000000.0,
      "Depreciation And Amortization": 5342000000.0,
      "Depreciation": 5342000000.0,
      "Gain Loss On Sale Of PPE": -168000000.0,
      "Net Income From Continuing Operations": 2756000000.0
    }
  },
  "earnings_estimate": {
    "avg": {
      "0q": 1.955,
      "+1q": 2.0,
      "0y": 7.65485,
      "+1y": 8.85393
    },
    "low": {
      "0q": 1.93,
      "+1q": 1.94,
      "0y": 7.4,
      "+1y": 8.06
    },
    "high": {
      "0q": 1.98,
      "+1q": 2.06,
      "0y": 7.87,
      "+1y": 9.34
    },
    "yearAgoEps": {
      "0q": 1.8,
      "+1q": 1.6,
      "0y": 6.8,
      "+1y": 7.65485
    },
    "numberOfAnalysts": {
      "0q": 2,
      "+1q": 2,
      "0y": 14,
      "+1y": 15
    },
    "growth": {
      "0q": 0.0861,
      "+1q": 0.25,
      "0y": 0.1257,
      "+1y": 0.1566
    }
  },
  "revenue_estimate": {
    "avg": {
      "0q": 7190363700,
      "+1q": 7037691810,
      "0y": 27981730160,
      "+1y": 29011214900
    },
    "low": {
      "0q": 7155111580,
      "+1q": 6929720600,
      "0y": 27548323720,
      "+1y": 28489591720
    },
    "high": {
      "0q": 7232455000,
      "+1q": 7160157840,
      "0y": 28206841380,
      "+1y": 29522000000
    },
    "numberOfAnalysts": {
      "0q": 3,
      "+1q": 3,
      "0y": 13,
      "+1y": 14
    },
    "yearAgoRevenue": {
      "0q": 7083000000,
      "+1q": 6791000000,
      "0y": 27254000000,
      "+1y": 27981730160
    },
    "growth": {
      "0q": 0.0152,
      "+1q": 0.0363,
      "0y": 0.026700001,
      "+1y": 0.0368
    }
  },
  "growth_estimates": {
    "stockTrend": {
      "0q": 0.0861,
      "+1q": 0.25,
      "0y": 0.1257,
      "+1y": 0.1566,
      "LTG": null
    },
    "indexTrend": {
      "0q": 0.1273,
      "+1q": 0.103599995,
      "0y": 0.14310001,
      "+1y": 0.1557,
      "LTG": 0.122
    }
  },
  "revenue_forecasts": null,
  "dividend_rate": 1.61,
  "trailing_dividend_rate": 1.61
}