{
  "ticker": "GOOGL",
  "name": "Alphabet",
  "country": "usa",
  "currency": "USD",
  "last_fetched": "2026-02-26T20:44:38.086783",
  "market_cap": 3722973020160,
  "revenue": 402835996672,
  "net_income": 132169998336,
  "pe_ratio": 28.496296,
  "forward_pe": 22.938047,
  "dividend_yield": 0.27,
  "profit_margin": 0.32810003,
  "roe": 0.35705003,
  "debt_to_equity": 16.133,
  "beta": 1.086,
  "ev_to_ebitda": 24.806,
  "sector": "Communication Services",
  "industry": "Internet Content & Information",
  "summary": "Alphabet Inc. offers various products and platforms in the United States, Europe, the Middle East, Africa, the Asia-Pacific, Canada, and Latin America. It operates through Google Services, Google Cloud, and Other Bets segments. The Google Services segment provides products and services, including ads, Android, Chrome, devices, Gmail, Google Drive, Google Maps, Google Photos, Google Play, Search, and YouTube. It is also involved in the sale of apps and in-app purchases and digital content in Google Play and YouTube; and devices, as well as the provision of YouTube consumer subscription services, such as YouTube TV, YouTube Music and Premium, NFL Sunday Ticket, and Google One. The Google Cloud segment offers consumption-based fees and subscriptions for AI solutions, including AI infrastructure, Vertex AI platform, and Gemini enterprise. It also provides cybersecurity, and data and analytics services; Google Workspace that include cloud-based communication and collaboration tools for enterprises, such as Calendar, Gmail, Docs, Drive, and Meet; and other enterprise services. The Other Bets segment sells transportation and internet services. Alphabet Inc. was incorporated in 1998 and is headquartered in Mountain View, California.",
  "website": "https://abc.xyz",
  "employees": 190820,
  "target_high": 443.0,
  "target_low": 185.0,
  "target_mean": 376.86,
  "target_median": 387.5,
  "recommendation": "strong_buy",
  "num_analysts": 56,
  "income_stmt": {
    "2025-12-31T00:00:00": {
      "Tax Effect Of Unusual Items": 4119192000.0,
      "Tax Rate For Calcs": 0.168,
      "Normalized EBITDA": 156179000000.0,
      "Total Unusual Items": 24519000000.0,
      "Total Unusual Items Excluding Goodwill": 24519000000.0,
      "Net Income From Continuing Operation Net Minority Interest": 132170000000.0,
      "Reconciled Depreciation": 21136000000.0,
      "Reconciled Cost Of Revenue": 162535000000.0,
      "EBITDA": 180698000000.0,
      "EBIT": 159562000000.0,
      "Net Interest Income": 3601000000.0,
      "Interest Expense": 736000000.0,
      "Interest Income": 4337000000.0,
      "Normalized Income": 111770192000.0,
      "Net Income From Continuing And Discontinued Operation": 132170000000.0,
      "Total Expenses": 273797000000.0,
      "Total Operating Income As Reported": 129039000000.0,
      "Diluted Average Shares": 12230000000.0,
      "Basic Average Shares": 12116000000.0,
      "Diluted EPS": 10.81,
      "Basic EPS": 10.91,
      "Diluted NI Availto Com Stockholders": 132170000000.0,
      "Net Income Common Stockholders": 132170000000.0,
      "Net Income": 132170000000.0,
      "Net Income Including Noncontrolling Interests": 132170000000.0,
      "Net Income Continuous Operations": 132170000000.0,
      "Tax Provision": 26656000000.0,
      "Pretax Income": 158826000000.0,
      "Other Income Expense": 26186000000.0,
      "Other Non Operating Income Expenses": 1667000000.0,
      "Special Income Charges": 281000000.0,
      "Write Off": -281000000.0,
      "Earnings From Equity Interest": null,
      "Gain On Sale Of Security": 24238000000.0,
      "Net Non Operating Interest Income Expense": 3601000000.0,
      "Interest Expense Non Operating": 736000000.0,
      "Interest Income Non Operating": 4337000000.0,
      "Operating Income": 129039000000.0,
      "Operating Expense": 111262000000.0,
      "Research And Development": 61087000000.0,
      "Selling General And Administration": 50175000000.0,
      "Selling And Marketing Expense": 28693000000.0,
      "General And Administrative Expense": 21482000000.0,
      "Other Gand A": 21482000000.0,
      "Gross Profit": 240301000000.0,
      "Cost Of Revenue": 162535000000.0,
      "Total Revenue": 402836000000.0,
      "Operating Revenue": 402836000000.0
    },
    "2024-12-31T00:00:00": {
      "Tax Effect Of Unusual Items": 340136000.0,
      "Tax Rate For Calcs": 0.164,
      "Normalized EBITDA": 133320000000.0,
      "Total Unusual Items": 2074000000.0,
      "Total Unusual Items Excluding Goodwill": 2074000000.0,
      "Net Income From Continuing Operation Net Minority Interest": 100118000000.0,
      "Reconciled Depreciation": 15311000000.0,
      "Reconciled Cost Of Revenue": 146306000000.0,
      "EBITDA": 135394000000.0,
      "EBIT": 120083000000.0,
      "Net Interest Income": 4214000000.0,
      "Interest Expense": 268000000.0,
      "Interest Income": 4482000000.0,
      "Normalized Income": 98384136000.0,
      "Net Income From Continuing And Discontinued Operation": 100118000000.0,
      "Total Expenses": 237628000000.0,
      "Total Operating Income As Reported": 112390000000.0,
      "Diluted Average Shares": 12447000000.0,
      "Basic Average Shares": 12319000000.0,
      "Diluted EPS": 8.04,
      "Basic EPS": 8.13,
      "Diluted NI Availto Com Stockholders": 100118000000.0,
      "Net Income Common Stockholders": 100118000000.0,
      "Net Income": 100118000000.0,
      "Net Income Including Noncontrolling Interests": 100118000000.0,
      "Net Income Continuous Operations": 100118000000.0,
      "Tax Provision": 19697000000.0,
      "Pretax Income": 119815000000.0,
      "Other Income Expense": 3211000000.0,
      "Other Non Operating Income Expenses": 1137000000.0,
      "Special Income Charges": -188000000.0,
      "Write Off": 188000000.0,
      "Earnings From Equity Interest": -188000000.0,
      "Gain On Sale Of Security": 2262000000.0,
      "Net Non Operating Interest Income Expense": 4214000000.0,
      "Interest Expense Non Operating": 268000000.0,
      "Interest Income Non Operating": 4482000000.0,
      "Operating Income": 112390000000.0,
      "Operating Expense": 91322000000.0,
      "Research And Development": 49326000000.0,
      "Selling General And Administration": 41996000000.0,
      "Selling And Marketing Expense": 27808000000.0,
      "General And Administrative Expense": 14188000000.0,
      "Other Gand A": 14188000000.0,
      "Gross Profit": 203712000000.0,
      "Cost Of Revenue": 146306000000.0,
      "Total Revenue": 350018000000.0,
      "Operating Revenue": 350018000000.0
    },
    "2023-12-31T00:00:00": {
      "Tax Effect Of Unusual Items": -373771000.0,
      "Tax Rate For Calcs": 0.139,
      "Normalized EBITDA": 100660000000.0,
      "Total Unusual Items": -2689000000.0,
      "Total Unusual Items Excluding Goodwill": -2689000000.0,
      "Net Income From Continuing Operation Net Minority Interest": 73795000000.0,
      "Reconciled Depreciation": 11946000000.0,
      "Reconciled Cost Of Revenue": 133332000000.0,
      "EBITDA": 97971000000.0,
      "EBIT": 86025000000.0,
      "Net Interest Income": 3557000000.0,
      "Interest Expense": 308000000.0,
      "Interest Income": 3865000000.0,
      "Normalized Income": 76110229000.0,
      "Net Income From Continuing And Discontinued Operation": 73795000000.0,
      "Total Expenses": 223101000000.0,
      "Total Operating Income As Reported": 84293000000.0,
      "Diluted Average Shares": 12722000000.0,
      "Basic Average Shares": 12630000000.0,
      "Diluted EPS": 5.8,
      "Basic EPS": 5.84,
      "Diluted NI Availto Com Stockholders": 73795000000.0,
      "Net Income Common Stockholders": 73795000000.0,
      "Net Income": 73795000000.0,
      "Net Income Including Noncontrolling Interests": 73795000000.0,
      "Net Income Continuous Operations": 73795000000.0,
      "Tax Provision": 11922000000.0,
      "Pretax Income": 85717000000.0,
      "Other Income Expense": -2133000000.0,
      "Other Non Operating Income Expenses": 556000000.0,
      "Special Income Charges": -628000000.0,
      "Write Off": 628000000.0,
      "Earnings From Equity Interest": -628000000.0,
      "Gain On Sale Of Security": -2061000000.0,
      "Net Non Operating Interest Income Expense": 3557000000.0,
      "Interest Expense Non Operating": 308000000.0,
      "Interest Income Non Operating": 3865000000.0,
      "Operating Income": 84293000000.0,
      "Operating Expense": 89769000000.0,
      "Research And Development": 45427000000.0,
      "Selling General And Administration": 44342000000.0,
      "Selling And Marketing Expense": 27917000000.0,
      "General And Administrative Expense": 16425000000.0,
      "Other Gand A": 16425000000.0,
      "Gross Profit": 174062000000.0,
      "Cost Of Revenue": 133332000000.0,
      "Total Revenue": 307394000000.0,
      "Operating Revenue": 307394000000.0
    },
    "2022-12-31T00:00:00": {
      "Tax Effect Of Unusual Items": -1035090000.0,
      "Tax Rate For Calcs": 0.159,
      "Normalized EBITDA": 91670000000.0,
      "Total Unusual Items": -6510000000.0,
      "Total Unusual Items Excluding Goodwill": -6510000000.0,
      "Net Income From Continuing Operation Net Minority Interest": 59972000000.0,
      "Reconciled Depreciation": 13475000000.0,
      "Reconciled Cost Of Revenue": 126203000000.0,
      "EBITDA": 85160000000.0,
      "EBIT": 71685000000.0,
      "Net Interest Income": 1817000000.0,
      "Interest Expense": 357000000.0,
      "Interest Income": 2174000000.0,
      "Normalized Income": 65446910000.0,
      "Net Income From Continuing And Discontinued Operation": 59972000000.0,
      "Total Expenses": 207994000000.0,
      "Total Operating Income As Reported": 74842000000.0,
      "Diluted Average Shares": 13159000000.0,
      "Basic Average Shares": 13063000000.0,
      "Diluted EPS": 4.56,
      "Basic EPS": 4.59,
      "Diluted NI Availto Com Stockholders": 59972000000.0,
      "Net Income Common Stockholders": 59972000000.0,
      "Net Income": 59972000000.0,
      "Net Income Including Noncontrolling Interests": 59972000000.0,
      "Net Income Continuous Operations": 59972000000.0,
      "Tax Provision": 11356000000.0,
      "Pretax Income": 71328000000.0,
      "Other Income Expense": -5331000000.0,
      "Other Non Operating Income Expenses": 1179000000.0,
      "Special Income Charges": -337000000.0,
      "Write Off": 337000000.0,
      "Earnings From Equity Interest": -337000000.0,
      "Gain On Sale Of Security": -6173000000.0,
      "Net Non Operating Interest Income Expense": 1817000000.0,
      "Interest Expense Non Operating": 357000000.0,
      "Interest Income Non Operating": 2174000000.0,
      "Operating Income": 74842000000.0,
      "Operating Expense": 81791000000.0,
      "Research And Development": 39500000000.0,
      "Selling General And Administration": 42291000000.0,
      "Selling And Marketing Expense": 26567000000.0,
      "General And Administrative Expense": 15724000000.0,
      "Other Gand A": 15724000000.0,
      "Gross Profit": 156633000000.0,
      "Cost Of Revenue": 126203000000.0,
      "Total Revenue": 282836000000.0,
      "Operating Revenue": 282836000000.0
    },
    "2021-12-31T00:00:00": {
      "Tax Effect Of Unusual Items": null,
      "Tax Rate For Calcs": null,
      "Normalized EBITDA": null,
      "Total Unusual Items": null,
      "Total Unusual Items Excluding Goodwill": null,
      "Net Income From Continuing Operation Net Minority Interest": null,
      "Reconciled Depreciation": null,
      "Reconciled Cost Of Revenue": null,
      "EBITDA": null,
      "EBIT": null,
      "Net Interest Income": null,
      "Interest Expense": null,
      "Interest Income": null,
      "Normalized Income": null,
      "Net Income From Continuing And Discontinued Operation": null,
      "Total Expenses": null,
      "Total Operating Income As Reported": null,
      "Diluted Average Shares": null,
      "Basic Average Shares": null,
      "Diluted EPS": null,
      "Basic EPS": null,
      "Diluted NI Availto Com Stockholders": null,
      "Net Income Common Stockholders": null,
      "Net Income": null,
      "Net Income Including Noncontrolling Interests": null,
      "Net Income Continuous Operations": null,
      "Tax Provision": null,
      "Pretax Income": null,
      "Other Income Expense": null,
      "Other Non Operating Income Expenses": null,
      "Special Income Charges": null,
      "Write Off": null,
      "Earnings From Equity Interest": 334000000.0,
      "Gain On Sale Of Security": null,
      "Net Non Operating Interest Income Expense": null,
      "Interest Expense Non Operating": null,
      "Interest Income Non Operating": null,
      "Operating Income": null,
      "Operating Expense": null,
      "Research And Development": null,
      "Selling General And Administration": null,
      "Selling And Marketing Expense": null,
      "General And Administrative Expense": null,
      "Other Gand A": null,
      "Gross Profit": null,
      "Cost Of Revenue": null,
      "Total Revenue": null,
      "Operating Revenue": null
    }
  },
  "quarterly_income": {
    "2025-12-31T00:00:00": {
      "Tax Effect Of Unusual Items": 262555564.077,
      "Tax Rate For Calcs": 0.119181,
      "Normalized EBITDA": 43252000000.0,
      "Total Unusual Items": 2203000000.0,
      "Total Unusual Items Excluding Goodwill": 2203000000.0,
      "Net Income From Continuing Operation Net Minority Interest": 34455000000.0,
      "Reconciled Depreciation": 6040000000.0,
      "Reconciled Cost Of Revenue": 45767000000.0,
      "EBITDA": 45455000000.0,
      "EBIT": 39415000000.0,
      "Net Interest Income": 911000000.0,
      "Interest Expense": 298000000.0,
      "Interest Income": 1209000000.0,
      "Normalized Income": 32514555564.077,
      "Net Income From Continuing And Discontinued Operation": 34455000000.0,
      "Total Expenses": 77895000000.0,
      "Total Operating Income As Reported": 35934000000.0,
      "Diluted Average Shares": 12228000000.0,
      "Basic Average Shares": 12073000000.0,
      "Diluted EPS": 2.82,
      "Basic EPS": 2.85,
      "Diluted NI Availto Com Stockholders": 34455000000.0,
      "Average Dilution Earnings": null,
      "Net Income Common Stockholders": 34455000000.0,
      "Net Income": 34455000000.0,
      "Net Income Including Noncontrolling Interests": 34455000000.0,
      "Net Income Continuous Operations": 34455000000.0,
      "Tax Provision": 4662000000.0,
      "Pretax Income": 39117000000.0,
      "Other Income Expense": 2272000000.0,
      "Other Non Operating Income Expenses": 69000000.0,
      "Special Income Charges": -86000000.0,
      "Write Off": 86000000.0,
      "Earnings From Equity Interest": null,
      "Gain On Sale Of Security": 2289000000.0,
      "Net Non Operating Interest Income Expense": 911000000.0,
      "Interest Expense Non Operating": 298000000.0,
      "Interest Income Non Operating": 1209000000.0,
      "Operating Income": 35934000000.0,
      "Operating Expense": 32128000000.0,
      "Research And Development": 18572000000.0,
      "Selling General And Administration": 13556000000.0,
      "Selling And Marketing Expense": 8215000000.0,
      "General And Administrative Expense": 5341000000.0,
      "Other Gand A": 5341000000.0,
      "Gross Profit": 68062000000.0,
      "Cost Of Revenue": 45767000000.0,
      "Total Revenue": 113829000000.0,
      "Operating Revenue": 113829000000.0
    },
    "2025-09-30T00:00:00": {
      "Tax Effect Of Unusual Items": 2190015000.0,
      "Tax Rate For Calcs": 0.205,
      "Normalized EBITDA": 39058000000.0,
      "Total Unusual Items": 10683000000.0,
      "Total Unusual Items Excluding Goodwill": 10683000000.0,
      "Net Income From Continuing Operation Net Minority Interest": 34979000000.0,
      "Reconciled Depreciation": 5611000000.0,
      "Reconciled Cost Of Revenue": 41369000000.0,
      "EBITDA": 49741000000.0,
      "EBIT": 44130000000.0,
      "Net Interest Income": 933000000.0,
      "Interest Expense": 143000000.0,
      "Interest Income": 1076000000.0,
      "Normalized Income": 26486015000.0,
      "Net Income From Continuing And Discontinued Operation": 34979000000.0,
      "Total Expenses": 71118000000.0,
      "Total Operating Income As Reported": 31228000000.0,
      "Diluted Average Shares": 12203000000.0,
      "Basic Average Shares": 12086000000.0,
      "Diluted EPS": 2.87,
      "Basic EPS": 2.89,
      "Diluted NI Availto Com Stockholders": 34979000000.0,
      "Average Dilution Earnings": null,
      "Net Income Common Stockholders": 34979000000.0,
      "Net Income": 34979000000.0,
      "Net Income Including Noncontrolling Interests": 34979000000.0,
      "Net Income Continuous Operations": 34979000000.0,
      "Tax Provision": 9008000000.0,
      "Pretax Income": 43987000000.0,
      "Other Income Expense": 11826000000.0,
      "Other Non Operating Income Expenses": 1143000000.0,
      "Special Income Charges": -30000000.0,
      "Write Off": 30000000.0,
      "Earnings From Equity Interest": null,
      "Gain On Sale Of Security": 10713000000.0,
      "Net Non Operating Interest Income Expense": 933000000.0,
      "Interest Expense Non Operating": 143000000.0,
      "Interest Income Non Operating": 1076000000.0,
      "Operating Income": 31228000000.0,
      "Operating Expense": 29749000000.0,
      "Research And Development": 15151000000.0,
      "Selling General And Administration": 14598000000.0,
      "Selling And Marketing Expense": 7205000000.0,
      "General And Administrative Expense": 7393000000.0,
      "Other Gand A": 7393000000.0,
      "Gross Profit": 60977000000.0,
      "Cost Of Revenue": 41369000000.0,
      "Total Revenue": 102346000000.0,
      "Operating Revenue": 102346000000.0
    },
    "2025-06-30T00:00:00": {
      "Tax Effect Of Unusual Items": 304369000.0,
      "Tax Rate For Calcs": 0.169,
      "Normalized EBITDA": 37391000000.0,
      "Total Unusual Items": 1801000000.0,
      "Total Unusual Items Excluding Goodwill": 1801000000.0,
      "Net Income From Continuing Operation Net Minority Interest": 28196000000.0,
      "Reconciled Depreciation": 4998000000.0,
      "Reconciled Cost Of Revenue": 39039000000.0,
      "EBITDA": 39192000000.0,
      "EBIT": 34194000000.0,
      "Net Interest Income": 789000000.0,
      "Interest Expense": 261000000.0,
      "Interest Income": 1050000000.0,
      "Normalized Income": 26699369000.0,
      "Net Income From Continuing And Discontinued Operation": 28196000000.0,
      "Total Expenses": 65157000000.0,
      "Total Operating Income As Reported": 31271000000.0,
      "Diluted Average Shares": 12198000000.0,
      "Basic Average Shares": 12122000000.0,
      "Diluted EPS": 2.31,
      "Basic EPS": 2.33,
      "Diluted NI Availto Com Stockholders": 28196000000.0,
      "Average Dilution Earnings": null,
      "Net Income Common Stockholders": 28196000000.0,
      "Net Income": 28196000000.0,
      "Net Income Including Noncontrolling Interests": 28196000000.0,
      "Net Income Continuous Operations": 28196000000.0,
      "Tax Provision": 5737000000.0,
      "Pretax Income": 33933000000.0,
      "Other Income Expense": 1873000000.0,
      "Other Non Operating Income Expenses": 72000000.0,
      "Special Income Charges": 419000000.0,
      "Write Off": -419000000.0,
      "Earnings From Equity Interest": null,
      "Gain On Sale Of Security": 1382000000.0,
      "Net Non Operating Interest Income Expense": 789000000.0,
      "Interest Expense Non Operating": 261000000.0,
      "Interest Income Non Operating": 1050000000.0,
      "Operating Income": 31271000000.0,
      "Operating Expense": 26118000000.0,
      "Research And Development": 13808000000.0,
      "Selling General And Administration": 12310000000.0,
      "Selling And Marketing Expense": 7101000000.0,
      "General And Administrative Expense": 5209000000.0,
      "Other Gand A": 5209000000.0,
      "Gross Profit": 57389000000.0,
      "Cost Of Revenue": 39039000000.0,
      "Total Revenue": 96428000000.0,
      "Operating Revenue": 96428000000.0
    },
    "2025-03-31T00:00:00": {
      "Tax Effect Of Unusual Items": 1700936000.0,
      "Tax Rate For Calcs": 0.173,
      "Normalized EBITDA": 36478000000.0,
      "Total Unusual Items": 9832000000.0,
      "Total Unusual Items Excluding Goodwill": 9832000000.0,
      "Net Income From Continuing Operation Net Minority Interest": 34540000000.0,
      "Reconciled Depreciation": 4487000000.0,
      "Reconciled Cost Of Revenue": 36361000000.0,
      "EBITDA": 46310000000.0,
      "EBIT": 41823000000.0,
      "Net Interest Income": 967000000.0,
      "Interest Expense": 34000000.0,
      "Interest Income": 1001000000.0,
      "Normalized Income": 26408936000.0,
      "Net Income From Continuing And Discontinued Operation": 34540000000.0,
      "Total Expenses": 59628000000.0,
      "Total Operating Income As Reported": 30606000000.0,
      "Diluted Average Shares": 12183000000.0,
      "Basic Average Shares": 12183000000.0,
      "Diluted EPS": 2.81,
      "Basic EPS": 2.84,
      "Diluted NI Availto Com Stockholders": 34540000000.0,
      "Average Dilution Earnings": 2415000000.0,
      "Net Income Common Stockholders": 34540000000.0,
      "Net Income": 34540000000.0,
      "Net Income Including Noncontrolling Interests": 34540000000.0,
      "Net Income Continuous Operations": 34540000000.0,
      "Tax Provision": 7249000000.0,
      "Pretax Income": 41789000000.0,
      "Other Income Expense": 10216000000.0,
      "Other Non Operating Income Expenses": 384000000.0,
      "Special Income Charges": -22000000.0,
      "Write Off": 22000000.0,
      "Earnings From Equity Interest": -22000000.0,
      "Gain On Sale Of Security": 9854000000.0,
      "Net Non Operating Interest Income Expense": 967000000.0,
      "Interest Expense Non Operating": 34000000.0,
      "Interest Income Non Operating": 1001000000.0,
      "Operating Income": 30606000000.0,
      "Operating Expense": 23267000000.0,
      "Research And Development": 13556000000.0,
      "Selling General And Administration": 9711000000.0,
      "Selling And Marketing Expense": 6172000000.0,
      "General And Administrative Expense": 3539000000.0,
      "Other Gand A": 3539000000.0,
      "Gross Profit": 53873000000.0,
      "Cost Of Revenue": 36361000000.0,
      "Total Revenue": 90234000000.0,
      "Operating Revenue": 90234000000.0
    },
    "2024-12-31T00:00:00": {
      "Tax Effect Of Unusual Items": -30974940.297119,
      "Tax Rate For Calcs": 0.177,
      "Normalized EBITDA": 36676000000.0,
      "Total Unusual Items": -175000000.0,
      "Total Unusual Items Excluding Goodwill": -175000000.0,
      "Net Income From Continuing Operation Net Minority Interest": 26536000000.0,
      "Reconciled Depreciation": 4205000000.0,
      "Reconciled Cost Of Revenue": 40613000000.0,
      "EBITDA": 36501000000.0,
      "EBIT": 32296000000.0,
      "Net Interest Income": 1035000000.0,
      "Interest Expense": 53000000.0,
      "Interest Income": 1088000000.0,
      "Normalized Income": 26680025059.70288,
      "Net Income From Continuing And Discontinued Operation": 26536000000.0,
      "Total Expenses": 65497000000.0,
      "Total Operating Income As Reported": 30972000000.0,
      "Diluted Average Shares": 12348000000.0,
      "Basic Average Shares": 12228000000.0,
      "Diluted EPS": 2.15,
      "Basic EPS": 2.17,
      "Diluted NI Availto Com Stockholders": 26536000000.0,
      "Average Dilution Earnings": null,
      "Net Income Common Stockholders": 26536000000.0,
      "Net Income": 26536000000.0,
      "Net Income Including Noncontrolling Interests": 26536000000.0,
      "Net Income Continuous Operations": 26536000000.0,
      "Tax Provision": 5707000000.0,
      "Pretax Income": 32243000000.0,
      "Other Income Expense": 236000000.0,
      "Other Non Operating Income Expenses": 411000000.0,
      "Special Income Charges": -87000000.0,
      "Write Off": 87000000.0,
      "Earnings From Equity Interest": -87000000.0,
      "Gain On Sale Of Security": -88000000.0,
      "Net Non Operating Interest Income Expense": 1035000000.0,
      "Interest Expense Non Operating": 53000000.0,
      "Interest Income Non Operating": 1088000000.0,
      "Operating Income": 30972000000.0,
      "Operating Expense": 24884000000.0,
      "Research And Development": 13116000000.0,
      "Selling General And Administration": 11768000000.0,
      "Selling And Marketing Expense": 7363000000.0,
      "General And Administrative Expense": 4405000000.0,
      "Other Gand A": 4405000000.0,
      "Gross Profit": 55856000000.0,
      "Cost Of Revenue": 40613000000.0,
      "Total Revenue": 96469000000.0,
      "Operating Revenue": 96469000000.0
    },
    "2024-09-30T00:00:00": {
      "Tax Effect Of Unusual Items": null,
      "Tax Rate For Calcs": null,
      "Normalized EBITDA": null,
      "Total Unusual Items": null,
      "Total Unusual Items Excluding Goodwill": null,
      "Net Income From Continuing Operation Net Minority Interest": null,
      "Reconciled Depreciation": null,
      "Reconciled Cost Of Revenue": null,
      "EBITDA": null,
      "EBIT": null,
      "Net Interest Income": null,
      "Interest Expense": null,
      "Interest Income": null,
      "Normalized Income": null,
      "Net Income From Continuing And Discontinued Operation": null,
      "Total Expenses": null,
      "Total Operating Income As Reported": null,
      "Diluted Average Shares": null,
      "Basic Average Shares": null,
      "Diluted EPS": null,
      "Basic EPS": null,
      "Diluted NI Availto Com Stockholders": null,
      "Average Dilution Earnings": null,
      "Net Income Common Stockholders": null,
      "Net Income": null,
      "Net Income Including Noncontrolling Interests": null,
      "Net Income Continuous Operations": null,
      "Tax Provision": null,
      "Pretax Income": null,
      "Other Income Expense": null,
      "Other Non Operating Income Expenses": null,
      "Special Income Charges": null,
      "Write Off": null,
      "Earnings From Equity Interest": -107000000.0,
      "Gain On Sale Of Security": null,
      "Net Non Operating Interest Income Expense": null,
      "Interest Expense Non Operating": null,
      "Interest Income Non Operating": null,
      "Operating Income": null,
      "Operating Expense": null,
      "Research And Development": null,
      "Selling General And Administration": null,
      "Selling And Marketing Expense": null,
      "General And Administrative Expense": null,
      "Other Gand A": null,
      "Gross Profit": null,
      "Cost Of Revenue": null,
      "Total Revenue": null,
      "Operating Revenue": null
    },
    "2024-06-30T00:00:00": {
      "Tax Effect Of Unusual Items": null,
      "Tax Rate For Calcs": null,
      "Normalized EBITDA": null,
      "Total Unusual Items": null,
      "Total Unusual Items Excluding Goodwill": null,
      "Net Income From Continuing Operation Net Minority Interest": null,
      "Reconciled Depreciation": null,
      "Reconciled Cost Of Revenue": null,
      "EBITDA": null,
      "EBIT": null,
      "Net Interest Income": null,
      "Interest Expense": null,
      "Interest Income": null,
      "Normalized Income": null,
      "Net Income From Continuing And Discontinued Operation": null,
      "Total Expenses": null,
      "Total Operating Income As Reported": null,
      "Diluted Average Shares": null,
      "Basic Average Shares": null,
      "Diluted EPS": null,
      "Basic EPS": null,
      "Diluted NI Availto Com Stockholders": null,
      "Average Dilution Earnings": null,
      "Net Income Common Stockholders": null,
      "Net Income": null,
      "Net Income Including Noncontrolling Interests": null,
      "Net Income Continuous Operations": null,
      "Tax Provision": null,
      "Pretax Income": null,
      "Other Income Expense": null,
      "Other Non Operating Income Expenses": null,
      "Special Income Charges": null,
      "Write Off": null,
      "Earnings From Equity Interest": 32000000.0,
      "Gain On Sale Of Security": null,
      "Net Non Operating Interest Income Expense": null,
      "Interest Expense Non Operating": null,
      "Interest Income Non Operating": null,
      "Operating Income": null,
      "Operating Expense": null,
      "Research And Development": null,
      "Selling General And Administration": null,
      "Selling And Marketing Expense": null,
      "General And Administrative Expense": null,
      "Other Gand A": null,
      "Gross Profit": null,
      "Cost Of Revenue": null,
      "Total Revenue": null,
      "Operating Revenue": null
    }
  },
  "balance_sheet": {
    "2025-12-31T00:00:00": {
      "Treasury Shares Number": null,
      "Ordinary Shares Number": 12088000000.0,
      "Share Issued": 12088000000.0,
      "Net Debt": 15839000000.0,
      "Total Debt": 59291000000.0,
      "Tangible Book Value": 381885000000.0,
      "Invested Capital": 461812000000.0,
      "Working Capital": 103293000000.0,
      "Net Tangible Assets": 381885000000.0,
      "Capital Lease Obligations": 12744000000.0,
      "Common Stock Equity": 415265000000.0,
      "Total Capitalization": 461812000000.0,
      "Total Equity Gross Minority Interest": 415265000000.0,
      "Stockholders Equity": 415265000000.0,
      "Gains Losses Not Affecting Retained Earnings": -1916000000.0,
      "Other Equity Adjustments": -1916000000.0,
      "Retained Earnings": 324055000000.0,
      "Capital Stock": 93126000000.0,
      "Common Stock": 93126000000.0,
      "Preferred Stock": 0.0,
      "Total Liabilities Net Minority Interest": 180016000000.0,
      "Total Non Current Liabilities Net Minority Interest": 77271000000.0,
      "Other Non Current Liabilities": 8449000000.0,
      "Tradeand Other Payables Non Current": 9531000000.0,
      "Non Current Deferred Liabilities": null,
      "Non Current Deferred Revenue": null,
      "Non Current Deferred Taxes Liabilities": null,
      "Long Term Debt And Capital Lease Obligation": 59291000000.0,
      "Long Term Capital Lease Obligation": 12744000000.0,
      "Long Term Debt": 46547000000.0,
      "Current Liabilities": 102745000000.0,
      "Other Current Liabilities": null,
      "Current Deferred Liabilities": 6578000000.0,
      "Current Deferred Revenue": 6578000000.0,
      "Current Debt And Capital Lease Obligation": null,
      "Current Capital Lease Obligation": null,
      "Pensionand Other Post Retirement Benefit Plans Current": 17546000000.0,
      "Payables And Accrued Expenses": 78621000000.0,
      "Current Accrued Expenses": 64948000000.0,
      "Payables": 13673000000.0,
      "Other Payable": 950000000.0,
      "Total Tax Payable": 523000000.0,
      "Income Tax Payable": 523000000.0,
      "Accounts Payable": 12200000000.0,
      "Total Assets": 595281000000.0,
      "Total Non Current Assets": 389243000000.0,
      "Other Non Current Assets": 16245000000.0,
      "Non Current Deferred Assets": 9113000000.0,
      "Non Current Deferred Taxes Assets": 9113000000.0,
      "Investments And Advances": 68687000000.0,
      "Investmentin Financial Assets": 68687000000.0,
      "Available For Sale Securities": 68687000000.0,
      "Goodwill And Other Intangible Assets": 33380000000.0,
      "Other Intangible Assets": null,
      "Goodwill": 33380000000.0,
      "Net PPE": 261818000000.0,
      "Accumulated Depreciation": -98485000000.0,
      "Gross PPE": 360303000000.0,
      "Leases": null,
      "Construction In Progress": null,
      "Other Properties": 311955000000.0,
      "Machinery Furniture Equipment": null,
      "Buildings And Improvements": 48348000000.0,
      "Land And Improvements": null,
      "Properties": 0.0,
      "Current Assets": 206038000000.0,
      "Other Current Assets": 16309000000.0,
      "Inventory": null,
      "Receivables": 62886000000.0,
      "Taxes Receivable": null,
      "Accounts Receivable": 62886000000.0,
      "Allowance For Doubtful Accounts Receivable": -924000000.0,
      "Gross Accounts Receivable": 63810000000.0,
      "Cash Cash Equivalents And Short Term Investments": 126843000000.0,
      "Other Short Term Investments": 96135000000.0,
      "Cash And Cash Equivalents": 30708000000.0
    },
    "2024-12-31T00:00:00": {
      "Treasury Shares Number": null,
      "Ordinary Shares Number": 12211000000.0,
      "Share Issued": 12211000000.0,
      "Net Debt": null,
      "Total Debt": 22574000000.0,
      "Tangible Book Value": 293199000000.0,
      "Invested Capital": 335967000000.0,
      "Working Capital": 74589000000.0,
      "Net Tangible Assets": 293199000000.0,
      "Capital Lease Obligations": 11691000000.0,
      "Common Stock Equity": 325084000000.0,
      "Total Capitalization": 335967000000.0,
      "Total Equity Gross Minority Interest": 325084000000.0,
      "Stockholders Equity": 325084000000.0,
      "Gains Losses Not Affecting Retained Earnings": -4800000000.0,
      "Other Equity Adjustments": -4800000000.0,
      "Retained Earnings": 245084000000.0,
      "Capital Stock": 84800000000.0,
      "Common Stock": 84800000000.0,
      "Preferred Stock": 0.0,
      "Total Liabilities Net Minority Interest": 125172000000.0,
      "Total Non Current Liabilities Net Minority Interest": 36050000000.0,
      "Other Non Current Liabilities": 4694000000.0,
      "Tradeand Other Payables Non Current": 8782000000.0,
      "Non Current Deferred Liabilities": null,
      "Non Current Deferred Revenue": null,
      "Non Current Deferred Taxes Liabilities": null,
      "Long Term Debt And Capital Lease Obligation": 22574000000.0,
      "Long Term Capital Lease Obligation": 11691000000.0,
      "Long Term Debt": 10883000000.0,
      "Current Liabilities": 89122000000.0,
      "Other Current Liabilities": 6322000000.0,
      "Current Deferred Liabilities": 5036000000.0,
      "Current Deferred Revenue": 5036000000.0,
      "Current Debt And Capital Lease Obligation": 2887000000.0,
      "Current Capital Lease Obligation": 2887000000.0,
      "Pensionand Other Post Retirement Benefit Plans Current": 15069000000.0,
      "Payables And Accrued Expenses": 69017000000.0,
      "Current Accrued Expenses": 54259000000.0,
      "Payables": 14758000000.0,
      "Other Payable": 3866000000.0,
      "Total Tax Payable": 2905000000.0,
      "Income Tax Payable": 2905000000.0,
      "Accounts Payable": 7987000000.0,
      "Total Assets": 450256000000.0,
      "Total Non Current Assets": 286545000000.0,
      "Other Non Current Assets": 14874000000.0,
      "Non Current Deferred Assets": 17180000000.0,
      "Non Current Deferred Taxes Assets": 17180000000.0,
      "Investments And Advances": 37982000000.0,
      "Investmentin Financial Assets": 37982000000.0,
      "Available For Sale Securities": 37982000000.0,
      "Goodwill And Other Intangible Assets": 31885000000.0,
      "Other Intangible Assets": null,
      "Goodwill": 31885000000.0,
      "Net PPE": 184624000000.0,
      "Accumulated Depreciation": -79390000000.0,
      "Gross PPE": 264014000000.0,
      "Leases": null,
      "Construction In Progress": null,
      "Other Properties": 218611000000.0,
      "Machinery Furniture Equipment": null,
      "Buildings And Improvements": 45403000000.0,
      "Land And Improvements": null,
      "Properties": 0.0,
      "Current Assets": 163711000000.0,
      "Other Current Assets": 15714000000.0,
      "Inventory": null,
      "Receivables": 52340000000.0,
      "Taxes Receivable": null,
      "Accounts Receivable": 52340000000.0,
      "Allowance For Doubtful Accounts Receivable": -879000000.0,
      "Gross Accounts Receivable": 53219000000.0,
      "Cash Cash Equivalents And Short Term Investments": 95657000000.0,
      "Other Short Term Investments": 72191000000.0,
      "Cash And Cash Equivalents": 23466000000.0
    },
    "2023-12-31T00:00:00": {
      "Treasury Shares Number": 0.0,
      "Ordinary Shares Number": 12460000000.0,
      "Share Issued": 12460000000.0,
      "Net Debt": null,
      "Total Debt": 27121000000.0,
      "Tangible Book Value": 254181000000.0,
      "Invested Capital": 295249000000.0,
      "Working Capital": 89716000000.0,
      "Net Tangible Assets": 254181000000.0,
      "Capital Lease Obligations": 15251000000.0,
      "Common Stock Equity": 283379000000.0,
      "Total Capitalization": 295249000000.0,
      "Total Equity Gross Minority Interest": 283379000000.0,
      "Stockholders Equity": 283379000000.0,
      "Gains Losses Not Affecting Retained Earnings": -4402000000.0,
      "Other Equity Adjustments": -4402000000.0,
      "Retained Earnings": 211247000000.0,
      "Capital Stock": 76534000000.0,
      "Common Stock": 76534000000.0,
      "Preferred Stock": 0.0,
      "Total Liabilities Net Minority Interest": 119013000000.0,
      "Total Non Current Liabilities Net Minority Interest": 37199000000.0,
      "Other Non Current Liabilities": 4395000000.0,
      "Tradeand Other Payables Non Current": 8474000000.0,
      "Non Current Deferred Liabilities": 1396000000.0,
      "Non Current Deferred Revenue": 911000000.0,
      "Non Current Deferred Taxes Liabilities": 485000000.0,
      "Long Term Debt And Capital Lease Obligation": 24330000000.0,
      "Long Term Capital Lease Obligation": 12460000000.0,
      "Long Term Debt": 11870000000.0,
      "Current Liabilities": 81814000000.0,
      "Other Current Liabilities": 9525000000.0,
      "Current Deferred Liabilities": 4137000000.0,
      "Current Deferred Revenue": 4137000000.0,
      "Current Debt And Capital Lease Obligation": 2791000000.0,
      "Current Capital Lease Obligation": 2791000000.0,
      "Pensionand Other Post Retirement Benefit Plans Current": 15140000000.0,
      "Payables And Accrued Expenses": 50221000000.0,
      "Current Accrued Expenses": 39980000000.0,
      "Payables": 10241000000.0,
      "Other Payable": null,
      "Total Tax Payable": 2748000000.0,
      "Income Tax Payable": 2748000000.0,
      "Accounts Payable": 7493000000.0,
      "Total Assets": 402392000000.0,
      "Total Non Current Assets": 230862000000.0,
      "Other Non Current Assets": 10051000000.0,
      "Non Current Deferred Assets": 12169000000.0,
      "Non Current Deferred Taxes Assets": 12169000000.0,
      "Investments And Advances": 31008000000.0,
      "Investmentin Financial Assets": 31008000000.0,
      "Available For Sale Securities": 31008000000.0,
      "Goodwill And Other Intangible Assets": 29198000000.0,
      "Other Intangible Assets": null,
      "Goodwill": 29198000000.0,
      "Net PPE": 148436000000.0,
      "Accumulated Depreciation": -67458000000.0,
      "Gross PPE": 215894000000.0,
      "Leases": 11425000000.0,
      "Construction In Progress": 35229000000.0,
      "Other Properties": 175459000000.0,
      "Machinery Furniture Equipment": 472000000.0,
      "Buildings And Improvements": 40435000000.0,
      "Land And Improvements": 74083000000.0,
      "Properties": 0.0,
      "Current Assets": 171530000000.0,
      "Other Current Assets": 12650000000.0,
      "Inventory": null,
      "Receivables": 47964000000.0,
      "Taxes Receivable": null,
      "Accounts Receivable": 47964000000.0,
      "Allowance For Doubtful Accounts Receivable": -771000000.0,
      "Gross Accounts Receivable": 48735000000.0,
      "Cash Cash Equivalents And Short Term Investments": 110916000000.0,
      "Other Short Term Investments": 86868000000.0,
      "Cash And Cash Equivalents": 24048000000.0
    },
    "2022-12-31T00:00:00": {
      "Treasury Shares Number": null,
      "Ordinary Shares Number": 12849000000.0,
      "Share Issued": 12849000000.0,
      "Net Debt": null,
      "Total Debt": 29679000000.0,
      "Tangible Book Value": 227184000000.0,
      "Invested Capital": 269001000000.0,
      "Working Capital": 95495000000.0,
      "Net Tangible Assets": 227184000000.0,
      "Capital Lease Obligations": 16822000000.0,
      "Common Stock Equity": 256144000000.0,
      "Total Capitalization": 269001000000.0,
      "Total Equity Gross Minority Interest": 256144000000.0,
      "Stockholders Equity": 256144000000.0,
      "Gains Losses Not Affecting Retained Earnings": -7603000000.0,
      "Other Equity Adjustments": -7603000000.0,
      "Retained Earnings": 195563000000.0,
      "Capital Stock": 68184000000.0,
      "Common Stock": 68184000000.0,
      "Preferred Stock": 0.0,
      "Total Liabilities Net Minority Interest": 109120000000.0,
      "Total Non Current Liabilities Net Minority Interest": 39820000000.0,
      "Other Non Current Liabilities": 2247000000.0,
      "Tradeand Other Payables Non Current": 9258000000.0,
      "Non Current Deferred Liabilities": 1113000000.0,
      "Non Current Deferred Revenue": 599000000.0,
      "Non Current Deferred Taxes Liabilities": 514000000.0,
      "Long Term Debt And Capital Lease Obligation": 27202000000.0,
      "Long Term Capital Lease Obligation": 14345000000.0,
      "Long Term Debt": 12857000000.0,
      "Current Liabilities": 69300000000.0,
      "Other Current Liabilities": 9106000000.0,
      "Current Deferred Liabilities": 3908000000.0,
      "Current Deferred Revenue": 3908000000.0,
      "Current Debt And Capital Lease Obligation": 2477000000.0,
      "Current Capital Lease Obligation": 2477000000.0,
      "Pensionand Other Post Retirement Benefit Plans Current": 14028000000.0,
      "Payables And Accrued Expenses": 39781000000.0,
      "Current Accrued Expenses": 33021000000.0,
      "Payables": 6760000000.0,
      "Other Payable": null,
      "Total Tax Payable": 1632000000.0,
      "Income Tax Payable": 1632000000.0,
      "Accounts Payable": 5128000000.0,
      "Total Assets": 365264000000.0,
      "Total Non Current Assets": 200469000000.0,
      "Other Non Current Assets": 8707000000.0,
      "Non Current Deferred Assets": 5261000000.0,
      "Non Current Deferred Taxes Assets": 5261000000.0,
      "Investments And Advances": 30492000000.0,
      "Investmentin Financial Assets": 30492000000.0,
      "Available For Sale Securities": 30492000000.0,
      "Goodwill And Other Intangible Assets": 28960000000.0,
      "Other Intangible Assets": 2084000000.0,
      "Goodwill": 28960000000.0,
      "Net PPE": 127049000000.0,
      "Accumulated Depreciation": -59042000000.0,
      "Gross PPE": 186091000000.0,
      "Leases": 10575000000.0,
      "Construction In Progress": 27657000000.0,
      "Other Properties": 80648000000.0,
      "Machinery Furniture Equipment": 314000000.0,
      "Buildings And Improvements": null,
      "Land And Improvements": 66897000000.0,
      "Properties": 0.0,
      "Current Assets": 164795000000.0,
      "Other Current Assets": 10775000000.0,
      "Inventory": 2670000000.0,
      "Receivables": 40258000000.0,
      "Taxes Receivable": null,
      "Accounts Receivable": 40258000000.0,
      "Allowance For Doubtful Accounts Receivable": -754000000.0,
      "Gross Accounts Receivable": 41012000000.0,
      "Cash Cash Equivalents And Short Term Investments": 113762000000.0,
      "Other Short Term Investments": 91883000000.0,
      "Cash And Cash Equivalents": 21879000000.0
    },
    "2021-12-31T00:00:00": {
      "Treasury Shares Number": null,
      "Ordinary Shares Number": null,
      "Share Issued": null,
      "Net Debt": null,
      "Total Debt": null,
      "Tangible Book Value": null,
      "Invested Capital": null,
      "Working Capital": null,
      "Net Tangible Assets": null,
      "Capital Lease Obligations": null,
      "Common Stock Equity": null,
      "Total Capitalization": null,
      "Total Equity Gross Minority Interest": null,
      "Stockholders Equity": null,
      "Gains Losses Not Affecting Retained Earnings": null,
      "Other Equity Adjustments": null,
      "Retained Earnings": null,
      "Capital Stock": null,
      "Common Stock": null,
      "Preferred Stock": null,
      "Total Liabilities Net Minority Interest": null,
      "Total Non Current Liabilities Net Minority Interest": null,
      "Other Non Current Liabilities": null,
      "Tradeand Other Payables Non Current": null,
      "Non Current Deferred Liabilities": 5792000000.0,
      "Non Current Deferred Revenue": 535000000.0,
      "Non Current Deferred Taxes Liabilities": 5257000000.0,
      "Long Term Debt And Capital Lease Obligation": null,
      "Long Term Capital Lease Obligation": null,
      "Long Term Debt": null,
      "Current Liabilities": null,
      "Other Current Liabilities": 9799000000.0,
      "Current Deferred Liabilities": null,
      "Current Deferred Revenue": null,
      "Current Debt And Capital Lease Obligation": 2189000000.0,
      "Current Capital Lease Obligation": 2189000000.0,
      "Pensionand Other Post Retirement Benefit Plans Current": null,
      "Payables And Accrued Expenses": null,
      "Current Accrued Expenses": null,
      "Payables": null,
      "Other Payable": 397000000.0,
      "Total Tax Payable": null,
      "Income Tax Payable": null,
      "Accounts Payable": null,
      "Total Assets": null,
      "Total Non Current Assets": null,
      "Other Non Current Assets": null,
      "Non Current Deferred Assets": null,
      "Non Current Deferred Taxes Assets": null,
      "Investments And Advances": null,
      "Investmentin Financial Assets": null,
      "Available For Sale Securities": null,
      "Goodwill And Other Intangible Assets": null,
      "Other Intangible Assets": 1417000000.0,
      "Goodwill": null,
      "Net PPE": null,
      "Accumulated Depreciation": null,
      "Gross PPE": null,
      "Leases": 9146000000.0,
      "Construction In Progress": 23172000000.0,
      "Other Properties": null,
      "Machinery Furniture Equipment": 208000000.0,
      "Buildings And Improvements": null,
      "Land And Improvements": 58881000000.0,
      "Properties": null,
      "Current Assets": null,
      "Other Current Assets": null,
      "Inventory": 1170000000.0,
      "Receivables": null,
      "Taxes Receivable": 966000000.0,
      "Accounts Receivable": null,
      "Allowance For Doubtful Accounts Receivable": null,
      "Gross Accounts Receivable": null,
      "Cash Cash Equivalents And Short Term Investments": null,
      "Other Short Term Investments": null,
      "Cash And Cash Equivalents": null
    }
  },
  "cashflow": {
    "2025-12-31T00:00:00": {
      "Free Cash Flow": 73266000000.0,
      "Repurchase Of Capital Stock": -45709000000.0,
      "Repayment Of Debt": -32427000000.0,
      "Issuance Of Debt": 64564000000.0,
      "Capital Expenditure": -91447000000.0,
      "Income Tax Paid Supplemental Data": null,
      "End Cash Position": 30708000000.0,
      "Beginning Cash Position": 23466000000.0,
      "Effect Of Exchange Rate Changes": 208000000.0,
      "Changes In Cash": 7034000000.0,
      "Financing Cash Flow": -37388000000.0,
      "Cash Flow From Continuing Financing Activities": -37388000000.0,
      "Net Other Financing Charges": 400000000.0,
      "Proceeds From Stock Option Exercised": -14167000000.0,
      "Cash Dividends Paid": -10049000000.0,
      "Common Stock Dividend Paid": -10049000000.0,
      "Net Common Stock Issuance": -45709000000.0,
      "Common Stock Payments": -45709000000.0,
      "Net Issuance Payments Of Debt": 32137000000.0,
      "Net Long Term Debt Issuance": 32137000000.0,
      "Long Term Debt Payments": -32427000000.0,
      "Long Term Debt Issuance": 64564000000.0,
      "Investing Cash Flow": -120291000000.0,
      "Cash Flow From Continuing Investing Activities": -120291000000.0,
      "Net Other Investing Changes": -2370000000.0,
      "Net Investment Purchase And Sale": -24882000000.0,
      "Sale Of Investment": 84607000000.0,
      "Purchase Of Investment": -109489000000.0,
      "Net Business Purchase And Sale": -1592000000.0,
      "Purchase Of Business": -1592000000.0,
      "Net PPE Purchase And Sale": -91447000000.0,
      "Purchase Of PPE": -91447000000.0,
      "Operating Cash Flow": 164713000000.0,
      "Cash Flow From Continuing Operating Activities": 164713000000.0,
      "Change In Working Capital": 618000000.0,
      "Change In Other Working Capital": -806000000.0,
      "Change In Other Current Assets": -4542000000.0,
      "Change In Payables And Accrued Expense": 14745000000.0,
      "Change In Accrued Expense": 13838000000.0,
      "Change In Payable": 907000000.0,
      "Change In Account Payable": 907000000.0,
      "Change In Receivables": -8779000000.0,
      "Changes In Account Receivables": -8779000000.0,
      "Other Non Cash Items": 2108000000.0,
      "Stock Based Compensation": 24953000000.0,
      "Deferred Tax": 8348000000.0,
      "Deferred Income Tax": 8348000000.0,
      "Depreciation Amortization Depletion": 21136000000.0,
      "Depreciation And Amortization": 21136000000.0,
      "Amortization Cash Flow": null,
      "Amortization Of Intangibles": null,
      "Depreciation": 21136000000.0,
      "Operating Gains Losses": -24620000000.0,
      "Gain Loss On Investment Securities": -24620000000.0,
      "Net Income From Continuing Operations": 132170000000.0
    },
    "2024-12-31T00:00:00": {
      "Free Cash Flow": 72764000000.0,
      "Repurchase Of Capital Stock": -62222000000.0,
      "Repayment Of Debt": -12701000000.0,
      "Issuance Of Debt": 13589000000.0,
      "Capital Expenditure": -52535000000.0,
      "Income Tax Paid Supplemental Data": null,
      "End Cash Position": 23466000000.0,
      "Beginning Cash Position": 24048000000.0,
      "Effect Of Exchange Rate Changes": -612000000.0,
      "Changes In Cash": 30000000.0,
      "Financing Cash Flow": -79733000000.0,
      "Cash Flow From Continuing Financing Activities": -79733000000.0,
      "Net Other Financing Charges": 1154000000.0,
      "Proceeds From Stock Option Exercised": -12190000000.0,
      "Cash Dividends Paid": -7363000000.0,
      "Common Stock Dividend Paid": -7363000000.0,
      "Net Common Stock Issuance": -62222000000.0,
      "Common Stock Payments": -62222000000.0,
      "Net Issuance Payments Of Debt": 888000000.0,
      "Net Long Term Debt Issuance": 888000000.0,
      "Long Term Debt Payments": -12701000000.0,
      "Long Term Debt Issuance": 13589000000.0,
      "Investing Cash Flow": -45536000000.0,
      "Cash Flow From Continuing Investing Activities": -45536000000.0,
      "Net Other Investing Changes": -2667000000.0,
      "Net Investment Purchase And Sale": 12597000000.0,
      "Sale Of Investment": 104310000000.0,
      "Purchase Of Investment": -91713000000.0,
      "Net Business Purchase And Sale": -2931000000.0,
      "Purchase Of Business": -2931000000.0,
      "Net PPE Purchase And Sale": -52535000000.0,
      "Purchase Of PPE": -52535000000.0,
      "Operating Cash Flow": 125299000000.0,
      "Cash Flow From Continuing Operating Activities": 125299000000.0,
      "Change In Working Capital": -8406000000.0,
      "Change In Other Working Capital": -1375000000.0,
      "Change In Other Current Assets": -1397000000.0,
      "Change In Payables And Accrued Expense": 257000000.0,
      "Change In Accrued Expense": -102000000.0,
      "Change In Payable": 359000000.0,
      "Change In Account Payable": 359000000.0,
      "Change In Receivables": -5891000000.0,
      "Changes In Account Receivables": -5891000000.0,
      "Other Non Cash Items": 3419000000.0,
      "Stock Based Compensation": 22785000000.0,
      "Deferred Tax": -5257000000.0,
      "Deferred Income Tax": -5257000000.0,
      "Depreciation Amortization Depletion": 15311000000.0,
      "Depreciation And Amortization": 15311000000.0,
      "Amortization Cash Flow": null,
      "Amortization Of Intangibles": null,
      "Depreciation": 15311000000.0,
      "Operating Gains Losses": -2671000000.0,
      "Gain Loss On Investment Securities": -2671000000.0,
      "Net Income From Continuing Operations": 100118000000.0
    },
    "2023-12-31T00:00:00": {
      "Free Cash Flow": 69495000000.0,
      "Repurchase Of Capital Stock": -61504000000.0,
      "Repayment Of Debt": -11550000000.0,
      "Issuance Of Debt": 10790000000.0,
      "Capital Expenditure": -32251000000.0,
      "Income Tax Paid Supplemental Data": 19164000000.0,
      "End Cash Position": 24048000000.0,
      "Beginning Cash Position": 21879000000.0,
      "Effect Of Exchange Rate Changes": -421000000.0,
      "Changes In Cash": 2590000000.0,
      "Financing Cash Flow": -72093000000.0,
      "Cash Flow From Continuing Financing Activities": -72093000000.0,
      "Net Other Financing Charges": 8000000.0,
      "Proceeds From Stock Option Exercised": -9837000000.0,
      "Cash Dividends Paid": 0.0,
      "Common Stock Dividend Paid": 0.0,
      "Net Common Stock Issuance": -61504000000.0,
      "Common Stock Payments": -61504000000.0,
      "Net Issuance Payments Of Debt": -760000000.0,
      "Net Long Term Debt Issuance": -760000000.0,
      "Long Term Debt Payments": -11550000000.0,
      "Long Term Debt Issuance": 10790000000.0,
      "Investing Cash Flow": -27063000000.0,
      "Cash Flow From Continuing Investing Activities": -27063000000.0,
      "Net Other Investing Changes": -1051000000.0,
      "Net Investment Purchase And Sale": 6734000000.0,
      "Sale Of Investment": 87619000000.0,
      "Purchase Of Investment": -80885000000.0,
      "Net Business Purchase And Sale": -495000000.0,
      "Purchase Of Business": -495000000.0,
      "Net PPE Purchase And Sale": -32251000000.0,
      "Purchase Of PPE": -32251000000.0,
      "Operating Cash Flow": 101746000000.0,
      "Cash Flow From Continuing Operating Activities": 101746000000.0,
      "Change In Working Capital": -3845000000.0,
      "Change In Other Working Capital": 1048000000.0,
      "Change In Other Current Assets": -2143000000.0,
      "Change In Payables And Accrued Expense": 5083000000.0,
      "Change In Accrued Expense": 4419000000.0,
      "Change In Payable": 664000000.0,
      "Change In Account Payable": 664000000.0,
      "Change In Receivables": -7833000000.0,
      "Changes In Account Receivables": -7833000000.0,
      "Other Non Cash Items": 4330000000.0,
      "Stock Based Compensation": 22460000000.0,
      "Deferred Tax": -7763000000.0,
      "Deferred Income Tax": -7763000000.0,
      "Depreciation Amortization Depletion": 11946000000.0,
      "Depreciation And Amortization": 11946000000.0,
      "Amortization Cash Flow": null,
      "Amortization Of Intangibles": null,
      "Depreciation": 11946000000.0,
      "Operating Gains Losses": 823000000.0,
      "Gain Loss On Investment Securities": 823000000.0,
      "Net Income From Continuing Operations": 73795000000.0
    },
    "2022-12-31T00:00:00": {
      "Free Cash Flow": 60010000000.0,
      "Repurchase Of Capital Stock": -59296000000.0,
      "Repayment Of Debt": -54068000000.0,
      "Issuance Of Debt": 52872000000.0,
      "Capital Expenditure": -31485000000.0,
      "Income Tax Paid Supplemental Data": 18892000000.0,
      "End Cash Position": 21879000000.0,
      "Beginning Cash Position": 20945000000.0,
      "Effect Of Exchange Rate Changes": -506000000.0,
      "Changes In Cash": 1440000000.0,
      "Financing Cash Flow": -69757000000.0,
      "Cash Flow From Continuing Financing Activities": -69757000000.0,
      "Net Other Financing Charges": 35000000.0,
      "Proceeds From Stock Option Exercised": -9300000000.0,
      "Cash Dividends Paid": 0.0,
      "Common Stock Dividend Paid": 0.0,
      "Net Common Stock Issuance": -59296000000.0,
      "Common Stock Payments": -59296000000.0,
      "Net Issuance Payments Of Debt": -1196000000.0,
      "Net Long Term Debt Issuance": -1196000000.0,
      "Long Term Debt Payments": -54068000000.0,
      "Long Term Debt Issuance": 52872000000.0,
      "Investing Cash Flow": -20298000000.0,
      "Cash Flow From Continuing Investing Activities": -20298000000.0,
      "Net Other Investing Changes": 1589000000.0,
      "Net Investment Purchase And Sale": 16567000000.0,
      "Sale Of Investment": 97972000000.0,
      "Purchase Of Investment": -81405000000.0,
      "Net Business Purchase And Sale": -6969000000.0,
      "Purchase Of Business": -6969000000.0,
      "Net PPE Purchase And Sale": -31485000000.0,
      "Purchase Of PPE": -31485000000.0,
      "Operating Cash Flow": 91495000000.0,
      "Cash Flow From Continuing Operating Activities": 91495000000.0,
      "Change In Working Capital": -2235000000.0,
      "Change In Other Working Capital": 951000000.0,
      "Change In Other Current Assets": -5046000000.0,
      "Change In Payables And Accrued Expense": 4177000000.0,
      "Change In Accrued Expense": 3470000000.0,
      "Change In Payable": 707000000.0,
      "Change In Account Payable": 707000000.0,
      "Change In Receivables": -2317000000.0,
      "Changes In Account Receivables": -2317000000.0,
      "Other Non Cash Items": 3483000000.0,
      "Stock Based Compensation": 19362000000.0,
      "Deferred Tax": -8081000000.0,
      "Deferred Income Tax": -8081000000.0,
      "Depreciation Amortization Depletion": 13475000000.0,
      "Depreciation And Amortization": 13475000000.0,
      "Amortization Cash Flow": 641000000.0,
      "Amortization Of Intangibles": 641000000.0,
      "Depreciation": 13475000000.0,
      "Operating Gains Losses": 5519000000.0,
      "Gain Loss On Investment Securities": 5519000000.0,
      "Net Income From Continuing Operations": 59972000000.0
    },
    "2021-12-31T00:00:00": {
      "Free Cash Flow": null,
      "Repurchase Of Capital Stock": null,
      "Repayment Of Debt": null,
      "Issuance Of Debt": null,
      "Capital Expenditure": null,
      "Income Tax Paid Supplemental Data": 13412000000.0,
      "End Cash Position": null,
      "Beginning Cash Position": null,
      "Effect Of Exchange Rate Changes": null,
      "Changes In Cash": null,
      "Financing Cash Flow": null,
      "Cash Flow From Continuing Financing Activities": null,
      "Net Other Financing Charges": null,
      "Proceeds From Stock Option Exercised": null,
      "Cash Dividends Paid": null,
      "Common Stock Dividend Paid": null,
      "Net Common Stock Issuance": null,
      "Common Stock Payments": null,
      "Net Issuance Payments Of Debt": null,
      "Net Long Term Debt Issuance": null,
      "Long Term Debt Payments": null,
      "Long Term Debt Issuance": null,
      "Investing Cash Flow": null,
      "Cash Flow From Continuing Investing Activities": null,
      "Net Other Investing Changes": null,
      "Net Investment Purchase And Sale": null,
      "Sale Of Investment": null,
      "Purchase Of Investment": null,
      "Net Business Purchase And Sale": null,
      "Purchase Of Business": null,
      "Net PPE Purchase And Sale": null,
      "Purchase Of PPE": null,
      "Operating Cash Flow": null,
      "Cash Flow From Continuing Operating Activities": null,
      "Change In Working Capital": null,
      "Change In Other Working Capital": null,
      "Change In Other Current Assets": null,
      "Change In Payables And Accrued Expense": null,
      "Change In Accrued Expense": null,
      "Change In Payable": null,
      "Change In Account Payable": null,
      "Change In Receivables": null,
      "Changes In Account Receivables": null,
      "Other Non Cash Items": null,
      "Stock Based Compensation": null,
      "Deferred Tax": null,
      "Deferred Income Tax": null,
      "Depreciation Amortization Depletion": null,
      "Depreciation And Amortization": null,
      "Amortization Cash Flow": 886000000.0,
      "Amortization Of Intangibles": 886000000.0,
      "Depreciation": null,
      "Operating Gains Losses": null,
      "Gain Loss On Investment Securities": null,
      "Net Income From Continuing Operations": null
    }
  },
  "earnings_estimate": {
    "avg": {
      "0q": 2.60087,
      "+1q": 2.76089,
      "0y": 11.50695,
      "+1y": 13.30236
    },
    "low": {
      "0q": 2.34,
      "+1q": 2.47,
      "0y": 10.43,
      "+1y": 10.92
    },
    "high": {
      "0q": 2.81,
      "+1q": 3.01,
      "0y": 14.14,
      "+1y": 14.88
    },
    "yearAgoEps": {
      "0q": 2.81,
      "+1q": 2.31,
      "0y": 10.81,
      "+1y": 11.50695
    },
    "numberOfAnalysts": {
      "0q": 46,
      "+1q": 44,
      "0y": 58,
      "+1y": 57
    },
    "growth": {
      "0q": -0.0744,
      "+1q": 0.19520001,
      "0y": 0.0645,
      "+1y": 0.156
    }
  },
  "revenue_estimate": {
    "avg": {
      "0q": 106659407030,
      "+1q": 113318283250,
      "0y": 470114421510,
      "+1y": 540261654740
    },
    "low": {
      "0q": 103450000000,
      "+1q": 109697000000,
      "0y": 436585000000,
      "+1y": 475293000000
    },
    "high": {
      "0q": 111974609250,
      "+1q": 118522220610,
      "0y": 488549983060,
      "+1y": 578560000000
    },
    "numberOfAnalysts": {
      "0q": 42,
      "+1q": 39,
      "0y": 57,
      "+1y": 55
    },
    "yearAgoRevenue": {
      "0q": 90234000000,
      "+1q": 96428000000,
      "0y": 402836000000,
      "+1y": 470114421510
    },
    "growth": {
      "0q": 0.18200001,
      "+1q": 0.1752,
      "0y": 0.16700001,
      "+1y": 0.1492
    }
  },
  "growth_estimates": {
    "stockTrend": {
      "0q": -0.069699995,
      "+1q": 0.2015,
      "0y": 0.069699995,
      "+1y": 0.1599,
      "LTG": null
    },
    "indexTrend": {
      "0q": 0.1273,
      "+1q": 0.103599995,
      "0y": 0.14310001,
      "+1y": 0.1557,
      "LTG": 0.122
    }
  },
  "revenue_forecasts": null,
  "dividend_rate": 0.84,
  "trailing_dividend_rate": 0.83
}