{
  "ticker": "GSK.L",
  "name": "GSK",
  "country": "uk",
  "currency": "GBP",
  "last_fetched": "2026-02-26T20:46:15.492480",
  "market_cap": 86967869440,
  "revenue": 32667000832,
  "net_income": 5715999744,
  "pe_ratio": 15.589929,
  "forward_pe": 11.085079,
  "dividend_yield": 3.25,
  "profit_margin": 0.17497998,
  "roe": 0.43310001,
  "debt_to_equity": 111.055,
  "beta": 0.272,
  "ev_to_ebitda": 7.778,
  "sector": "Healthcare",
  "industry": "Drug Manufacturers - General",
  "summary": "GSK plc, together with its subsidiaries, engages in the research, development, and manufacture of vaccines, specialty medicines, and general medicines to prevent and treat disease in the United Kingdom, the United States, and internationally. It operates through Commercial Operations and Total R&D segments. The company offers specialty medicines that include oncology, respiratory/immunology, inflammation, and inhaled medicines for HIV, respiratory eosinophildriven diseases, lupus and lupus nephritis, ovarian cancer, and endometrial cancer. It also provides vaccines for Shingles, Meningitis, RSV, Seasonal Influenza, Hepatitis, Diphtheria, Tetanus, Acellular Pertussis, Rotavirus, Pertussis, Polio, Haemophilus, Invasive Diseases, Pneumonia, Acute Otitis Media, Measles, Mumps, Rubella and Chickenpox, and Human Papilloma Virus. Additionally, the company offers general medicines for asthma, COPD, bacterial infection, benign prostatic hyperplasia, allergic rhinitis, and inflammatory skin conditions. It has a collaboration agreement with CureVac to develop mRNA vaccines for infectious diseases. The company has a strategic alliance with AN2 Therapeutics, Inc. for the development of new therapies for TB. The company was formerly known as GlaxoSmithKline plc and changed its name to GSK plc in May 2022. GSK plc was founded in 1715 and is headquartered in London, United Kingdom.",
  "website": "https://www.gsk.com",
  "employees": null,
  "target_high": 2750.0,
  "target_low": 1455.0,
  "target_mean": 2027.2499,
  "target_median": 1920.0001,
  "recommendation": "hold",
  "num_analysts": 20,
  "income_stmt": {
    "2025-12-31T00:00:00": {
      "Tax Effect Of Unusual Items": null,
      "Tax Rate For Calcs": null,
      "Normalized EBITDA": null,
      "Total Unusual Items": null,
      "Total Unusual Items Excluding Goodwill": null,
      "Net Income From Continuing Operation Net Minority Interest": null,
      "Reconciled Depreciation": null,
      "Reconciled Cost Of Revenue": null,
      "EBITDA": null,
      "EBIT": null,
      "Net Interest Income": null,
      "Interest Expense": null,
      "Interest Income": null,
      "Normalized Income": null,
      "Net Income From Continuing And Discontinued Operation": null,
      "Total Expenses": null,
      "Rent Expense Supplemental": null,
      "Total Operating Income As Reported": null,
      "Diluted Average Shares": 4117000000.0,
      "Basic Average Shares": 4051000000.0,
      "Diluted EPS": 1.388,
      "Basic EPS": 1.411,
      "Diluted NI Availto Com Stockholders": null,
      "Net Income Common Stockholders": null,
      "Otherunder Preferred Stock Dividend": null,
      "Net Income": null,
      "Minority Interests": null,
      "Net Income Including Noncontrolling Interests": null,
      "Net Income Discontinuous Operations": null,
      "Net Income Continuous Operations": null,
      "Tax Provision": null,
      "Pretax Income": null,
      "Special Income Charges": null,
      "Other Special Charges": null,
      "Restructuring And Mergern Acquisition": null,
      "Net Non Operating Interest Income Expense": null,
      "Total Other Finance Cost": null,
      "Interest Expense Non Operating": null,
      "Interest Income Non Operating": null,
      "Operating Income": null,
      "Operating Expense": null,
      "Other Operating Expenses": null,
      "Research And Development": null,
      "Selling General And Administration": null,
      "General And Administrative Expense": null,
      "Gross Profit": null,
      "Cost Of Revenue": null,
      "Total Revenue": null,
      "Operating Revenue": null
    },
    "2024-12-31T00:00:00": {
      "Tax Effect Of Unusual Items": -220309000.0,
      "Tax Rate For Calcs": 0.151,
      "Normalized EBITDA": 8127000000.0,
      "Total Unusual Items": -1459000000.0,
      "Total Unusual Items Excluding Goodwill": -1459000000.0,
      "Net Income From Continuing Operation Net Minority Interest": 2575000000.0,
      "Reconciled Depreciation": 2551000000.0,
      "Reconciled Cost Of Revenue": 9048000000.0,
      "EBITDA": 6668000000.0,
      "EBIT": 4117000000.0,
      "Net Interest Income": -603000000.0,
      "Interest Expense": 640000000.0,
      "Interest Income": 60000000.0,
      "Normalized Income": 3813691000.0,
      "Net Income From Continuing And Discontinued Operation": 2575000000.0,
      "Total Expenses": 25834000000.0,
      "Rent Expense Supplemental": 30000000.0,
      "Total Operating Income As Reported": 4021000000.0,
      "Diluted Average Shares": 4142000000.0,
      "Basic Average Shares": 4077000000.0,
      "Diluted EPS": 0.622,
      "Basic EPS": 0.632,
      "Diluted NI Availto Com Stockholders": 2575000000.0,
      "Net Income Common Stockholders": 2575000000.0,
      "Otherunder Preferred Stock Dividend": 0.0,
      "Net Income": 2575000000.0,
      "Minority Interests": -376000000.0,
      "Net Income Including Noncontrolling Interests": 2951000000.0,
      "Net Income Discontinuous Operations": 0.0,
      "Net Income Continuous Operations": 2951000000.0,
      "Tax Provision": 526000000.0,
      "Pretax Income": 3477000000.0,
      "Special Income Charges": -1233000000.0,
      "Other Special Charges": -518000000.0,
      "Restructuring And Mergern Acquisition": 1751000000.0,
      "Net Non Operating Interest Income Expense": -603000000.0,
      "Total Other Finance Cost": 23000000.0,
      "Interest Expense Non Operating": 640000000.0,
      "Interest Income Non Operating": 60000000.0,
      "Operating Income": 5542000000.0,
      "Operating Expense": 16786000000.0,
      "Other Operating Expenses": 9000000.0,
      "Research And Development": 6401000000.0,
      "Selling General And Administration": 11015000000.0,
      "General And Administrative Expense": 11015000000.0,
      "Gross Profit": 22328000000.0,
      "Cost Of Revenue": 9048000000.0,
      "Total Revenue": 31376000000.0,
      "Operating Revenue": 31376000000.0
    },
    "2023-12-31T00:00:00": {
      "Tax Effect Of Unusual Items": -67625000.0,
      "Tax Rate For Calcs": 0.125,
      "Normalized EBITDA": 9624000000.0,
      "Total Unusual Items": -541000000.0,
      "Total Unusual Items Excluding Goodwill": -541000000.0,
      "Net Income From Continuing Operation Net Minority Interest": 4928000000.0,
      "Reconciled Depreciation": 2294000000.0,
      "Reconciled Cost Of Revenue": 8565000000.0,
      "EBITDA": 9083000000.0,
      "EBIT": 6789000000.0,
      "Net Interest Income": -735000000.0,
      "Interest Expense": 725000000.0,
      "Interest Income": 48000000.0,
      "Normalized Income": 5401375000.0,
      "Net Income From Continuing And Discontinued Operation": 4928000000.0,
      "Total Expenses": 22983000000.0,
      "Rent Expense Supplemental": 27000000.0,
      "Total Operating Income As Reported": 6745000000.0,
      "Diluted Average Shares": 4111000000.0,
      "Basic Average Shares": 4052000000.0,
      "Diluted EPS": 1.199,
      "Basic EPS": 1.216,
      "Diluted NI Availto Com Stockholders": 4928000000.0,
      "Net Income Common Stockholders": 4928000000.0,
      "Otherunder Preferred Stock Dividend": 0.0,
      "Net Income": 4928000000.0,
      "Minority Interests": -380000000.0,
      "Net Income Including Noncontrolling Interests": 5308000000.0,
      "Net Income Discontinuous Operations": 0.0,
      "Net Income Continuous Operations": 5308000000.0,
      "Tax Provision": 756000000.0,
      "Pretax Income": 6064000000.0,
      "Special Income Charges": -704000000.0,
      "Other Special Charges": -87000000.0,
      "Restructuring And Mergern Acquisition": 791000000.0,
      "Net Non Operating Interest Income Expense": -735000000.0,
      "Total Other Finance Cost": 58000000.0,
      "Interest Expense Non Operating": 725000000.0,
      "Interest Income Non Operating": 48000000.0,
      "Operating Income": 7345000000.0,
      "Operating Expense": 14418000000.0,
      "Other Operating Expenses": null,
      "Research And Development": 6223000000.0,
      "Selling General And Administration": 9385000000.0,
      "General And Administrative Expense": 9385000000.0,
      "Gross Profit": 21763000000.0,
      "Cost Of Revenue": 8565000000.0,
      "Total Revenue": 30328000000.0,
      "Operating Revenue": 30328000000.0
    },
    "2022-12-31T00:00:00": {
      "Tax Effect Of Unusual Items": -34398000.0,
      "Tax Rate For Calcs": 0.126,
      "Normalized EBITDA": 8874000000.0,
      "Total Unusual Items": -273000000.0,
      "Total Unusual Items Excluding Goodwill": -273000000.0,
      "Net Income From Continuing Operation Net Minority Interest": 4256000000.0,
      "Reconciled Depreciation": 2147000000.0,
      "Reconciled Cost Of Revenue": 9554000000.0,
      "EBITDA": 8601000000.0,
      "EBIT": 6454000000.0,
      "Net Interest Income": -826000000.0,
      "Interest Expense": 826000000.0,
      "Interest Income": 31000000.0,
      "Normalized Income": 4494602000.0,
      "Net Income From Continuing And Discontinued Operation": 14956000000.0,
      "Total Expenses": 22595000000.0,
      "Rent Expense Supplemental": 17000000.0,
      "Total Operating Income As Reported": 6433000000.0,
      "Diluted Average Shares": 4084000000.0,
      "Basic Average Shares": 4026000000.0,
      "Diluted EPS": 3.662,
      "Basic EPS": 3.714,
      "Diluted NI Availto Com Stockholders": 14956000000.0,
      "Net Income Common Stockholders": 14956000000.0,
      "Otherunder Preferred Stock Dividend": 0.0,
      "Net Income": 14956000000.0,
      "Minority Interests": -665000000.0,
      "Net Income Including Noncontrolling Interests": 15621000000.0,
      "Net Income Discontinuous Operations": 10700000000.0,
      "Net Income Continuous Operations": 4921000000.0,
      "Tax Provision": 707000000.0,
      "Pretax Income": 5628000000.0,
      "Special Income Charges": -1231000000.0,
      "Other Special Charges": -376000000.0,
      "Restructuring And Mergern Acquisition": 1607000000.0,
      "Net Non Operating Interest Income Expense": -826000000.0,
      "Total Other Finance Cost": 31000000.0,
      "Interest Expense Non Operating": 826000000.0,
      "Interest Income Non Operating": 31000000.0,
      "Operating Income": 6729000000.0,
      "Operating Expense": 13041000000.0,
      "Other Operating Expenses": null,
      "Research And Development": 5488000000.0,
      "Selling General And Administration": 8372000000.0,
      "General And Administrative Expense": 8372000000.0,
      "Gross Profit": 19770000000.0,
      "Cost Of Revenue": 9554000000.0,
      "Total Revenue": 29324000000.0,
      "Operating Revenue": 29324000000.0
    },
    "2021-12-31T00:00:00": {
      "Tax Effect Of Unusual Items": -12811000.0,
      "Tax Rate For Calcs": 0.023,
      "Normalized EBITDA": 7042000000.0,
      "Total Unusual Items": -557000000.0,
      "Total Unusual Items Excluding Goodwill": -557000000.0,
      "Net Income From Continuing Operation Net Minority Interest": 2805000000.0,
      "Reconciled Depreciation": 2122000000.0,
      "Reconciled Cost Of Revenue": 8163000000.0,
      "EBITDA": 6485000000.0,
      "EBIT": 4363000000.0,
      "Net Interest Income": -755000000.0,
      "Interest Expense": 764000000.0,
      "Interest Income": 11000000.0,
      "Normalized Income": 3349189000.0,
      "Net Income From Continuing And Discontinued Operation": 4385000000.0,
      "Total Expenses": 19818000000.0,
      "Rent Expense Supplemental": 20000000.0,
      "Total Operating Income As Reported": 4357000000.0,
      "Diluted Average Shares": null,
      "Basic Average Shares": null,
      "Diluted EPS": null,
      "Basic EPS": null,
      "Diluted NI Availto Com Stockholders": 4385000000.0,
      "Net Income Common Stockholders": 4385000000.0,
      "Otherunder Preferred Stock Dividend": 0.0,
      "Net Income": 4385000000.0,
      "Minority Interests": -711000000.0,
      "Net Income Including Noncontrolling Interests": 5096000000.0,
      "Net Income Discontinuous Operations": 1580000000.0,
      "Net Income Continuous Operations": 3516000000.0,
      "Tax Provision": 83000000.0,
      "Pretax Income": 3599000000.0,
      "Special Income Charges": 23000000.0,
      "Other Special Charges": -1081000000.0,
      "Restructuring And Mergern Acquisition": 1058000000.0,
      "Net Non Operating Interest Income Expense": -755000000.0,
      "Total Other Finance Cost": 2000000.0,
      "Interest Expense Non Operating": 764000000.0,
      "Interest Income Non Operating": 11000000.0,
      "Operating Income": 4878000000.0,
      "Operating Expense": 11655000000.0,
      "Other Operating Expenses": null,
      "Research And Development": 5019000000.0,
      "Selling General And Administration": 7070000000.0,
      "General And Administrative Expense": 7070000000.0,
      "Gross Profit": 16533000000.0,
      "Cost Of Revenue": 8163000000.0,
      "Total Revenue": 24696000000.0,
      "Operating Revenue": 24696000000.0
    }
  },
  "quarterly_income": {
    "2025-12-31T00:00:00": {
      "Tax Effect Of Unusual Items": null,
      "Tax Rate For Calcs": null,
      "Normalized EBITDA": null,
      "Total Unusual Items": null,
      "Total Unusual Items Excluding Goodwill": null,
      "Net Income From Continuing Operation Net Minority Interest": null,
      "Reconciled Depreciation": null,
      "Reconciled Cost Of Revenue": null,
      "EBITDA": null,
      "EBIT": null,
      "Net Interest Income": null,
      "Interest Expense": null,
      "Interest Income": null,
      "Normalized Income": null,
      "Net Income From Continuing And Discontinued Operation": null,
      "Total Expenses": null,
      "Total Operating Income As Reported": null,
      "Diluted Average Shares": 4086000000.0,
      "Basic Average Shares": 4019000000.0,
      "Diluted EPS": 0.156,
      "Basic EPS": 0.158,
      "Diluted NI Availto Com Stockholders": null,
      "Net Income Common Stockholders": null,
      "Otherunder Preferred Stock Dividend": null,
      "Net Income": null,
      "Minority Interests": null,
      "Net Income Including Noncontrolling Interests": null,
      "Net Income Continuous Operations": null,
      "Tax Provision": null,
      "Pretax Income": null,
      "Special Income Charges": null,
      "Net Non Operating Interest Income Expense": null,
      "Interest Expense Non Operating": null,
      "Interest Income Non Operating": null,
      "Operating Income": null,
      "Operating Expense": null,
      "Other Operating Expenses": null,
      "Research And Development": null,
      "Selling General And Administration": null,
      "General And Administrative Expense": null,
      "Gross Profit": null,
      "Cost Of Revenue": null,
      "Total Revenue": null,
      "Operating Revenue": null
    },
    "2025-09-30T00:00:00": {
      "Tax Effect Of Unusual Items": 0.0,
      "Tax Rate For Calcs": 0.127036,
      "Normalized EBITDA": 3361000000.0,
      "Total Unusual Items": null,
      "Total Unusual Items Excluding Goodwill": null,
      "Net Income From Continuing Operation Net Minority Interest": 2013000000.0,
      "Reconciled Depreciation": 738000000.0,
      "Reconciled Cost Of Revenue": 2258000000.0,
      "EBITDA": 3361000000.0,
      "EBIT": 2623000000.0,
      "Net Interest Income": -141000000.0,
      "Interest Expense": 167000000.0,
      "Interest Income": 26000000.0,
      "Normalized Income": 2013000000.0,
      "Net Income From Continuing And Discontinued Operation": 2013000000.0,
      "Total Expenses": 5954000000.0,
      "Total Operating Income As Reported": 2593000000.0,
      "Diluted Average Shares": null,
      "Basic Average Shares": null,
      "Diluted EPS": null,
      "Basic EPS": null,
      "Diluted NI Availto Com Stockholders": 2013000000.0,
      "Net Income Common Stockholders": 2013000000.0,
      "Otherunder Preferred Stock Dividend": 0.0,
      "Net Income": 2013000000.0,
      "Minority Interests": -131000000.0,
      "Net Income Including Noncontrolling Interests": 2144000000.0,
      "Net Income Continuous Operations": 2144000000.0,
      "Tax Provision": 312000000.0,
      "Pretax Income": 2456000000.0,
      "Special Income Charges": null,
      "Net Non Operating Interest Income Expense": -141000000.0,
      "Interest Expense Non Operating": 167000000.0,
      "Interest Income Non Operating": 26000000.0,
      "Operating Income": 2593000000.0,
      "Operating Expense": 3696000000.0,
      "Other Operating Expenses": null,
      "Research And Development": 1689000000.0,
      "Selling General And Administration": 2239000000.0,
      "General And Administrative Expense": 2239000000.0,
      "Gross Profit": 6289000000.0,
      "Cost Of Revenue": 2258000000.0,
      "Total Revenue": 8547000000.0,
      "Operating Revenue": 8547000000.0
    },
    "2025-06-30T00:00:00": {
      "Tax Effect Of Unusual Items": 0.0,
      "Tax Rate For Calcs": 0.128,
      "Normalized EBITDA": 3230000000.0,
      "Total Unusual Items": null,
      "Total Unusual Items Excluding Goodwill": null,
      "Net Income From Continuing Operation Net Minority Interest": 1443000000.0,
      "Reconciled Depreciation": 1159000000.0,
      "Reconciled Cost Of Revenue": 2165000000.0,
      "EBITDA": 3230000000.0,
      "EBIT": 2071000000.0,
      "Net Interest Income": -134000000.0,
      "Interest Expense": 184000000.0,
      "Interest Income": 50000000.0,
      "Normalized Income": 1443000000.0,
      "Net Income From Continuing And Discontinued Operation": 1443000000.0,
      "Total Expenses": 5963000000.0,
      "Total Operating Income As Reported": 2023000000.0,
      "Diluted Average Shares": 4110000000.0,
      "Basic Average Shares": 4063000000.0,
      "Diluted EPS": 0.351,
      "Basic EPS": 0.355,
      "Diluted NI Availto Com Stockholders": 1443000000.0,
      "Net Income Common Stockholders": 1443000000.0,
      "Otherunder Preferred Stock Dividend": 0.0,
      "Net Income": 1443000000.0,
      "Minority Interests": -203000000.0,
      "Net Income Including Noncontrolling Interests": 1646000000.0,
      "Net Income Continuous Operations": 1646000000.0,
      "Tax Provision": 241000000.0,
      "Pretax Income": 1887000000.0,
      "Special Income Charges": null,
      "Net Non Operating Interest Income Expense": -134000000.0,
      "Interest Expense Non Operating": 184000000.0,
      "Interest Income Non Operating": 50000000.0,
      "Operating Income": 2023000000.0,
      "Operating Expense": 3798000000.0,
      "Other Operating Expenses": null,
      "Research And Development": 2024000000.0,
      "Selling General And Administration": 2140000000.0,
      "General And Administrative Expense": 2140000000.0,
      "Gross Profit": 5821000000.0,
      "Cost Of Revenue": 2165000000.0,
      "Total Revenue": 7986000000.0,
      "Operating Revenue": 7986000000.0
    },
    "2025-03-31T00:00:00": {
      "Tax Effect Of Unusual Items": 0.0,
      "Tax Rate For Calcs": 0.159,
      "Normalized EBITDA": 3093000000.0,
      "Total Unusual Items": null,
      "Total Unusual Items Excluding Goodwill": null,
      "Net Income From Continuing Operation Net Minority Interest": 1624000000.0,
      "Reconciled Depreciation": 823000000.0,
      "Reconciled Cost Of Revenue": 1937000000.0,
      "EBITDA": 3093000000.0,
      "EBIT": 2270000000.0,
      "Net Interest Income": -108000000.0,
      "Interest Expense": 162000000.0,
      "Interest Income": 54000000.0,
      "Normalized Income": 1624000000.0,
      "Net Income From Continuing And Discontinued Operation": 1624000000.0,
      "Total Expenses": 5300000000.0,
      "Total Operating Income As Reported": 2216000000.0,
      "Diluted Average Shares": 4137000000.0,
      "Basic Average Shares": 4088000000.0,
      "Diluted EPS": 0.393,
      "Basic EPS": 0.397,
      "Diluted NI Availto Com Stockholders": 1624000000.0,
      "Net Income Common Stockholders": 1624000000.0,
      "Otherunder Preferred Stock Dividend": 0.0,
      "Net Income": 1624000000.0,
      "Minority Interests": -148000000.0,
      "Net Income Including Noncontrolling Interests": 1772000000.0,
      "Net Income Continuous Operations": 1772000000.0,
      "Tax Provision": 336000000.0,
      "Pretax Income": 2108000000.0,
      "Special Income Charges": null,
      "Net Non Operating Interest Income Expense": -108000000.0,
      "Interest Expense Non Operating": 162000000.0,
      "Interest Income Non Operating": 54000000.0,
      "Operating Income": 2216000000.0,
      "Operating Expense": 3363000000.0,
      "Other Operating Expenses": 11000000.0,
      "Research And Development": 1462000000.0,
      "Selling General And Administration": 2070000000.0,
      "General And Administrative Expense": 2070000000.0,
      "Gross Profit": 5579000000.0,
      "Cost Of Revenue": 1937000000.0,
      "Total Revenue": 7516000000.0,
      "Operating Revenue": 7516000000.0
    },
    "2024-12-31T00:00:00": {
      "Tax Effect Of Unusual Items": -160671403.197158,
      "Tax Rate For Calcs": 0.110124,
      "Normalized EBITDA": 2578000000.0,
      "Total Unusual Items": -1459000000.0,
      "Total Unusual Items Excluding Goodwill": -1459000000.0,
      "Net Income From Continuing Operation Net Minority Interest": 414000000.0,
      "Reconciled Depreciation": 412000000.0,
      "Reconciled Cost Of Revenue": 2559000000.0,
      "EBITDA": 1119000000.0,
      "EBIT": 707000000.0,
      "Net Interest Income": -195000000.0,
      "Interest Expense": 144000000.0,
      "Interest Income": -28000000.0,
      "Normalized Income": 1712328596.802842,
      "Net Income From Continuing And Discontinued Operation": 414000000.0,
      "Total Expenses": 5900000000.0,
      "Total Operating Income As Reported": 696000000.0,
      "Diluted Average Shares": 4145000000.0,
      "Basic Average Shares": 4081000000.0,
      "Diluted EPS": 0.1,
      "Basic EPS": 0.101,
      "Diluted NI Availto Com Stockholders": 414000000.0,
      "Net Income Common Stockholders": 414000000.0,
      "Otherunder Preferred Stock Dividend": 0.0,
      "Net Income": 414000000.0,
      "Minority Interests": -87000000.0,
      "Net Income Including Noncontrolling Interests": 501000000.0,
      "Net Income Continuous Operations": 501000000.0,
      "Tax Provision": 62000000.0,
      "Pretax Income": 563000000.0,
      "Special Income Charges": -1233000000.0,
      "Net Non Operating Interest Income Expense": -195000000.0,
      "Interest Expense Non Operating": 144000000.0,
      "Interest Income Non Operating": -28000000.0,
      "Operating Income": 2217000000.0,
      "Operating Expense": 3341000000.0,
      "Other Operating Expenses": -1177000000.0,
      "Research And Development": 2031000000.0,
      "Selling General And Administration": 2663000000.0,
      "General And Administrative Expense": 2663000000.0,
      "Gross Profit": 5558000000.0,
      "Cost Of Revenue": 2559000000.0,
      "Total Revenue": 8117000000.0,
      "Operating Revenue": 8117000000.0
    },
    "2024-09-30T00:00:00": {
      "Tax Effect Of Unusual Items": 0.0,
      "Tax Rate For Calcs": 0.25,
      "Normalized EBITDA": 1171000000.0,
      "Total Unusual Items": 0.0,
      "Total Unusual Items Excluding Goodwill": 0.0,
      "Net Income From Continuing Operation Net Minority Interest": -58000000.0,
      "Reconciled Depreciation": 951000000.0,
      "Reconciled Cost Of Revenue": 2397000000.0,
      "EBITDA": 1171000000.0,
      "EBIT": 220000000.0,
      "Net Interest Income": -124000000.0,
      "Interest Expense": 156000000.0,
      "Interest Income": 32000000.0,
      "Normalized Income": -58000000.0,
      "Net Income From Continuing And Discontinued Operation": -58000000.0,
      "Total Expenses": 7823000000.0,
      "Total Operating Income As Reported": 189000000.0,
      "Diluted Average Shares": 4141000000.0,
      "Basic Average Shares": 4080000000.0,
      "Diluted EPS": -0.014,
      "Basic EPS": -0.014,
      "Diluted NI Availto Com Stockholders": -58000000.0,
      "Net Income Common Stockholders": -58000000.0,
      "Otherunder Preferred Stock Dividend": 0.0,
      "Net Income": -58000000.0,
      "Minority Interests": -123000000.0,
      "Net Income Including Noncontrolling Interests": 65000000.0,
      "Net Income Continuous Operations": 65000000.0,
      "Tax Provision": -1000000.0,
      "Pretax Income": 64000000.0,
      "Special Income Charges": 0.0,
      "Net Non Operating Interest Income Expense": -124000000.0,
      "Interest Expense Non Operating": 156000000.0,
      "Interest Income Non Operating": 32000000.0,
      "Operating Income": 189000000.0,
      "Operating Expense": 5426000000.0,
      "Other Operating Expenses": 335000000.0,
      "Research And Development": 1459000000.0,
      "Selling General And Administration": 3800000000.0,
      "General And Administrative Expense": 3800000000.0,
      "Gross Profit": 5615000000.0,
      "Cost Of Revenue": 2397000000.0,
      "Total Revenue": 8012000000.0,
      "Operating Revenue": 8012000000.0
    },
    "2024-06-30T00:00:00": {
      "Tax Effect Of Unusual Items": null,
      "Tax Rate For Calcs": null,
      "Normalized EBITDA": null,
      "Total Unusual Items": 0.0,
      "Total Unusual Items Excluding Goodwill": 0.0,
      "Net Income From Continuing Operation Net Minority Interest": null,
      "Reconciled Depreciation": null,
      "Reconciled Cost Of Revenue": null,
      "EBITDA": null,
      "EBIT": null,
      "Net Interest Income": null,
      "Interest Expense": null,
      "Interest Income": null,
      "Normalized Income": null,
      "Net Income From Continuing And Discontinued Operation": null,
      "Total Expenses": null,
      "Total Operating Income As Reported": null,
      "Diluted Average Shares": null,
      "Basic Average Shares": null,
      "Diluted EPS": null,
      "Basic EPS": null,
      "Diluted NI Availto Com Stockholders": null,
      "Net Income Common Stockholders": null,
      "Otherunder Preferred Stock Dividend": null,
      "Net Income": null,
      "Minority Interests": null,
      "Net Income Including Noncontrolling Interests": null,
      "Net Income Continuous Operations": null,
      "Tax Provision": null,
      "Pretax Income": null,
      "Special Income Charges": 0.0,
      "Net Non Operating Interest Income Expense": null,
      "Interest Expense Non Operating": null,
      "Interest Income Non Operating": null,
      "Operating Income": null,
      "Operating Expense": null,
      "Other Operating Expenses": 318000000.0,
      "Research And Development": null,
      "Selling General And Administration": null,
      "General And Administrative Expense": null,
      "Gross Profit": null,
      "Cost Of Revenue": null,
      "Total Revenue": null,
      "Operating Revenue": null
    }
  },
  "balance_sheet": {
    "2024-12-31T00:00:00": {
      "Treasury Shares Number": 233485461.0,
      "Ordinary Shares Number": 4080818273.0,
      "Share Issued": 4314303734.0,
      "Net Debt": 12191000000.0,
      "Total Debt": 16986000000.0,
      "Tangible Book Value": -8826000000.0,
      "Invested Capital": 29555000000.0,
      "Working Capital": -4700000000.0,
      "Net Tangible Assets": -8826000000.0,
      "Capital Lease Obligations": 1102000000.0,
      "Common Stock Equity": 13671000000.0,
      "Total Capitalization": 27374000000.0,
      "Total Equity Gross Minority Interest": 13086000000.0,
      "Minority Interest": -585000000.0,
      "Stockholders Equity": 13671000000.0,
      "Other Equity Interest": -397000000.0,
      "Retained Earnings": 7796000000.0,
      "Additional Paid In Capital": 3473000000.0,
      "Capital Stock": 1348000000.0,
      "Common Stock": 1348000000.0,
      "Total Liabilities Net Minority Interest": 46377000000.0,
      "Total Non Current Liabilities Net Minority Interest": 24680000000.0,
      "Other Non Current Liabilities": 6108000000.0,
      "Derivative Product Liabilities": null,
      "Non Current Pension And Other Postretirement Benefit Plans": 1864000000.0,
      "Non Current Accrued Expenses": 6000000.0,
      "Tradeand Other Payables Non Current": 929000000.0,
      "Non Current Deferred Revenue": 165000000.0,
      "Non Current Deferred Taxes Liabilities": 382000000.0,
      "Long Term Debt And Capital Lease Obligation": 14637000000.0,
      "Long Term Capital Lease Obligation": 934000000.0,
      "Long Term Debt": 13703000000.0,
      "Long Term Provisions": 589000000.0,
      "Current Liabilities": 21697000000.0,
      "Other Current Liabilities": 1172000000.0,
      "Current Debt And Capital Lease Obligation": 2349000000.0,
      "Current Capital Lease Obligation": 168000000.0,
      "Current Debt": 2181000000.0,
      "Pensionand Other Post Retirement Benefit Plans Current": 125000000.0,
      "Current Provisions": 1946000000.0,
      "Payables": 4585000000.0,
      "Other Payable": 420000000.0,
      "Total Tax Payable": 703000000.0,
      "Accounts Payable": 3462000000.0,
      "Total Assets": 59463000000.0,
      "Total Non Current Assets": 42466000000.0,
      "Defined Pension Benefit": 898000000.0,
      "Non Current Deferred Taxes Assets": 6757000000.0,
      "Financial Assets": 1000000.0,
      "Investmentin Financial Assets": 1136000000.0,
      "Available For Sale Securities": 848000000.0,
      "Financial Assets Designatedas Fair Value Through Profitor Loss Total": 288000000.0,
      "Long Term Equity Investment": 96000000.0,
      "Investmentsin Joint Venturesat Cost": 0.0,
      "Investmentsin Associatesat Cost": 96000000.0,
      "Goodwill And Other Intangible Assets": 22497000000.0,
      "Other Intangible Assets": 15515000000.0,
      "Goodwill": 6982000000.0,
      "Net PPE": 10073000000.0,
      "Accumulated Depreciation": -10483000000.0,
      "Gross PPE": 20556000000.0,
      "Construction In Progress": 2320000000.0,
      "Other Properties": 8000000.0,
      "Machinery Furniture Equipment": 11217000000.0,
      "Buildings And Improvements": 636000000.0,
      "Land And Improvements": 6375000000.0,
      "Properties": 0.0,
      "Current Assets": 16997000000.0,
      "Hedging Assets Current": 109000000.0,
      "Assets Held For Sale Current": 3000000.0,
      "Restricted Cash": 177000000.0,
      "Prepaid Assets": 390000000.0,
      "Inventory": 5669000000.0,
      "Finished Goods": 1625000000.0,
      "Work In Process": 2683000000.0,
      "Raw Materials": 1361000000.0,
      "Other Receivables": 436000000.0,
      "Taxes Receivable": 936000000.0,
      "Accounts Receivable": 5563000000.0,
      "Allowance For Doubtful Accounts Receivable": -99000000.0,
      "Gross Accounts Receivable": 5662000000.0,
      "Cash Cash Equivalents And Short Term Investments": 3714000000.0,
      "Other Short Term Investments": 21000000.0,
      "Cash And Cash Equivalents": 3693000000.0
    },
    "2023-12-31T00:00:00": {
      "Treasury Shares Number": 255885366.0,
      "Ordinary Shares Number": 4056260617.0,
      "Share Issued": 4312145983.0,
      "Net Debt": 14065000000.0,
      "Total Debt": 18018000000.0,
      "Tangible Book Value": -8232000000.0,
      "Invested Capital": 30158000000.0,
      "Working Capital": -2424000000.0,
      "Net Tangible Assets": -8232000000.0,
      "Capital Lease Obligations": 1207000000.0,
      "Common Stock Equity": 13347000000.0,
      "Total Capitalization": 27501000000.0,
      "Total Equity Gross Minority Interest": 12795000000.0,
      "Minority Interest": -552000000.0,
      "Stockholders Equity": 13347000000.0,
      "Other Equity Interest": -288000000.0,
      "Retained Earnings": 7239000000.0,
      "Additional Paid In Capital": 3451000000.0,
      "Capital Stock": 1348000000.0,
      "Common Stock": 1348000000.0,
      "Total Liabilities Net Minority Interest": 46210000000.0,
      "Total Non Current Liabilities Net Minority Interest": 25142000000.0,
      "Other Non Current Liabilities": 5609000000.0,
      "Derivative Product Liabilities": null,
      "Non Current Pension And Other Postretirement Benefit Plans": 2340000000.0,
      "Non Current Accrued Expenses": 4000000.0,
      "Tradeand Other Payables Non Current": 924000000.0,
      "Non Current Deferred Revenue": 254000000.0,
      "Non Current Deferred Taxes Liabilities": 311000000.0,
      "Long Term Debt And Capital Lease Obligation": 15205000000.0,
      "Long Term Capital Lease Obligation": 1051000000.0,
      "Long Term Debt": 14154000000.0,
      "Long Term Provisions": 495000000.0,
      "Current Liabilities": 21068000000.0,
      "Other Current Liabilities": 1053000000.0,
      "Current Debt And Capital Lease Obligation": 2813000000.0,
      "Current Capital Lease Obligation": 156000000.0,
      "Current Debt": 2657000000.0,
      "Pensionand Other Post Retirement Benefit Plans Current": 126000000.0,
      "Current Provisions": 744000000.0,
      "Payables": 4563000000.0,
      "Other Payable": 346000000.0,
      "Total Tax Payable": 500000000.0,
      "Accounts Payable": 3717000000.0,
      "Total Assets": 59005000000.0,
      "Total Non Current Assets": 40361000000.0,
      "Defined Pension Benefit": 634000000.0,
      "Non Current Deferred Taxes Assets": 6049000000.0,
      "Financial Assets": 0.0,
      "Investmentin Financial Assets": 1164000000.0,
      "Available For Sale Securities": 940000000.0,
      "Financial Assets Designatedas Fair Value Through Profitor Loss Total": 224000000.0,
      "Long Term Equity Investment": 55000000.0,
      "Investmentsin Joint Venturesat Cost": 0.0,
      "Investmentsin Associatesat Cost": 55000000.0,
      "Goodwill And Other Intangible Assets": 21579000000.0,
      "Other Intangible Assets": 14768000000.0,
      "Goodwill": 6811000000.0,
      "Net PPE": 9957000000.0,
      "Accumulated Depreciation": -10259000000.0,
      "Gross PPE": 20216000000.0,
      "Construction In Progress": 2120000000.0,
      "Other Properties": 4000000.0,
      "Machinery Furniture Equipment": 10886000000.0,
      "Buildings And Improvements": 751000000.0,
      "Land And Improvements": 6455000000.0,
      "Properties": 0.0,
      "Current Assets": 18644000000.0,
      "Hedging Assets Current": 130000000.0,
      "Assets Held For Sale Current": 76000000.0,
      "Restricted Cash": 190000000.0,
      "Prepaid Assets": 355000000.0,
      "Inventory": 5498000000.0,
      "Finished Goods": 1455000000.0,
      "Work In Process": 2449000000.0,
      "Raw Materials": 1594000000.0,
      "Other Receivables": 560000000.0,
      "Taxes Receivable": 938000000.0,
      "Accounts Receivable": 5905000000.0,
      "Allowance For Doubtful Accounts Receivable": -85000000.0,
      "Gross Accounts Receivable": 5990000000.0,
      "Cash Cash Equivalents And Short Term Investments": 4992000000.0,
      "Other Short Term Investments": 2246000000.0,
      "Cash And Cash Equivalents": 2746000000.0
    },
    "2022-12-31T00:00:00": {
      "Treasury Shares Number": 217124760.0,
      "Ordinary Shares Number": 4094218581.0,
      "Share Issued": 4311343341.0,
      "Net Debt": 16456000000.0,
      "Total Debt": 20987000000.0,
      "Tangible Book Value": -10766000000.0,
      "Invested Capital": 30577000000.0,
      "Working Capital": -2041000000.0,
      "Net Tangible Assets": -10766000000.0,
      "Capital Lease Obligations": 1008000000.0,
      "Common Stock Equity": 10598000000.0,
      "Total Capitalization": 26792000000.0,
      "Total Equity Gross Minority Interest": 10096000000.0,
      "Minority Interest": -502000000.0,
      "Stockholders Equity": 10598000000.0,
      "Other Equity Interest": -353000000.0,
      "Retained Earnings": 4363000000.0,
      "Additional Paid In Capital": 3440000000.0,
      "Capital Stock": 1347000000.0,
      "Common Stock": 1347000000.0,
      "Total Liabilities Net Minority Interest": 50050000000.0,
      "Total Non Current Liabilities Net Minority Interest": 27240000000.0,
      "Other Non Current Liabilities": 5779000000.0,
      "Derivative Product Liabilities": 0.0,
      "Non Current Pension And Other Postretirement Benefit Plans": 2579000000.0,
      "Non Current Accrued Expenses": 11000000.0,
      "Tradeand Other Payables Non Current": 932000000.0,
      "Non Current Deferred Revenue": 83000000.0,
      "Non Current Deferred Taxes Liabilities": 289000000.0,
      "Long Term Debt And Capital Lease Obligation": 17035000000.0,
      "Long Term Capital Lease Obligation": 841000000.0,
      "Long Term Debt": 16194000000.0,
      "Long Term Provisions": 532000000.0,
      "Current Liabilities": 22810000000.0,
      "Other Current Liabilities": 1289000000.0,
      "Current Debt And Capital Lease Obligation": 3952000000.0,
      "Current Capital Lease Obligation": 167000000.0,
      "Current Debt": 3785000000.0,
      "Pensionand Other Post Retirement Benefit Plans Current": 126000000.0,
      "Current Provisions": 652000000.0,
      "Payables": 4755000000.0,
      "Other Payable": 418000000.0,
      "Total Tax Payable": 471000000.0,
      "Accounts Payable": 3866000000.0,
      "Total Assets": 60146000000.0,
      "Total Non Current Assets": 39377000000.0,
      "Defined Pension Benefit": 229000000.0,
      "Non Current Deferred Taxes Assets": 5658000000.0,
      "Financial Assets": 0.0,
      "Investmentin Financial Assets": 1501000000.0,
      "Available For Sale Securities": 1174000000.0,
      "Financial Assets Designatedas Fair Value Through Profitor Loss Total": 327000000.0,
      "Long Term Equity Investment": 74000000.0,
      "Investmentsin Joint Venturesat Cost": 10000000.0,
      "Investmentsin Associatesat Cost": 64000000.0,
      "Goodwill And Other Intangible Assets": 21364000000.0,
      "Other Intangible Assets": 14318000000.0,
      "Goodwill": 7046000000.0,
      "Net PPE": 9620000000.0,
      "Accumulated Depreciation": -10518000000.0,
      "Gross PPE": 20138000000.0,
      "Construction In Progress": 1850000000.0,
      "Other Properties": 6000000.0,
      "Machinery Furniture Equipment": 11073000000.0,
      "Buildings And Improvements": 561000000.0,
      "Land And Improvements": 6648000000.0,
      "Properties": 0.0,
      "Current Assets": 20769000000.0,
      "Hedging Assets Current": 190000000.0,
      "Assets Held For Sale Current": 98000000.0,
      "Restricted Cash": 200000000.0,
      "Prepaid Assets": 343000000.0,
      "Inventory": 5146000000.0,
      "Finished Goods": 1284000000.0,
      "Work In Process": 2286000000.0,
      "Raw Materials": 1576000000.0,
      "Other Receivables": 766000000.0,
      "Taxes Receivable": 897000000.0,
      "Accounts Receivable": 5452000000.0,
      "Allowance For Doubtful Accounts Receivable": -91000000.0,
      "Gross Accounts Receivable": 5543000000.0,
      "Cash Cash Equivalents And Short Term Investments": 7677000000.0,
      "Other Short Term Investments": 4154000000.0,
      "Cash And Cash Equivalents": 3523000000.0
    },
    "2021-12-31T00:00:00": {
      "Treasury Shares Number": 284164760.0,
      "Ordinary Shares Number": 4025447287.0,
      "Share Issued": 4309612047.0,
      "Net Debt": 19084000000.0,
      "Total Debt": 24173000000.0,
      "Tangible Book Value": -25576000000.0,
      "Invested Capital": 38213000000.0,
      "Working Capital": -4996000000.0,
      "Net Tangible Assets": -25576000000.0,
      "Capital Lease Obligations": 1015000000.0,
      "Common Stock Equity": 15055000000.0,
      "Total Capitalization": 34815000000.0,
      "Total Equity Gross Minority Interest": 21342000000.0,
      "Minority Interest": 6287000000.0,
      "Stockholders Equity": 15055000000.0,
      "Other Equity Interest": -28000000.0,
      "Retained Earnings": 7944000000.0,
      "Additional Paid In Capital": 3301000000.0,
      "Capital Stock": 1347000000.0,
      "Common Stock": 1347000000.0,
      "Total Liabilities Net Minority Interest": 57761000000.0,
      "Total Non Current Liabilities Net Minority Interest": 34091000000.0,
      "Other Non Current Liabilities": 5118000000.0,
      "Derivative Product Liabilities": 1000000.0,
      "Non Current Pension And Other Postretirement Benefit Plans": 3113000000.0,
      "Non Current Accrued Expenses": 13000000.0,
      "Tradeand Other Payables Non Current": 1003000000.0,
      "Non Current Deferred Revenue": 85000000.0,
      "Non Current Deferred Taxes Liabilities": 3556000000.0,
      "Long Term Debt And Capital Lease Obligation": 20572000000.0,
      "Long Term Capital Lease Obligation": 812000000.0,
      "Long Term Debt": 19760000000.0,
      "Long Term Provisions": 630000000.0,
      "Current Liabilities": 23670000000.0,
      "Other Current Liabilities": 958000000.0,
      "Current Debt And Capital Lease Obligation": 3601000000.0,
      "Current Capital Lease Obligation": 203000000.0,
      "Current Debt": 3398000000.0,
      "Pensionand Other Post Retirement Benefit Plans Current": 152000000.0,
      "Current Provisions": 841000000.0,
      "Payables": 5542000000.0,
      "Other Payable": 518000000.0,
      "Total Tax Payable": 489000000.0,
      "Accounts Payable": 4535000000.0,
      "Total Assets": 79103000000.0,
      "Total Non Current Assets": 60429000000.0,
      "Defined Pension Benefit": 741000000.0,
      "Non Current Deferred Taxes Assets": 5218000000.0,
      "Financial Assets": 18000000.0,
      "Investmentin Financial Assets": 2126000000.0,
      "Available For Sale Securities": 1927000000.0,
      "Financial Assets Designatedas Fair Value Through Profitor Loss Total": 199000000.0,
      "Long Term Equity Investment": 88000000.0,
      "Investmentsin Joint Venturesat Cost": 12000000.0,
      "Investmentsin Associatesat Cost": 76000000.0,
      "Goodwill And Other Intangible Assets": 40631000000.0,
      "Other Intangible Assets": 30079000000.0,
      "Goodwill": 10552000000.0,
      "Net PPE": 10672000000.0,
      "Accumulated Depreciation": -10846000000.0,
      "Gross PPE": 21518000000.0,
      "Construction In Progress": 1750000000.0,
      "Other Properties": 9000000.0,
      "Machinery Furniture Equipment": 11914000000.0,
      "Buildings And Improvements": 633000000.0,
      "Land And Improvements": 7212000000.0,
      "Properties": 0.0,
      "Current Assets": 18674000000.0,
      "Hedging Assets Current": 188000000.0,
      "Assets Held For Sale Current": 22000000.0,
      "Restricted Cash": 200000000.0,
      "Prepaid Assets": 315000000.0,
      "Inventory": 5783000000.0,
      "Finished Goods": 2122000000.0,
      "Work In Process": 1889000000.0,
      "Raw Materials": 1772000000.0,
      "Other Receivables": 1299000000.0,
      "Taxes Receivable": 486000000.0,
      "Accounts Receivable": 6246000000.0,
      "Allowance For Doubtful Accounts Receivable": -150000000.0,
      "Gross Accounts Receivable": 6396000000.0,
      "Cash Cash Equivalents And Short Term Investments": 4135000000.0,
      "Other Short Term Investments": 61000000.0,
      "Cash And Cash Equivalents": 4074000000.0
    }
  },
  "cashflow": {
    "2024-12-31T00:00:00": {
      "Free Cash Flow": 3572000000.0,
      "Repayment Of Debt": -2507000000.0,
      "Issuance Of Debt": 1341000000.0,
      "Issuance Of Capital Stock": 20000000.0,
      "Capital Expenditure": -2982000000.0,
      "End Cash Position": 3403000000.0,
      "Beginning Cash Position": 2858000000.0,
      "Effect Of Exchange Rate Changes": -54000000.0,
      "Changes In Cash": 599000000.0,
      "Financing Cash Flow": -4726000000.0,
      "Net Other Financing Charges": 138000000.0,
      "Interest Paid Cff": -632000000.0,
      "Cash Dividends Paid": -2444000000.0,
      "Common Stock Dividend Paid": -2444000000.0,
      "Net Common Stock Issuance": 20000000.0,
      "Common Stock Issuance": 20000000.0,
      "Net Issuance Payments Of Debt": -1166000000.0,
      "Net Short Term Debt Issuance": -626000000.0,
      "Short Term Debt Payments": -892000000.0,
      "Short Term Debt Issuance": 266000000.0,
      "Net Long Term Debt Issuance": -540000000.0,
      "Long Term Debt Payments": -1615000000.0,
      "Long Term Debt Issuance": 1075000000.0,
      "Investing Cash Flow": -1229000000.0,
      "Net Other Investing Changes": -1000000.0,
      "Interest Received Cfi": 138000000.0,
      "Dividends Received Cfi": 31000000.0,
      "Net Investment Purchase And Sale": 21000000.0,
      "Sale Of Investment": 21000000.0,
      "Net Business Purchase And Sale": 1368000000.0,
      "Sale Of Business": 2356000000.0,
      "Purchase Of Business": -988000000.0,
      "Net Intangibles Purchase And Sale": -1452000000.0,
      "Sale Of Intangibles": 131000000.0,
      "Purchase Of Intangibles": -1583000000.0,
      "Net PPE Purchase And Sale": -1334000000.0,
      "Sale Of PPE": 65000000.0,
      "Purchase Of PPE": -1399000000.0,
      "Operating Cash Flow": 6554000000.0,
      "Taxes Refund Paid": -1307000000.0,
      "Change In Working Capital": 2090000000.0,
      "Change In Other Current Liabilities": 1834000000.0,
      "Change In Other Current Assets": 999000000.0,
      "Change In Payable": -789000000.0,
      "Change In Inventory": -294000000.0,
      "Change In Receivables": 340000000.0,
      "Other Non Cash Items": 398000000.0,
      "Stock Based Compensation": 344000000.0,
      "Deferred Tax": 526000000.0,
      "Depreciation And Amortization": 2551000000.0,
      "Amortization Cash Flow": 1454000000.0,
      "Depreciation": 1097000000.0,
      "Gain Loss On Investment Securities": -10000000.0,
      "Gain Loss On Sale Of PPE": -170000000.0,
      "Gain Loss On Sale Of Business": 5000000.0,
      "Net Income From Continuing Operations": 2951000000.0
    },
    "2023-12-31T00:00:00": {
      "Free Cash Flow": 4424000000.0,
      "Repayment Of Debt": -2593000000.0,
      "Issuance Of Debt": 223000000.0,
      "Issuance Of Capital Stock": 10000000.0,
      "Capital Expenditure": -2344000000.0,
      "End Cash Position": 2858000000.0,
      "Beginning Cash Position": 3425000000.0,
      "Effect Of Exchange Rate Changes": -99000000.0,
      "Changes In Cash": -468000000.0,
      "Financing Cash Flow": -5641000000.0,
      "Net Other Financing Charges": 341000000.0,
      "Interest Paid Cff": -766000000.0,
      "Cash Dividends Paid": -2247000000.0,
      "Common Stock Dividend Paid": -2247000000.0,
      "Net Common Stock Issuance": 10000000.0,
      "Common Stock Issuance": 10000000.0,
      "Net Issuance Payments Of Debt": -2370000000.0,
      "Net Short Term Debt Issuance": -333000000.0,
      "Short Term Debt Payments": -333000000.0,
      "Short Term Debt Issuance": 0.0,
      "Net Long Term Debt Issuance": -2037000000.0,
      "Long Term Debt Payments": -2260000000.0,
      "Long Term Debt Issuance": 223000000.0,
      "Investing Cash Flow": -1595000000.0,
      "Net Other Investing Changes": null,
      "Interest Received Cfi": 115000000.0,
      "Dividends Received Cfi": 231000000.0,
      "Net Investment Purchase And Sale": 72000000.0,
      "Sale Of Investment": 72000000.0,
      "Net Business Purchase And Sale": 291000000.0,
      "Sale Of Business": 1882000000.0,
      "Purchase Of Business": -1591000000.0,
      "Net Intangibles Purchase And Sale": -1018000000.0,
      "Sale Of Intangibles": 12000000.0,
      "Purchase Of Intangibles": -1030000000.0,
      "Net PPE Purchase And Sale": -1286000000.0,
      "Sale Of PPE": 28000000.0,
      "Purchase Of PPE": -1314000000.0,
      "Operating Cash Flow": 6768000000.0,
      "Taxes Refund Paid": -1328000000.0,
      "Change In Working Capital": -364000000.0,
      "Change In Other Current Liabilities": 492000000.0,
      "Change In Other Current Assets": -457000000.0,
      "Change In Payable": 674000000.0,
      "Change In Inventory": -424000000.0,
      "Change In Receivables": -649000000.0,
      "Other Non Cash Items": 470000000.0,
      "Stock Based Compensation": 307000000.0,
      "Deferred Tax": 756000000.0,
      "Depreciation And Amortization": 2294000000.0,
      "Amortization Cash Flow": 1212000000.0,
      "Depreciation": 1082000000.0,
      "Gain Loss On Investment Securities": null,
      "Gain Loss On Sale Of PPE": -12000000.0,
      "Gain Loss On Sale Of Business": -1000000.0,
      "Net Income From Continuing Operations": 5308000000.0
    },
    "2022-12-31T00:00:00": {
      "Free Cash Flow": 5145000000.0,
      "Repayment Of Debt": -6668000000.0,
      "Issuance Of Debt": 2046000000.0,
      "Issuance Of Capital Stock": 25000000.0,
      "Capital Expenditure": -2258000000.0,
      "End Cash Position": 3425000000.0,
      "Beginning Cash Position": 3819000000.0,
      "Effect Of Exchange Rate Changes": 152000000.0,
      "Changes In Cash": -546000000.0,
      "Financing Cash Flow": 823000000.0,
      "Net Other Financing Charges": 10458000000.0,
      "Interest Paid Cff": -848000000.0,
      "Cash Dividends Paid": -3467000000.0,
      "Common Stock Dividend Paid": -3467000000.0,
      "Net Common Stock Issuance": 25000000.0,
      "Common Stock Issuance": 25000000.0,
      "Net Issuance Payments Of Debt": -4622000000.0,
      "Net Short Term Debt Issuance": 1021000000.0,
      "Short Term Debt Payments": 0.0,
      "Short Term Debt Issuance": 1021000000.0,
      "Net Long Term Debt Issuance": -5643000000.0,
      "Long Term Debt Payments": -6668000000.0,
      "Long Term Debt Issuance": 1025000000.0,
      "Investing Cash Flow": -8772000000.0,
      "Net Other Investing Changes": -3791000000.0,
      "Interest Received Cfi": 64000000.0,
      "Dividends Received Cfi": 6000000.0,
      "Net Investment Purchase And Sale": 1000000.0,
      "Sale Of Investment": 1000000.0,
      "Net Business Purchase And Sale": -3136000000.0,
      "Sale Of Business": 238000000.0,
      "Purchase Of Business": -3374000000.0,
      "Net Intangibles Purchase And Sale": -919000000.0,
      "Sale Of Intangibles": 196000000.0,
      "Purchase Of Intangibles": -1115000000.0,
      "Net PPE Purchase And Sale": -997000000.0,
      "Sale Of PPE": 146000000.0,
      "Purchase Of PPE": -1143000000.0,
      "Operating Cash Flow": 7403000000.0,
      "Taxes Refund Paid": -1310000000.0,
      "Change In Working Capital": 270000000.0,
      "Change In Other Current Liabilities": 1628000000.0,
      "Change In Other Current Assets": -962000000.0,
      "Change In Payable": 489000000.0,
      "Change In Inventory": -269000000.0,
      "Change In Receivables": -616000000.0,
      "Other Non Cash Items": 350000000.0,
      "Stock Based Compensation": 346000000.0,
      "Deferred Tax": 707000000.0,
      "Depreciation And Amortization": 2147000000.0,
      "Amortization Cash Flow": 1086000000.0,
      "Depreciation": 1061000000.0,
      "Gain Loss On Investment Securities": -1000000.0,
      "Gain Loss On Sale Of PPE": -185000000.0,
      "Gain Loss On Sale Of Business": -36000000.0,
      "Net Income From Continuing Operations": 4921000000.0
    },
    "2021-12-31T00:00:00": {
      "Free Cash Flow": 5298000000.0,
      "Repayment Of Debt": -2304000000.0,
      "Issuance Of Debt": 301000000.0,
      "Issuance Of Capital Stock": 21000000.0,
      "Capital Expenditure": -2654000000.0,
      "End Cash Position": 3819000000.0,
      "Beginning Cash Position": 5262000000.0,
      "Effect Of Exchange Rate Changes": -29000000.0,
      "Changes In Cash": -1414000000.0,
      "Financing Cash Flow": -7589000000.0,
      "Net Other Financing Charges": -416000000.0,
      "Interest Paid Cff": -772000000.0,
      "Cash Dividends Paid": -3999000000.0,
      "Common Stock Dividend Paid": -3999000000.0,
      "Net Common Stock Issuance": 21000000.0,
      "Common Stock Issuance": 21000000.0,
      "Net Issuance Payments Of Debt": -2003000000.0,
      "Net Short Term Debt Issuance": -2003000000.0,
      "Short Term Debt Payments": -2304000000.0,
      "Short Term Debt Issuance": 301000000.0,
      "Net Long Term Debt Issuance": 0.0,
      "Long Term Debt Payments": 0.0,
      "Long Term Debt Issuance": 0.0,
      "Investing Cash Flow": -1777000000.0,
      "Net Other Investing Changes": -122000000.0,
      "Interest Received Cfi": 14000000.0,
      "Dividends Received Cfi": 9000000.0,
      "Net Investment Purchase And Sale": 18000000.0,
      "Sale Of Investment": 18000000.0,
      "Net Business Purchase And Sale": 185000000.0,
      "Sale Of Business": 479000000.0,
      "Purchase Of Business": -294000000.0,
      "Net Intangibles Purchase And Sale": -1063000000.0,
      "Sale Of Intangibles": 641000000.0,
      "Purchase Of Intangibles": -1704000000.0,
      "Net PPE Purchase And Sale": -818000000.0,
      "Sale Of PPE": 132000000.0,
      "Purchase Of PPE": -950000000.0,
      "Operating Cash Flow": 7952000000.0,
      "Taxes Refund Paid": -972000000.0,
      "Change In Working Capital": 1387000000.0,
      "Change In Other Current Liabilities": 1063000000.0,
      "Change In Other Current Assets": -299000000.0,
      "Change In Payable": 1734000000.0,
      "Change In Inventory": 51000000.0,
      "Change In Receivables": -1162000000.0,
      "Other Non Cash Items": 602000000.0,
      "Stock Based Compensation": 343000000.0,
      "Deferred Tax": 83000000.0,
      "Depreciation And Amortization": 2122000000.0,
      "Amortization Cash Flow": 1088000000.0,
      "Depreciation": 1034000000.0,
      "Gain Loss On Investment Securities": -8000000.0,
      "Gain Loss On Sale Of PPE": -539000000.0,
      "Gain Loss On Sale Of Business": -11000000.0,
      "Net Income From Continuing Operations": 3516000000.0
    }
  },
  "earnings_estimate": {
    "avg": {
      "0q": 0.44287,
      "+1q": 0.47034,
      "0y": 1.79174,
      "+1y": 1.95488
    },
    "low": {
      "0q": 0.41663,
      "+1q": 0.437,
      "0y": 1.72135,
      "+1y": 1.8
    },
    "high": {
      "0q": 0.47,
      "+1q": 0.51,
      "0y": 1.92102,
      "+1y": 2.189
    },
    "yearAgoEps": {
      "0q": 0.449,
      "+1q": 0.465,
      "0y": 1.72,
      "+1y": 1.79174
    },
    "numberOfAnalysts": {
      "0q": 5,
      "+1q": 5,
      "0y": 18,
      "+1y": 18
    },
    "growth": {
      "0q": -0.0137,
      "+1q": 0.0115,
      "0y": 0.0417,
      "+1y": 0.0911
    }
  },
  "revenue_estimate": {
    "avg": {
      "0q": 7647325750,
      "+1q": 8290317680,
      "0y": 33789902570,
      "+1y": 35400578130
    },
    "low": {
      "0q": 7593000000,
      "+1q": 8150295000,
      "0y": 33240160320,
      "+1y": 34592000000
    },
    "high": {
      "0q": 7756079000,
      "+1q": 8434719999,
      "0y": 34335000000,
      "+1y": 38111000000
    },
    "numberOfAnalysts": {
      "0q": 5,
      "+1q": 5,
      "0y": 19,
      "+1y": 19
    },
    "yearAgoRevenue": {
      "0q": 7516000000,
      "+1q": 7986000000,
      "0y": 32667000000,
      "+1y": 33789902570
    },
    "growth": {
      "0q": 0.0175,
      "+1q": 0.0381,
      "0y": 0.0344,
      "+1y": 0.0477
    }
  },
  "growth_estimates": {
    "stockTrend": {
      "0q": -0.0137,
      "+1q": 0.0115,
      "0y": 0.0417,
      "+1y": 0.0911,
      "LTG": null
    },
    "indexTrend": {
      "0q": 0.1273,
      "+1q": 0.103599995,
      "0y": 0.14310001,
      "+1y": 0.1557,
      "LTG": 0.122
    }
  },
  "revenue_forecasts": null,
  "dividend_rate": 0.72,
  "trailing_dividend_rate": 0.66
}