{
  "ticker": "HD",
  "name": "Home Depot",
  "country": "usa",
  "currency": "USD",
  "last_fetched": "2026-02-26T20:45:41.142908",
  "market_cap": 375243112448,
  "revenue": 164683005952,
  "net_income": 14156000256,
  "pe_ratio": 26.488756,
  "forward_pe": 23.074324,
  "dividend_yield": 2.48,
  "profit_margin": 0.08596,
  "roe": 1.45541,
  "debt_to_equity": 510.029,
  "beta": 1.089,
  "ev_to_ebitda": 17.468,
  "sector": "Consumer Cyclical",
  "industry": "Home Improvement Retail",
  "summary": "The Home Depot, Inc. operates as a home improvement retailer in the United States and internationally. It sells various building materials, home improvement products, lawn and garden products, and décor products, as well as facilities maintenance, repair, and operations products. The company also offers installation services for flooring, water heaters, baths, garage doors, cabinets, cabinet makeovers, countertops, sheds, furnaces and central air systems, and windows. In addition, it provides tool and equipment rental services. The company serves consumers, such as do-it-yourself homeowners and do-it-for-me customers; and professional renovators/remodelers, general contractors, small to medium homebuilders, maintenance professionals, handymen, property managers, building service contractors and specialty tradespeople, such as electricians, landscapers, plumbers, painters, pool contractors, and roofers. It sells its products through websites and its mobile applications, including homedepot.com; homedepot.ca and homedepot.com.mx; blinds.com, justblinds.com, and americanblinds.com for custom window coverings; thecompanystore.com, an online site for textiles and décor products; hdsupply.com for maintenance, repair, and operations products and related services; and srsdistribution.com, heritagelandscapesupplygroup.com, and heritagepoolsupplygroup.com for roofing and building materials, landscape, and pool products; and The Home Depot stores. The Home Depot, Inc. was incorporated in 1978 and is headquartered in Atlanta, Georgia.",
  "website": "https://www.homedepot.com",
  "employees": 470000,
  "target_high": 454.0,
  "target_low": 320.0,
  "target_mean": 408.21213,
  "target_median": 415.0,
  "recommendation": "buy",
  "num_analysts": 33,
  "income_stmt": {
    "2025-01-31T00:00:00": {
      "Tax Effect Of Unusual Items": 0.0,
      "Tax Rate For Calcs": 0.237,
      "Normalized EBITDA": 25488000000.0,
      "Net Income From Continuing Operation Net Minority Interest": 14806000000.0,
      "Reconciled Depreciation": 3761000000.0,
      "Reconciled Cost Of Revenue": 105479000000.0,
      "EBITDA": 25488000000.0,
      "EBIT": 21727000000.0,
      "Net Interest Income": -2120000000.0,
      "Interest Expense": 2321000000.0,
      "Interest Income": 201000000.0,
      "Normalized Income": 14806000000.0,
      "Net Income From Continuing And Discontinued Operation": 14806000000.0,
      "Total Expenses": 137988000000.0,
      "Total Operating Income As Reported": 21526000000.0,
      "Diluted Average Shares": 993000000.0,
      "Basic Average Shares": 990000000.0,
      "Diluted EPS": 14.91,
      "Basic EPS": 14.96,
      "Diluted NI Availto Com Stockholders": 14806000000.0,
      "Net Income Common Stockholders": 14806000000.0,
      "Net Income": 14806000000.0,
      "Net Income Including Noncontrolling Interests": 14806000000.0,
      "Net Income Continuous Operations": 14806000000.0,
      "Tax Provision": 4600000000.0,
      "Pretax Income": 19406000000.0,
      "Other Income Expense": null,
      "Other Non Operating Income Expenses": null,
      "Net Non Operating Interest Income Expense": -2120000000.0,
      "Interest Expense Non Operating": 2321000000.0,
      "Interest Income Non Operating": 201000000.0,
      "Operating Income": 21526000000.0,
      "Operating Expense": 31782000000.0,
      "Depreciation Amortization Depletion Income Statement": 3034000000.0,
      "Depreciation And Amortization In Income Statement": 3034000000.0,
      "Selling General And Administration": 28748000000.0,
      "Gross Profit": 53308000000.0,
      "Cost Of Revenue": 106206000000.0,
      "Total Revenue": 159514000000.0,
      "Operating Revenue": 159514000000.0
    },
    "2024-01-31T00:00:00": {
      "Tax Effect Of Unusual Items": 0.0,
      "Tax Rate For Calcs": 0.24,
      "Normalized EBITDA": 25114000000.0,
      "Net Income From Continuing Operation Net Minority Interest": 15143000000.0,
      "Reconciled Depreciation": 3247000000.0,
      "Reconciled Cost Of Revenue": 101135000000.0,
      "EBITDA": 25114000000.0,
      "EBIT": 21867000000.0,
      "Net Interest Income": -1765000000.0,
      "Interest Expense": 1943000000.0,
      "Interest Income": 178000000.0,
      "Normalized Income": 15143000000.0,
      "Net Income From Continuing And Discontinued Operation": 15143000000.0,
      "Total Expenses": 130980000000.0,
      "Total Operating Income As Reported": 21689000000.0,
      "Diluted Average Shares": 1002000000.0,
      "Basic Average Shares": 999000000.0,
      "Diluted EPS": 15.11,
      "Basic EPS": 15.16,
      "Diluted NI Availto Com Stockholders": 15143000000.0,
      "Net Income Common Stockholders": 15143000000.0,
      "Net Income": 15143000000.0,
      "Net Income Including Noncontrolling Interests": 15143000000.0,
      "Net Income Continuous Operations": 15143000000.0,
      "Tax Provision": 4781000000.0,
      "Pretax Income": 19924000000.0,
      "Other Income Expense": -1000000.0,
      "Other Non Operating Income Expenses": -1000000.0,
      "Net Non Operating Interest Income Expense": -1765000000.0,
      "Interest Expense Non Operating": 1943000000.0,
      "Interest Income Non Operating": 178000000.0,
      "Operating Income": 21689000000.0,
      "Operating Expense": 29271000000.0,
      "Depreciation Amortization Depletion Income Statement": 2673000000.0,
      "Depreciation And Amortization In Income Statement": 2673000000.0,
      "Selling General And Administration": 26598000000.0,
      "Gross Profit": 50960000000.0,
      "Cost Of Revenue": 101709000000.0,
      "Total Revenue": 152669000000.0,
      "Operating Revenue": 152669000000.0
    },
    "2023-01-31T00:00:00": {
      "Tax Effect Of Unusual Items": 0.0,
      "Tax Rate For Calcs": 0.239,
      "Normalized EBITDA": 27069000000.0,
      "Net Income From Continuing Operation Net Minority Interest": 17105000000.0,
      "Reconciled Depreciation": 2975000000.0,
      "Reconciled Cost Of Revenue": 104105000000.0,
      "EBITDA": 27069000000.0,
      "EBIT": 24094000000.0,
      "Net Interest Income": -1562000000.0,
      "Interest Expense": 1617000000.0,
      "Interest Income": 55000000.0,
      "Normalized Income": 17105000000.0,
      "Net Income From Continuing And Discontinued Operation": 17105000000.0,
      "Total Expenses": 133364000000.0,
      "Total Operating Income As Reported": 24039000000.0,
      "Diluted Average Shares": 1025000000.0,
      "Basic Average Shares": 1022000000.0,
      "Diluted EPS": 16.69,
      "Basic EPS": 16.74,
      "Diluted NI Availto Com Stockholders": 17105000000.0,
      "Net Income Common Stockholders": 17105000000.0,
      "Net Income": 17105000000.0,
      "Net Income Including Noncontrolling Interests": 17105000000.0,
      "Net Income Continuous Operations": 17105000000.0,
      "Tax Provision": 5372000000.0,
      "Pretax Income": 22477000000.0,
      "Other Income Expense": 1000000.0,
      "Other Non Operating Income Expenses": 1000000.0,
      "Net Non Operating Interest Income Expense": -1562000000.0,
      "Interest Expense Non Operating": 1617000000.0,
      "Interest Income Non Operating": 55000000.0,
      "Operating Income": 24039000000.0,
      "Operating Expense": 28739000000.0,
      "Depreciation Amortization Depletion Income Statement": 2455000000.0,
      "Depreciation And Amortization In Income Statement": 2455000000.0,
      "Selling General And Administration": 26284000000.0,
      "Gross Profit": 52778000000.0,
      "Cost Of Revenue": 104625000000.0,
      "Total Revenue": 157403000000.0,
      "Operating Revenue": 157403000000.0
    },
    "2022-01-31T00:00:00": {
      "Tax Effect Of Unusual Items": 0.0,
      "Tax Rate For Calcs": 0.244,
      "Normalized EBITDA": 25946000000.0,
      "Net Income From Continuing Operation Net Minority Interest": 16433000000.0,
      "Reconciled Depreciation": 2862000000.0,
      "Reconciled Cost Of Revenue": 99849000000.0,
      "EBITDA": 25946000000.0,
      "EBIT": 23084000000.0,
      "Net Interest Income": -1303000000.0,
      "Interest Expense": 1347000000.0,
      "Interest Income": 44000000.0,
      "Normalized Income": 16433000000.0,
      "Net Income From Continuing And Discontinued Operation": 16433000000.0,
      "Total Expenses": 128117000000.0,
      "Total Operating Income As Reported": 23040000000.0,
      "Diluted Average Shares": 1058000000.0,
      "Basic Average Shares": 1054000000.0,
      "Diluted EPS": 15.53,
      "Basic EPS": 15.59,
      "Diluted NI Availto Com Stockholders": 16433000000.0,
      "Net Income Common Stockholders": 16433000000.0,
      "Net Income": 16433000000.0,
      "Net Income Including Noncontrolling Interests": 16433000000.0,
      "Net Income Continuous Operations": 16433000000.0,
      "Tax Provision": 5304000000.0,
      "Pretax Income": 21737000000.0,
      "Other Income Expense": -35000000.0,
      "Other Non Operating Income Expenses": -35000000.0,
      "Net Non Operating Interest Income Expense": -1303000000.0,
      "Interest Expense Non Operating": 1347000000.0,
      "Interest Income Non Operating": 44000000.0,
      "Operating Income": 23040000000.0,
      "Operating Expense": 27792000000.0,
      "Depreciation Amortization Depletion Income Statement": 2386000000.0,
      "Depreciation And Amortization In Income Statement": 2386000000.0,
      "Selling General And Administration": 25406000000.0,
      "Gross Profit": 50832000000.0,
      "Cost Of Revenue": 100325000000.0,
      "Total Revenue": 151157000000.0,
      "Operating Revenue": 151157000000.0
    }
  },
  "quarterly_income": {
    "2025-10-31T00:00:00": {
      "Tax Effect Of Unusual Items": 0.0,
      "Tax Rate For Calcs": 0.243,
      "Normalized EBITDA": 6429000000.0,
      "Net Income From Continuing Operation Net Minority Interest": 3601000000.0,
      "Reconciled Depreciation": 1044000000.0,
      "Reconciled Cost Of Revenue": 27319000000.0,
      "EBITDA": 6429000000.0,
      "EBIT": 5385000000.0,
      "Net Interest Income": -596000000.0,
      "Interest Expense": 628000000.0,
      "Interest Income": 32000000.0,
      "Normalized Income": 3601000000.0,
      "Net Income From Continuing And Discontinued Operation": 3601000000.0,
      "Total Expenses": 35999000000.0,
      "Total Operating Income As Reported": 5353000000.0,
      "Diluted Average Shares": 995000000.0,
      "Basic Average Shares": 993000000.0,
      "Diluted EPS": 3.62,
      "Basic EPS": 3.63,
      "Diluted NI Availto Com Stockholders": 3601000000.0,
      "Net Income Common Stockholders": 3601000000.0,
      "Net Income": 3601000000.0,
      "Net Income Including Noncontrolling Interests": 3601000000.0,
      "Net Income Continuous Operations": 3601000000.0,
      "Tax Provision": 1156000000.0,
      "Pretax Income": 4757000000.0,
      "Net Non Operating Interest Income Expense": -596000000.0,
      "Interest Expense Non Operating": 628000000.0,
      "Interest Income Non Operating": 32000000.0,
      "Operating Income": 5353000000.0,
      "Operating Expense": 8462000000.0,
      "Depreciation Amortization Depletion Income Statement": 826000000.0,
      "Depreciation And Amortization In Income Statement": 826000000.0,
      "Selling General And Administration": 7636000000.0,
      "Gross Profit": 13815000000.0,
      "Cost Of Revenue": 27537000000.0,
      "Total Revenue": 41352000000.0,
      "Operating Revenue": 41352000000.0
    },
    "2025-07-31T00:00:00": {
      "Tax Effect Of Unusual Items": 0.0,
      "Tax Rate For Calcs": 0.242,
      "Normalized EBITDA": 7584000000.0,
      "Net Income From Continuing Operation Net Minority Interest": 4551000000.0,
      "Reconciled Depreciation": 1004000000.0,
      "Reconciled Cost Of Revenue": 29954000000.0,
      "EBITDA": 7584000000.0,
      "EBIT": 6580000000.0,
      "Net Interest Income": -550000000.0,
      "Interest Expense": 575000000.0,
      "Interest Income": 25000000.0,
      "Normalized Income": 4551000000.0,
      "Net Income From Continuing And Discontinued Operation": 4551000000.0,
      "Total Expenses": 38722000000.0,
      "Total Operating Income As Reported": 6555000000.0,
      "Diluted Average Shares": 994000000.0,
      "Basic Average Shares": 992000000.0,
      "Diluted EPS": 4.58,
      "Basic EPS": 4.59,
      "Diluted NI Availto Com Stockholders": 4551000000.0,
      "Net Income Common Stockholders": 4551000000.0,
      "Net Income": 4551000000.0,
      "Net Income Including Noncontrolling Interests": 4551000000.0,
      "Net Income Continuous Operations": 4551000000.0,
      "Tax Provision": 1454000000.0,
      "Pretax Income": 6005000000.0,
      "Net Non Operating Interest Income Expense": -550000000.0,
      "Interest Expense Non Operating": 575000000.0,
      "Interest Income Non Operating": 25000000.0,
      "Operating Income": 6555000000.0,
      "Operating Expense": 8570000000.0,
      "Depreciation Amortization Depletion Income Statement": 806000000.0,
      "Depreciation And Amortization In Income Statement": 806000000.0,
      "Selling General And Administration": 7764000000.0,
      "Gross Profit": 15125000000.0,
      "Cost Of Revenue": 30152000000.0,
      "Total Revenue": 45277000000.0,
      "Operating Revenue": 45277000000.0
    },
    "2025-04-30T00:00:00": {
      "Tax Effect Of Unusual Items": 0.0,
      "Tax Rate For Calcs": 0.244,
      "Normalized EBITDA": 6151000000.0,
      "Net Income From Continuing Operation Net Minority Interest": 3433000000.0,
      "Reconciled Depreciation": 994000000.0,
      "Reconciled Cost Of Revenue": 26199000000.0,
      "EBITDA": 6151000000.0,
      "EBIT": 5157000000.0,
      "Net Interest Income": -591000000.0,
      "Interest Expense": 615000000.0,
      "Interest Income": 24000000.0,
      "Normalized Income": 3433000000.0,
      "Net Income From Continuing And Discontinued Operation": 3433000000.0,
      "Total Expenses": 34723000000.0,
      "Total Operating Income As Reported": 5133000000.0,
      "Diluted Average Shares": 994000000.0,
      "Basic Average Shares": 992000000.0,
      "Diluted EPS": 3.45,
      "Basic EPS": 3.46,
      "Diluted NI Availto Com Stockholders": 3433000000.0,
      "Net Income Common Stockholders": 3433000000.0,
      "Net Income": 3433000000.0,
      "Net Income Including Noncontrolling Interests": 3433000000.0,
      "Net Income Continuous Operations": 3433000000.0,
      "Tax Provision": 1109000000.0,
      "Pretax Income": 4542000000.0,
      "Net Non Operating Interest Income Expense": -591000000.0,
      "Interest Expense Non Operating": 615000000.0,
      "Interest Income Non Operating": 24000000.0,
      "Operating Income": 5133000000.0,
      "Operating Expense": 8326000000.0,
      "Depreciation Amortization Depletion Income Statement": 796000000.0,
      "Depreciation And Amortization In Income Statement": 796000000.0,
      "Selling General And Administration": 7530000000.0,
      "Gross Profit": 13459000000.0,
      "Cost Of Revenue": 26397000000.0,
      "Total Revenue": 39856000000.0,
      "Operating Revenue": 39856000000.0
    },
    "2025-01-31T00:00:00": {
      "Tax Effect Of Unusual Items": 0.0,
      "Tax Rate For Calcs": 0.228968,
      "Normalized EBITDA": 5534000000.0,
      "Net Income From Continuing Operation Net Minority Interest": 2997000000.0,
      "Reconciled Depreciation": 1009000000.0,
      "Reconciled Cost Of Revenue": 26475000000.0,
      "EBITDA": 5534000000.0,
      "EBIT": 4525000000.0,
      "Net Interest Income": -608000000.0,
      "Interest Expense": 638000000.0,
      "Interest Income": 30000000.0,
      "Normalized Income": 2997000000.0,
      "Net Income From Continuing And Discontinued Operation": 2997000000.0,
      "Total Expenses": 35209000000.0,
      "Total Operating Income As Reported": 4495000000.0,
      "Diluted Average Shares": 994000000.0,
      "Basic Average Shares": 991000000.0,
      "Diluted EPS": 3.02,
      "Basic EPS": 3.02,
      "Diluted NI Availto Com Stockholders": 2997000000.0,
      "Net Income Common Stockholders": 2997000000.0,
      "Net Income": 2997000000.0,
      "Net Income Including Noncontrolling Interests": 2997000000.0,
      "Net Income Continuous Operations": 2997000000.0,
      "Tax Provision": 890000000.0,
      "Pretax Income": 3887000000.0,
      "Net Non Operating Interest Income Expense": -608000000.0,
      "Interest Expense Non Operating": 638000000.0,
      "Interest Income Non Operating": 30000000.0,
      "Operating Income": 4495000000.0,
      "Operating Expense": 8539000000.0,
      "Depreciation Amortization Depletion Income Statement": 814000000.0,
      "Depreciation And Amortization In Income Statement": 814000000.0,
      "Selling General And Administration": 7725000000.0,
      "Gross Profit": 13034000000.0,
      "Cost Of Revenue": 26670000000.0,
      "Total Revenue": 39704000000.0,
      "Operating Revenue": 39704000000.0
    },
    "2024-10-31T00:00:00": {
      "Tax Effect Of Unusual Items": 0.0,
      "Tax Rate For Calcs": 0.244,
      "Normalized EBITDA": 6443000000.0,
      "Net Income From Continuing Operation Net Minority Interest": 3648000000.0,
      "Reconciled Depreciation": 995000000.0,
      "Reconciled Cost Of Revenue": 26592000000.0,
      "EBITDA": 6443000000.0,
      "EBIT": 5448000000.0,
      "Net Interest Income": -595000000.0,
      "Interest Expense": 625000000.0,
      "Interest Income": 30000000.0,
      "Normalized Income": 3648000000.0,
      "Net Income From Continuing And Discontinued Operation": 3648000000.0,
      "Total Expenses": 34799000000.0,
      "Total Operating Income As Reported": 5418000000.0,
      "Diluted Average Shares": 993000000.0,
      "Basic Average Shares": 991000000.0,
      "Diluted EPS": 3.67,
      "Basic EPS": 3.68,
      "Diluted NI Availto Com Stockholders": 3648000000.0,
      "Net Income Common Stockholders": 3648000000.0,
      "Net Income": 3648000000.0,
      "Net Income Including Noncontrolling Interests": 3648000000.0,
      "Net Income Continuous Operations": 3648000000.0,
      "Tax Provision": 1175000000.0,
      "Pretax Income": 4823000000.0,
      "Net Non Operating Interest Income Expense": -595000000.0,
      "Interest Expense Non Operating": 625000000.0,
      "Interest Income Non Operating": 30000000.0,
      "Operating Income": 5418000000.0,
      "Operating Expense": 8007000000.0,
      "Depreciation Amortization Depletion Income Statement": 795000000.0,
      "Depreciation And Amortization In Income Statement": 795000000.0,
      "Selling General And Administration": 7212000000.0,
      "Gross Profit": 13425000000.0,
      "Cost Of Revenue": 26792000000.0,
      "Total Revenue": 40217000000.0,
      "Operating Revenue": 40217000000.0
    }
  },
  "balance_sheet": {
    "2025-01-31T00:00:00": {
      "Treasury Shares Number": 806000000.0,
      "Ordinary Shares Number": 994000000.0,
      "Share Issued": 1800000000.0,
      "Net Debt": 51724000000.0,
      "Total Debt": 62290000000.0,
      "Tangible Book Value": -21818000000.0,
      "Invested Capital": 60023000000.0,
      "Working Capital": 3022000000.0,
      "Net Tangible Assets": -21818000000.0,
      "Capital Lease Obligations": 8907000000.0,
      "Common Stock Equity": 6640000000.0,
      "Total Capitalization": 55125000000.0,
      "Total Equity Gross Minority Interest": 6640000000.0,
      "Stockholders Equity": 6640000000.0,
      "Gains Losses Not Affecting Retained Earnings": -1129000000.0,
      "Other Equity Adjustments": -1129000000.0,
      "Treasury Stock": 95971000000.0,
      "Retained Earnings": 89533000000.0,
      "Additional Paid In Capital": 14117000000.0,
      "Capital Stock": 90000000.0,
      "Common Stock": 90000000.0,
      "Total Liabilities Net Minority Interest": 89479000000.0,
      "Total Non Current Liabilities Net Minority Interest": 60818000000.0,
      "Other Non Current Liabilities": 2738000000.0,
      "Non Current Deferred Liabilities": 1962000000.0,
      "Non Current Deferred Taxes Liabilities": 1962000000.0,
      "Long Term Debt And Capital Lease Obligation": 56118000000.0,
      "Long Term Capital Lease Obligation": 7633000000.0,
      "Long Term Debt": 48485000000.0,
      "Current Liabilities": 28661000000.0,
      "Current Deferred Liabilities": 2610000000.0,
      "Current Deferred Revenue": 2610000000.0,
      "Current Debt And Capital Lease Obligation": 6172000000.0,
      "Current Capital Lease Obligation": 1274000000.0,
      "Current Debt": 4898000000.0,
      "Other Current Borrowings": 4582000000.0,
      "Commercial Paper": 316000000.0,
      "Payables And Accrued Expenses": 19879000000.0,
      "Current Accrued Expenses": 6481000000.0,
      "Payables": 13398000000.0,
      "Total Tax Payable": 1460000000.0,
      "Income Tax Payable": 832000000.0,
      "Accounts Payable": 11938000000.0,
      "Total Assets": 96119000000.0,
      "Total Non Current Assets": 64436000000.0,
      "Other Non Current Assets": 684000000.0,
      "Non Current Deferred Assets": null,
      "Non Current Deferred Taxes Assets": null,
      "Financial Assets": null,
      "Goodwill And Other Intangible Assets": 28458000000.0,
      "Other Intangible Assets": 8983000000.0,
      "Goodwill": 19475000000.0,
      "Net PPE": 35294000000.0,
      "Accumulated Depreciation": -29081000000.0,
      "Gross PPE": 64375000000.0,
      "Leases": 2423000000.0,
      "Construction In Progress": 1521000000.0,
      "Other Properties": 12637000000.0,
      "Machinery Furniture Equipment": 18474000000.0,
      "Buildings And Improvements": 20260000000.0,
      "Land And Improvements": 9060000000.0,
      "Properties": 0.0,
      "Current Assets": 31683000000.0,
      "Other Current Assets": 1670000000.0,
      "Inventory": 23451000000.0,
      "Finished Goods": 23451000000.0,
      "Receivables": 4903000000.0,
      "Other Receivables": 584000000.0,
      "Accounts Receivable": 4319000000.0,
      "Cash Cash Equivalents And Short Term Investments": 1659000000.0,
      "Cash And Cash Equivalents": 1659000000.0
    },
    "2024-01-31T00:00:00": {
      "Treasury Shares Number": 804000000.0,
      "Ordinary Shares Number": 992000000.0,
      "Share Issued": 1796000000.0,
      "Net Debt": 40351000000.0,
      "Total Debt": 52243000000.0,
      "Tangible Book Value": -11017000000.0,
      "Invested Capital": 45155000000.0,
      "Working Capital": 7760000000.0,
      "Net Tangible Assets": -11017000000.0,
      "Capital Lease Obligations": 8132000000.0,
      "Common Stock Equity": 1044000000.0,
      "Total Capitalization": 43787000000.0,
      "Total Equity Gross Minority Interest": 1044000000.0,
      "Stockholders Equity": 1044000000.0,
      "Gains Losses Not Affecting Retained Earnings": -477000000.0,
      "Other Equity Adjustments": -477000000.0,
      "Treasury Stock": 95372000000.0,
      "Retained Earnings": 83656000000.0,
      "Additional Paid In Capital": 13147000000.0,
      "Capital Stock": 90000000.0,
      "Common Stock": 90000000.0,
      "Total Liabilities Net Minority Interest": 75486000000.0,
      "Total Non Current Liabilities Net Minority Interest": 53471000000.0,
      "Other Non Current Liabilities": 2783000000.0,
      "Non Current Deferred Liabilities": 863000000.0,
      "Non Current Deferred Taxes Liabilities": 863000000.0,
      "Long Term Debt And Capital Lease Obligation": 49825000000.0,
      "Long Term Capital Lease Obligation": 7082000000.0,
      "Long Term Debt": 42743000000.0,
      "Current Liabilities": 22015000000.0,
      "Current Deferred Liabilities": 2762000000.0,
      "Current Deferred Revenue": 2762000000.0,
      "Current Debt And Capital Lease Obligation": 2418000000.0,
      "Current Capital Lease Obligation": 1050000000.0,
      "Current Debt": 1368000000.0,
      "Other Current Borrowings": 1368000000.0,
      "Commercial Paper": 0.0,
      "Payables And Accrued Expenses": 16835000000.0,
      "Current Accrued Expenses": 6321000000.0,
      "Payables": 10514000000.0,
      "Total Tax Payable": 477000000.0,
      "Income Tax Payable": 28000000.0,
      "Accounts Payable": 10037000000.0,
      "Total Assets": 76530000000.0,
      "Total Non Current Assets": 46755000000.0,
      "Other Non Current Assets": 656000000.0,
      "Non Current Deferred Assets": null,
      "Non Current Deferred Taxes Assets": null,
      "Financial Assets": null,
      "Goodwill And Other Intangible Assets": 12061000000.0,
      "Other Intangible Assets": 3606000000.0,
      "Goodwill": 8455000000.0,
      "Net PPE": 34038000000.0,
      "Accumulated Depreciation": -27103000000.0,
      "Gross PPE": 61141000000.0,
      "Leases": 2254000000.0,
      "Construction In Progress": 1192000000.0,
      "Other Properties": 11971000000.0,
      "Machinery Furniture Equipment": 16667000000.0,
      "Buildings And Improvements": 20030000000.0,
      "Land And Improvements": 9027000000.0,
      "Properties": 0.0,
      "Current Assets": 29775000000.0,
      "Other Current Assets": 1711000000.0,
      "Inventory": 20976000000.0,
      "Finished Goods": 20976000000.0,
      "Receivables": 3328000000.0,
      "Other Receivables": 575000000.0,
      "Accounts Receivable": 2753000000.0,
      "Cash Cash Equivalents And Short Term Investments": 3760000000.0,
      "Cash And Cash Equivalents": 3760000000.0
    },
    "2023-01-31T00:00:00": {
      "Treasury Shares Number": 778000000.0,
      "Ordinary Shares Number": 1016000000.0,
      "Share Issued": 1794000000.0,
      "Net Debt": 40436000000.0,
      "Total Debt": 50364000000.0,
      "Tangible Book Value": -5882000000.0,
      "Invested Capital": 44755000000.0,
      "Working Capital": 9361000000.0,
      "Net Tangible Assets": -5882000000.0,
      "Capital Lease Obligations": 7171000000.0,
      "Common Stock Equity": 1562000000.0,
      "Total Capitalization": 43524000000.0,
      "Total Equity Gross Minority Interest": 1562000000.0,
      "Stockholders Equity": 1562000000.0,
      "Gains Losses Not Affecting Retained Earnings": -718000000.0,
      "Other Equity Adjustments": -718000000.0,
      "Treasury Stock": 87298000000.0,
      "Retained Earnings": 76896000000.0,
      "Additional Paid In Capital": 12592000000.0,
      "Capital Stock": 90000000.0,
      "Common Stock": 90000000.0,
      "Total Liabilities Net Minority Interest": 74883000000.0,
      "Total Non Current Liabilities Net Minority Interest": 51773000000.0,
      "Other Non Current Liabilities": 2566000000.0,
      "Non Current Deferred Liabilities": 1019000000.0,
      "Non Current Deferred Taxes Liabilities": 1019000000.0,
      "Long Term Debt And Capital Lease Obligation": 48188000000.0,
      "Long Term Capital Lease Obligation": 6226000000.0,
      "Long Term Debt": 41962000000.0,
      "Current Liabilities": 23110000000.0,
      "Current Deferred Liabilities": 3064000000.0,
      "Current Deferred Revenue": 3064000000.0,
      "Current Debt And Capital Lease Obligation": 2176000000.0,
      "Current Capital Lease Obligation": 945000000.0,
      "Current Debt": 1231000000.0,
      "Other Current Borrowings": 1231000000.0,
      "Commercial Paper": 0.0,
      "Payables And Accrued Expenses": 17870000000.0,
      "Current Accrued Expenses": 5849000000.0,
      "Payables": 12021000000.0,
      "Total Tax Payable": 578000000.0,
      "Income Tax Payable": 50000000.0,
      "Accounts Payable": 11443000000.0,
      "Total Assets": 76445000000.0,
      "Total Non Current Assets": 43974000000.0,
      "Other Non Current Assets": 3958000000.0,
      "Non Current Deferred Assets": null,
      "Non Current Deferred Taxes Assets": null,
      "Financial Assets": null,
      "Goodwill And Other Intangible Assets": 7444000000.0,
      "Other Intangible Assets": 3323000000.0,
      "Goodwill": 7444000000.0,
      "Net PPE": 32572000000.0,
      "Accumulated Depreciation": -26644000000.0,
      "Gross PPE": 59216000000.0,
      "Leases": 2130000000.0,
      "Construction In Progress": 1297000000.0,
      "Other Properties": 11076000000.0,
      "Machinery Furniture Equipment": 16564000000.0,
      "Buildings And Improvements": 19430000000.0,
      "Land And Improvements": 8719000000.0,
      "Properties": 0.0,
      "Current Assets": 32471000000.0,
      "Other Current Assets": 1511000000.0,
      "Inventory": 24886000000.0,
      "Finished Goods": 24886000000.0,
      "Receivables": 3317000000.0,
      "Other Receivables": 495000000.0,
      "Accounts Receivable": 2822000000.0,
      "Cash Cash Equivalents And Short Term Investments": 2757000000.0,
      "Cash And Cash Equivalents": 2757000000.0
    },
    "2022-01-31T00:00:00": {
      "Treasury Shares Number": 757000000.0,
      "Ordinary Shares Number": 1035000000.0,
      "Share Issued": 1792000000.0,
      "Net Debt": 37743000000.0,
      "Total Debt": 46269000000.0,
      "Tangible Book Value": -9145000000.0,
      "Invested Capital": 38390000000.0,
      "Working Capital": 362000000.0,
      "Net Tangible Assets": -9145000000.0,
      "Capital Lease Obligations": 6183000000.0,
      "Common Stock Equity": -1696000000.0,
      "Total Capitalization": 34908000000.0,
      "Total Equity Gross Minority Interest": -1696000000.0,
      "Stockholders Equity": -1696000000.0,
      "Gains Losses Not Affecting Retained Earnings": -704000000.0,
      "Other Equity Adjustments": -704000000.0,
      "Treasury Stock": 80794000000.0,
      "Retained Earnings": 67580000000.0,
      "Additional Paid In Capital": 12132000000.0,
      "Capital Stock": 90000000.0,
      "Common Stock": 90000000.0,
      "Total Liabilities Net Minority Interest": 73572000000.0,
      "Total Non Current Liabilities Net Minority Interest": 44879000000.0,
      "Other Non Current Liabilities": 2013000000.0,
      "Non Current Deferred Liabilities": 909000000.0,
      "Non Current Deferred Taxes Liabilities": 909000000.0,
      "Long Term Debt And Capital Lease Obligation": 41957000000.0,
      "Long Term Capital Lease Obligation": 5353000000.0,
      "Long Term Debt": 36604000000.0,
      "Current Liabilities": 28693000000.0,
      "Current Deferred Liabilities": 3596000000.0,
      "Current Deferred Revenue": 3596000000.0,
      "Current Debt And Capital Lease Obligation": 4312000000.0,
      "Current Capital Lease Obligation": 830000000.0,
      "Current Debt": 3482000000.0,
      "Other Current Borrowings": 2447000000.0,
      "Commercial Paper": 1035000000.0,
      "Payables And Accrued Expenses": 20785000000.0,
      "Current Accrued Expenses": 6317000000.0,
      "Payables": 14468000000.0,
      "Total Tax Payable": 1006000000.0,
      "Income Tax Payable": 158000000.0,
      "Accounts Payable": 13462000000.0,
      "Total Assets": 71876000000.0,
      "Total Non Current Assets": 42821000000.0,
      "Other Non Current Assets": 4205000000.0,
      "Non Current Deferred Assets": 344000000.0,
      "Non Current Deferred Taxes Assets": 344000000.0,
      "Financial Assets": 58000000.0,
      "Goodwill And Other Intangible Assets": 7449000000.0,
      "Other Intangible Assets": 3503000000.0,
      "Goodwill": 7449000000.0,
      "Net PPE": 31167000000.0,
      "Accumulated Depreciation": -26130000000.0,
      "Gross PPE": 57297000000.0,
      "Leases": 2016000000.0,
      "Construction In Progress": 1139000000.0,
      "Other Properties": 9911000000.0,
      "Machinery Furniture Equipment": 16441000000.0,
      "Buildings And Improvements": 19173000000.0,
      "Land And Improvements": 8617000000.0,
      "Properties": 0.0,
      "Current Assets": 29055000000.0,
      "Other Current Assets": 1218000000.0,
      "Inventory": 22068000000.0,
      "Finished Goods": 22068000000.0,
      "Receivables": 3426000000.0,
      "Other Receivables": 525000000.0,
      "Accounts Receivable": 2901000000.0,
      "Cash Cash Equivalents And Short Term Investments": 2343000000.0,
      "Cash And Cash Equivalents": 2343000000.0
    }
  },
  "cashflow": {
    "2025-01-31T00:00:00": {
      "Free Cash Flow": 16325000000.0,
      "Repurchase Of Capital Stock": -649000000.0,
      "Repayment Of Debt": -1536000000.0,
      "Issuance Of Debt": 10010000000.0,
      "Issuance Of Capital Stock": 395000000.0,
      "Capital Expenditure": -3485000000.0,
      "Interest Paid Supplemental Data": 2199000000.0,
      "Income Tax Paid Supplemental Data": 3653000000.0,
      "End Cash Position": 1659000000.0,
      "Beginning Cash Position": 3760000000.0,
      "Effect Of Exchange Rate Changes": -186000000.0,
      "Changes In Cash": -1915000000.0,
      "Financing Cash Flow": -694000000.0,
      "Cash Flow From Continuing Financing Activities": -694000000.0,
      "Net Other Financing Charges": -301000000.0,
      "Cash Dividends Paid": -8929000000.0,
      "Common Stock Dividend Paid": -8929000000.0,
      "Net Common Stock Issuance": -254000000.0,
      "Common Stock Payments": -649000000.0,
      "Common Stock Issuance": 395000000.0,
      "Net Issuance Payments Of Debt": 8790000000.0,
      "Net Short Term Debt Issuance": 316000000.0,
      "Net Long Term Debt Issuance": 8474000000.0,
      "Long Term Debt Payments": -1536000000.0,
      "Long Term Debt Issuance": 10010000000.0,
      "Investing Cash Flow": -21031000000.0,
      "Cash Flow From Continuing Investing Activities": -21031000000.0,
      "Net Other Investing Changes": 98000000.0,
      "Net Business Purchase And Sale": -17644000000.0,
      "Purchase Of Business": -17644000000.0,
      "Capital Expenditure Reported": -3485000000.0,
      "Operating Cash Flow": 19810000000.0,
      "Cash Flow From Continuing Operating Activities": 19810000000.0,
      "Change In Working Capital": 694000000.0,
      "Change In Other Working Capital": -150000000.0,
      "Change In Other Current Assets": 86000000.0,
      "Change In Payables And Accrued Expense": 1327000000.0,
      "Change In Payable": 1327000000.0,
      "Change In Account Payable": 518000000.0,
      "Change In Tax Payable": 809000000.0,
      "Change In Income Tax Payable": 809000000.0,
      "Change In Inventory": -743000000.0,
      "Change In Receivables": 174000000.0,
      "Other Non Cash Items": 107000000.0,
      "Stock Based Compensation": 442000000.0,
      "Deferred Tax": null,
      "Deferred Income Tax": null,
      "Depreciation Amortization Depletion": 3761000000.0,
      "Depreciation And Amortization": 3761000000.0,
      "Amortization Cash Flow": 425000000.0,
      "Amortization Of Intangibles": 425000000.0,
      "Depreciation": 3336000000.0,
      "Net Income From Continuing Operations": 14806000000.0
    },
    "2024-01-31T00:00:00": {
      "Free Cash Flow": 17946000000.0,
      "Repurchase Of Capital Stock": -7951000000.0,
      "Repayment Of Debt": -1271000000.0,
      "Issuance Of Debt": 1995000000.0,
      "Issuance Of Capital Stock": 323000000.0,
      "Capital Expenditure": -3226000000.0,
      "Interest Paid Supplemental Data": 1809000000.0,
      "Income Tax Paid Supplemental Data": 5023000000.0,
      "End Cash Position": 3760000000.0,
      "Beginning Cash Position": 2757000000.0,
      "Effect Of Exchange Rate Changes": 3000000.0,
      "Changes In Cash": 1000000000.0,
      "Financing Cash Flow": -15443000000.0,
      "Cash Flow From Continuing Financing Activities": -15443000000.0,
      "Net Other Financing Charges": -156000000.0,
      "Cash Dividends Paid": -8383000000.0,
      "Common Stock Dividend Paid": -8383000000.0,
      "Net Common Stock Issuance": -7628000000.0,
      "Common Stock Payments": -7951000000.0,
      "Common Stock Issuance": 323000000.0,
      "Net Issuance Payments Of Debt": 724000000.0,
      "Net Short Term Debt Issuance": 0.0,
      "Net Long Term Debt Issuance": 724000000.0,
      "Long Term Debt Payments": -1271000000.0,
      "Long Term Debt Issuance": 1995000000.0,
      "Investing Cash Flow": -4729000000.0,
      "Cash Flow From Continuing Investing Activities": -4729000000.0,
      "Net Other Investing Changes": 11000000.0,
      "Net Business Purchase And Sale": -1514000000.0,
      "Purchase Of Business": -1514000000.0,
      "Capital Expenditure Reported": -3226000000.0,
      "Operating Cash Flow": 21172000000.0,
      "Cash Flow From Continuing Operating Activities": 21172000000.0,
      "Change In Working Capital": 2088000000.0,
      "Change In Other Working Capital": -563000000.0,
      "Change In Other Current Assets": -184000000.0,
      "Change In Payables And Accrued Expense": -1436000000.0,
      "Change In Payable": -1436000000.0,
      "Change In Account Payable": -1411000000.0,
      "Change In Tax Payable": -25000000.0,
      "Change In Income Tax Payable": -25000000.0,
      "Change In Inventory": 4137000000.0,
      "Change In Receivables": 134000000.0,
      "Other Non Cash Items": 314000000.0,
      "Stock Based Compensation": 380000000.0,
      "Deferred Tax": null,
      "Deferred Income Tax": null,
      "Depreciation Amortization Depletion": 3247000000.0,
      "Depreciation And Amortization": 3247000000.0,
      "Amortization Cash Flow": 186000000.0,
      "Amortization Of Intangibles": 186000000.0,
      "Depreciation": 3061000000.0,
      "Net Income From Continuing Operations": 15143000000.0
    },
    "2023-01-31T00:00:00": {
      "Free Cash Flow": 11496000000.0,
      "Repurchase Of Capital Stock": -6696000000.0,
      "Repayment Of Debt": -2491000000.0,
      "Issuance Of Debt": 6942000000.0,
      "Issuance Of Capital Stock": 264000000.0,
      "Capital Expenditure": -3119000000.0,
      "Interest Paid Supplemental Data": 1449000000.0,
      "Income Tax Paid Supplemental Data": 5435000000.0,
      "End Cash Position": 2757000000.0,
      "Beginning Cash Position": 2343000000.0,
      "Effect Of Exchange Rate Changes": -68000000.0,
      "Changes In Cash": 482000000.0,
      "Financing Cash Flow": -10993000000.0,
      "Cash Flow From Continuing Financing Activities": -10993000000.0,
      "Net Other Financing Charges": -188000000.0,
      "Cash Dividends Paid": -7789000000.0,
      "Common Stock Dividend Paid": -7789000000.0,
      "Net Common Stock Issuance": -6432000000.0,
      "Common Stock Payments": -6696000000.0,
      "Common Stock Issuance": 264000000.0,
      "Net Issuance Payments Of Debt": 3416000000.0,
      "Net Short Term Debt Issuance": -1035000000.0,
      "Net Long Term Debt Issuance": 4451000000.0,
      "Long Term Debt Payments": -2491000000.0,
      "Long Term Debt Issuance": 6942000000.0,
      "Investing Cash Flow": -3140000000.0,
      "Cash Flow From Continuing Investing Activities": -3140000000.0,
      "Net Other Investing Changes": -21000000.0,
      "Net Business Purchase And Sale": 0.0,
      "Purchase Of Business": 0.0,
      "Capital Expenditure Reported": -3119000000.0,
      "Operating Cash Flow": 14615000000.0,
      "Cash Flow From Continuing Operating Activities": 14615000000.0,
      "Change In Working Capital": -6102000000.0,
      "Change In Other Working Capital": -388000000.0,
      "Change In Other Current Assets": -311000000.0,
      "Change In Payables And Accrued Expense": -2684000000.0,
      "Change In Payable": -2684000000.0,
      "Change In Account Payable": -2577000000.0,
      "Change In Tax Payable": -107000000.0,
      "Change In Income Tax Payable": -107000000.0,
      "Change In Inventory": -2830000000.0,
      "Change In Receivables": 111000000.0,
      "Other Non Cash Items": 271000000.0,
      "Stock Based Compensation": 366000000.0,
      "Deferred Tax": null,
      "Deferred Income Tax": null,
      "Depreciation Amortization Depletion": 2975000000.0,
      "Depreciation And Amortization": 2975000000.0,
      "Amortization Cash Flow": 179000000.0,
      "Amortization Of Intangibles": 179000000.0,
      "Depreciation": 2796000000.0,
      "Net Income From Continuing Operations": 17105000000.0
    },
    "2022-01-31T00:00:00": {
      "Free Cash Flow": 14005000000.0,
      "Repurchase Of Capital Stock": -14809000000.0,
      "Repayment Of Debt": -1532000000.0,
      "Issuance Of Debt": 2979000000.0,
      "Issuance Of Capital Stock": 337000000.0,
      "Capital Expenditure": -2566000000.0,
      "Interest Paid Supplemental Data": 1269000000.0,
      "Income Tax Paid Supplemental Data": 5504000000.0,
      "End Cash Position": 2343000000.0,
      "Beginning Cash Position": 7895000000.0,
      "Effect Of Exchange Rate Changes": -34000000.0,
      "Changes In Cash": -5518000000.0,
      "Financing Cash Flow": -19120000000.0,
      "Cash Flow From Continuing Financing Activities": -19120000000.0,
      "Net Other Financing Charges": -145000000.0,
      "Cash Dividends Paid": -6985000000.0,
      "Common Stock Dividend Paid": -6985000000.0,
      "Net Common Stock Issuance": -14472000000.0,
      "Common Stock Payments": -14809000000.0,
      "Common Stock Issuance": 337000000.0,
      "Net Issuance Payments Of Debt": 2482000000.0,
      "Net Short Term Debt Issuance": 1035000000.0,
      "Net Long Term Debt Issuance": 1447000000.0,
      "Long Term Debt Payments": -1532000000.0,
      "Long Term Debt Issuance": 2979000000.0,
      "Investing Cash Flow": -2969000000.0,
      "Cash Flow From Continuing Investing Activities": -2969000000.0,
      "Net Other Investing Changes": 18000000.0,
      "Net Business Purchase And Sale": -421000000.0,
      "Purchase Of Business": -421000000.0,
      "Capital Expenditure Reported": -2566000000.0,
      "Operating Cash Flow": 16571000000.0,
      "Cash Flow From Continuing Operating Activities": 16571000000.0,
      "Change In Working Capital": -3319000000.0,
      "Change In Other Working Capital": 499000000.0,
      "Change In Other Current Assets": -330000000.0,
      "Change In Payables And Accrued Expense": 2350000000.0,
      "Change In Payable": 2350000000.0,
      "Change In Account Payable": 2401000000.0,
      "Change In Tax Payable": -51000000.0,
      "Change In Income Tax Payable": -51000000.0,
      "Change In Inventory": -5403000000.0,
      "Change In Receivables": -435000000.0,
      "Other Non Cash Items": 196000000.0,
      "Stock Based Compensation": 399000000.0,
      "Deferred Tax": -276000000.0,
      "Deferred Income Tax": -276000000.0,
      "Depreciation Amortization Depletion": 2862000000.0,
      "Depreciation And Amortization": 2862000000.0,
      "Amortization Cash Flow": null,
      "Amortization Of Intangibles": null,
      "Depreciation": null,
      "Net Income From Continuing Operations": 16433000000.0
    }
  },
  "earnings_estimate": {
    "avg": {
      "0q": 3.42267,
      "+1q": 4.7391,
      "0y": 15.0583,
      "+1y": 16.33569
    },
    "low": {
      "0q": 3.34,
      "+1q": 4.64,
      "0y": 14.83,
      "+1y": 15.7
    },
    "high": {
      "0q": 3.62,
      "+1q": 4.87728,
      "0y": 15.38005,
      "+1y": 17.24726
    },
    "yearAgoEps": {
      "0q": 3.56,
      "+1q": 4.68,
      "0y": 14.69,
      "+1y": 15.0583
    },
    "numberOfAnalysts": {
      "0q": 27,
      "+1q": 27,
      "0y": 33,
      "+1y": 34
    },
    "growth": {
      "0q": -0.038599998,
      "+1q": 0.0126,
      "0y": 0.0251,
      "+1y": 0.0848
    }
  },
  "revenue_estimate": {
    "avg": {
      "0q": 41584766660,
      "+1q": 47338710530,
      "0y": 171121017990,
      "+1y": 178363608440
    },
    "low": {
      "0q": 40948849000,
      "+1q": 46431960000,
      "0y": 169136699000,
      "+1y": 174056345530
    },
    "high": {
      "0q": 42031000000,
      "+1q": 48046000000,
      "0y": 172385900000,
      "+1y": 182279695770
    },
    "numberOfAnalysts": {
      "0q": 23,
      "+1q": 23,
      "0y": 30,
      "+1y": 32
    },
    "yearAgoRevenue": {
      "0q": 39856000000,
      "+1q": 45277000000,
      "0y": 164683000000,
      "+1y": 171121017990
    },
    "growth": {
      "0q": 0.0434,
      "+1q": 0.045500003,
      "0y": 0.039100002,
      "+1y": 0.0423
    }
  },
  "growth_estimates": {
    "stockTrend": {
      "0q": -0.038599998,
      "+1q": 0.0126,
      "0y": 0.0251,
      "+1y": 0.0848,
      "LTG": null
    },
    "indexTrend": {
      "0q": 0.1273,
      "+1q": 0.103599995,
      "0y": 0.14310001,
      "+1y": 0.1557,
      "LTG": 0.122
    }
  },
  "revenue_forecasts": null,
  "dividend_rate": 9.32,
  "trailing_dividend_rate": 9.23
}