{
  "ticker": "HSBA.L",
  "name": "HSBC",
  "country": "uk",
  "currency": "GBP",
  "last_fetched": "2026-02-26T20:45:50.650729",
  "market_cap": 239979741184,
  "revenue": 63424000000,
  "net_income": 22285000704,
  "pe_ratio": 19.971428,
  "forward_pe": 11.142965,
  "dividend_yield": 3.99,
  "profit_margin": 0.35137,
  "roe": 0.11625,
  "debt_to_equity": null,
  "beta": null,
  "ev_to_ebitda": null,
  "sector": "Financial Services",
  "industry": "Banks - Diversified",
  "summary": "HSBC Holdings plc engages in the provision of banking and financial products and services worldwide. It operates through four segments: Hong Kong, UK, Corporate and Institutional Banking, and International Wealth and Premier Banking. The Hong Kong segment is involved in the retail banking and wealth and commercial banking of HSBC Hong Kong and Hang Seng Bank. The UK segment engages in UK retail banking and wealth, as well as first direct and M&S Bank, UK Commercial Banking, and HSBC Innovation Bank. The Corporate and Institutional Banking segment is involved in transaction banking and capital markets. The International Wealth and Premier Banking segment is involved in the business comprising premier banking outside of Hong Kong and the UK, its private bank, asset management, and insurance businesses. The company was founded in 1865 and is headquartered in London, the United Kingdom.",
  "website": "https://www.hsbc.com",
  "employees": null,
  "target_high": 1505.7252,
  "target_low": 781.5473,
  "target_mean": 1211.6484,
  "target_median": 1200.8423,
  "recommendation": "buy",
  "num_analysts": 17,
  "income_stmt": {
    "2024-12-31T00:00:00": {
      "Tax Effect Of Unusual Items": -373578000.0,
      "Tax Rate For Calcs": 0.226,
      "Total Unusual Items": -1653000000.0,
      "Total Unusual Items Excluding Goodwill": -1653000000.0,
      "Net Income From Continuing Operation Net Minority Interest": 23979000000.0,
      "Reconciled Depreciation": 4080000000.0,
      "Net Interest Income": 32733000000.0,
      "Interest Expense": 75898000000.0,
      "Interest Income": 108631000000.0,
      "Normalized Income": 25335422000.0,
      "Net Income From Continuing And Discontinued Operation": 23979000000.0,
      "Diluted Average Shares": 18485000000.0,
      "Basic Average Shares": 18357000000.0,
      "Diluted EPS": 1.24,
      "Basic EPS": 1.25,
      "Diluted NI Availto Com Stockholders": 22917000000.0,
      "Net Income Common Stockholders": 22917000000.0,
      "Otherunder Preferred Stock Dividend": 1062000000.0,
      "Preferred Stock Dividends": null,
      "Net Income": 23979000000.0,
      "Minority Interests": -1020000000.0,
      "Net Income Including Noncontrolling Interests": 24999000000.0,
      "Net Income Continuous Operations": 24999000000.0,
      "Tax Provision": 7310000000.0,
      "Pretax Income": 32309000000.0,
      "Special Income Charges": -1653000000.0,
      "Other Special Charges": 1542000000.0,
      "Write Off": 0.0,
      "Impairment Of Capital Assets": null,
      "Restructuring And Mergern Acquisition": 34000000.0,
      "Gain On Sale Of Security": -2070000000.0,
      "Operating Expense": 32932000000.0,
      "Other Operating Expenses": -111000000.0,
      "Depreciation And Amortization In Income Statement": 4080000000.0,
      "Amortization": 2235000000.0,
      "Depreciation Income Statement": 1845000000.0,
      "Selling General And Administration": 10498000000.0,
      "General And Administrative Expense": 10498000000.0,
      "Insurance And Claims": 0.0,
      "Total Revenue": 67396000000.0,
      "Operating Revenue": 67396000000.0
    },
    "2023-12-31T00:00:00": {
      "Tax Effect Of Unusual Items": -289174000.0,
      "Tax Rate For Calcs": 0.191,
      "Total Unusual Items": -1514000000.0,
      "Total Unusual Items Excluding Goodwill": -1514000000.0,
      "Net Income From Continuing Operation Net Minority Interest": 23533000000.0,
      "Reconciled Depreciation": 3466000000.0,
      "Net Interest Income": 35796000000.0,
      "Interest Expense": 65072000000.0,
      "Interest Income": 100868000000.0,
      "Normalized Income": 24472826000.0,
      "Net Income From Continuing And Discontinued Operation": 23533000000.0,
      "Diluted Average Shares": 19600000000.0,
      "Basic Average Shares": 19478000000.0,
      "Diluted EPS": 1.14,
      "Basic EPS": 1.15,
      "Diluted NI Availto Com Stockholders": 22432000000.0,
      "Net Income Common Stockholders": 22432000000.0,
      "Otherunder Preferred Stock Dividend": 1101000000.0,
      "Preferred Stock Dividends": null,
      "Net Income": 23533000000.0,
      "Minority Interests": -1026000000.0,
      "Net Income Including Noncontrolling Interests": 24559000000.0,
      "Net Income Continuous Operations": 24559000000.0,
      "Tax Provision": 5789000000.0,
      "Pretax Income": 30348000000.0,
      "Special Income Charges": -1514000000.0,
      "Other Special Charges": 526000000.0,
      "Write Off": 3000000000.0,
      "Impairment Of Capital Assets": null,
      "Restructuring And Mergern Acquisition": -1727000000.0,
      "Gain On Sale Of Security": -3730000000.0,
      "Operating Expense": 31938000000.0,
      "Other Operating Expenses": -132000000.0,
      "Depreciation And Amortization In Income Statement": 3467000000.0,
      "Amortization": 1827000000.0,
      "Depreciation Income Statement": 1640000000.0,
      "Selling General And Administration": 10383000000.0,
      "General And Administrative Expense": 10383000000.0,
      "Insurance And Claims": 0.0,
      "Total Revenue": 64440000000.0,
      "Operating Revenue": 64440000000.0
    },
    "2022-12-31T00:00:00": {
      "Tax Effect Of Unusual Items": -294549000.0,
      "Tax Rate For Calcs": 0.047,
      "Total Unusual Items": -6267000000.0,
      "Total Unusual Items Excluding Goodwill": -6267000000.0,
      "Net Income From Continuing Operation Net Minority Interest": 15559000000.0,
      "Reconciled Depreciation": 3850000000.0,
      "Net Interest Income": 30377000000.0,
      "Interest Expense": 22449000000.0,
      "Interest Income": 52826000000.0,
      "Normalized Income": 21678451000.0,
      "Net Income From Continuing And Discontinued Operation": 15559000000.0,
      "Diluted Average Shares": 19986000000.0,
      "Basic Average Shares": 19849000000.0,
      "Diluted EPS": 0.74,
      "Basic EPS": 0.75,
      "Diluted NI Availto Com Stockholders": 14346000000.0,
      "Net Income Common Stockholders": 14346000000.0,
      "Otherunder Preferred Stock Dividend": 1213000000.0,
      "Preferred Stock Dividends": null,
      "Net Income": 15559000000.0,
      "Minority Interests": -690000000.0,
      "Net Income Including Noncontrolling Interests": 16249000000.0,
      "Net Income Continuous Operations": 16249000000.0,
      "Tax Provision": 809000000.0,
      "Pretax Income": 17058000000.0,
      "Special Income Charges": -6267000000.0,
      "Other Special Charges": 2991000000.0,
      "Write Off": 0.0,
      "Impairment Of Capital Assets": -4000000.0,
      "Restructuring And Mergern Acquisition": 3129000000.0,
      "Gain On Sale Of Security": 7906000000.0,
      "Operating Expense": 29533000000.0,
      "Other Operating Expenses": -3168000000.0,
      "Depreciation And Amortization In Income Statement": 3850000000.0,
      "Amortization": 1701000000.0,
      "Depreciation Income Statement": 2149000000.0,
      "Selling General And Administration": 10848000000.0,
      "General And Administrative Expense": 10848000000.0,
      "Insurance And Claims": 0.0,
      "Total Revenue": 53719000000.0,
      "Operating Revenue": 53719000000.0
    },
    "2021-12-31T00:00:00": {
      "Tax Effect Of Unusual Items": -714492000.0,
      "Tax Rate For Calcs": 0.223,
      "Total Unusual Items": -3204000000.0,
      "Total Unusual Items Excluding Goodwill": -3204000000.0,
      "Net Income From Continuing Operation Net Minority Interest": 13917000000.0,
      "Reconciled Depreciation": 4286000000.0,
      "Net Interest Income": 26489000000.0,
      "Interest Expense": 9699000000.0,
      "Interest Income": 36188000000.0,
      "Normalized Income": 16993508000.0,
      "Net Income From Continuing And Discontinued Operation": 13917000000.0,
      "Diluted Average Shares": 20302000000.0,
      "Basic Average Shares": 20197000000.0,
      "Diluted EPS": 0.62,
      "Basic EPS": 0.62,
      "Diluted NI Availto Com Stockholders": 12607000000.0,
      "Net Income Common Stockholders": 12607000000.0,
      "Otherunder Preferred Stock Dividend": 1303000000.0,
      "Preferred Stock Dividends": 7000000.0,
      "Net Income": 13917000000.0,
      "Minority Interests": -776000000.0,
      "Net Income Including Noncontrolling Interests": 14693000000.0,
      "Net Income Continuous Operations": 14693000000.0,
      "Tax Provision": 4213000000.0,
      "Pretax Income": 18906000000.0,
      "Special Income Charges": -3204000000.0,
      "Other Special Charges": -113000000.0,
      "Write Off": 587000000.0,
      "Impairment Of Capital Assets": null,
      "Restructuring And Mergern Acquisition": 2143000000.0,
      "Gain On Sale Of Security": 1076000000.0,
      "Operating Expense": 46111000000.0,
      "Other Operating Expenses": -2310000000.0,
      "Depreciation And Amortization In Income Statement": 3699000000.0,
      "Amortization": 1438000000.0,
      "Depreciation Income Statement": 2261000000.0,
      "Selling General And Administration": 11592000000.0,
      "General And Administrative Expense": 11592000000.0,
      "Insurance And Claims": 14388000000.0,
      "Total Revenue": 64247000000.0,
      "Operating Revenue": 64247000000.0
    }
  },
  "quarterly_income": {
    "2025-09-30T00:00:00": {
      "Tax Effect Of Unusual Items": -444768000.0,
      "Tax Rate For Calcs": 0.246,
      "Total Unusual Items": -1808000000.0,
      "Total Unusual Items Excluding Goodwill": -1808000000.0,
      "Net Income From Continuing Operation Net Minority Interest": 5284000000.0,
      "Reconciled Depreciation": 956000000.0,
      "Net Interest Income": 8777000000.0,
      "Interest Expense": 15584000000.0,
      "Interest Income": 24361000000.0,
      "Normalized Income": 6647232000.0,
      "Net Income From Continuing And Discontinued Operation": 5284000000.0,
      "Diluted Average Shares": null,
      "Basic Average Shares": null,
      "Diluted EPS": null,
      "Basic EPS": null,
      "Diluted NI Availto Com Stockholders": 4873000000.0,
      "Net Income Common Stockholders": 4873000000.0,
      "Otherunder Preferred Stock Dividend": 411000000.0,
      "Net Income": 5284000000.0,
      "Minority Interests": -219000000.0,
      "Net Income Including Noncontrolling Interests": 5503000000.0,
      "Net Income Continuous Operations": 5503000000.0,
      "Tax Provision": 1792000000.0,
      "Pretax Income": 7295000000.0,
      "Special Income Charges": -1808000000.0,
      "Other Special Charges": 1651000000.0,
      "Write Off": 0.0,
      "Restructuring And Mergern Acquisition": 157000000.0,
      "Operating Expense": 8380000000.0,
      "Other Operating Expenses": 7424000000.0,
      "Depreciation And Amortization In Income Statement": 956000000.0,
      "Amortization": 956000000.0,
      "Total Revenue": 17900000000.0,
      "Operating Revenue": 17900000000.0
    },
    "2025-06-30T00:00:00": {
      "Tax Effect Of Unusual Items": -652288966.171356,
      "Tax Rate For Calcs": 0.230003,
      "Total Unusual Items": -2836000000.0,
      "Total Unusual Items Excluding Goodwill": -2836000000.0,
      "Net Income From Continuing Operation Net Minority Interest": 4733000000.0,
      "Reconciled Depreciation": 1612000000.0,
      "Net Interest Income": 8519000000.0,
      "Interest Expense": 16076000000.0,
      "Interest Income": 24595000000.0,
      "Normalized Income": 6916711033.828644,
      "Net Income From Continuing And Discontinued Operation": 4733000000.0,
      "Diluted Average Shares": null,
      "Basic Average Shares": null,
      "Diluted EPS": null,
      "Basic EPS": null,
      "Diluted NI Availto Com Stockholders": 4578000000.0,
      "Net Income Common Stockholders": 4578000000.0,
      "Otherunder Preferred Stock Dividend": 155000000.0,
      "Net Income": 4733000000.0,
      "Minority Interests": -138000000.0,
      "Net Income Including Noncontrolling Interests": 4871000000.0,
      "Net Income Continuous Operations": 4871000000.0,
      "Tax Provision": 1455000000.0,
      "Pretax Income": 6326000000.0,
      "Special Income Charges": -2836000000.0,
      "Other Special Charges": 1361000000.0,
      "Write Off": null,
      "Restructuring And Mergern Acquisition": 475000000.0,
      "Operating Expense": 8268000000.0,
      "Other Operating Expenses": -8141000000.0,
      "Depreciation And Amortization In Income Statement": 1612000000.0,
      "Amortization": 657000000.0,
      "Total Revenue": 17657000000.0,
      "Operating Revenue": 17657000000.0
    },
    "2025-03-31T00:00:00": {
      "Tax Effect Of Unusual Items": -56964000.0,
      "Tax Rate For Calcs": 0.202,
      "Total Unusual Items": -282000000.0,
      "Total Unusual Items Excluding Goodwill": -282000000.0,
      "Net Income From Continuing Operation Net Minority Interest": 7324000000.0,
      "Reconciled Depreciation": 613000000.0,
      "Net Interest Income": 8302000000.0,
      "Interest Expense": 16111000000.0,
      "Interest Income": 24413000000.0,
      "Normalized Income": 7549036000.0,
      "Net Income From Continuing And Discontinued Operation": 7324000000.0,
      "Diluted Average Shares": 17769000000.0,
      "Basic Average Shares": 17769000000.0,
      "Diluted EPS": 0.39,
      "Basic EPS": 0.39,
      "Diluted NI Availto Com Stockholders": 6932000000.0,
      "Net Income Common Stockholders": 6932000000.0,
      "Otherunder Preferred Stock Dividend": 392000000.0,
      "Net Income": 7324000000.0,
      "Minority Interests": -246000000.0,
      "Net Income Including Noncontrolling Interests": 7570000000.0,
      "Net Income Continuous Operations": 7570000000.0,
      "Tax Provision": 1914000000.0,
      "Pretax Income": 9484000000.0,
      "Special Income Charges": -282000000.0,
      "Other Special Charges": 141000000.0,
      "Write Off": null,
      "Restructuring And Mergern Acquisition": 141000000.0,
      "Operating Expense": 7911000000.0,
      "Other Operating Expenses": 7298000000.0,
      "Depreciation And Amortization In Income Statement": 613000000.0,
      "Amortization": 613000000.0,
      "Total Revenue": 17740000000.0,
      "Operating Revenue": 17740000000.0
    },
    "2024-12-31T00:00:00": {
      "Tax Effect Of Unusual Items": -1279500000.0,
      "Tax Rate For Calcs": 0.25,
      "Total Unusual Items": -5118000000.0,
      "Total Unusual Items Excluding Goodwill": -5118000000.0,
      "Net Income From Continuing Operation Net Minority Interest": 351000000.0,
      "Reconciled Depreciation": null,
      "Net Interest Income": 8185000000.0,
      "Interest Expense": 17819000000.0,
      "Interest Income": 26004000000.0,
      "Normalized Income": 4215500000.0,
      "Net Income From Continuing And Discontinued Operation": 351000000.0,
      "Diluted Average Shares": null,
      "Basic Average Shares": null,
      "Diluted EPS": null,
      "Basic EPS": null,
      "Diluted NI Availto Com Stockholders": 197000000.0,
      "Net Income Common Stockholders": 197000000.0,
      "Otherunder Preferred Stock Dividend": 154000000.0,
      "Net Income": 351000000.0,
      "Minority Interests": -234000000.0,
      "Net Income Including Noncontrolling Interests": 585000000.0,
      "Net Income Continuous Operations": 585000000.0,
      "Tax Provision": 1692000000.0,
      "Pretax Income": 2277000000.0,
      "Special Income Charges": -5118000000.0,
      "Other Special Charges": 5036000000.0,
      "Write Off": null,
      "Restructuring And Mergern Acquisition": 56000000.0,
      "Operating Expense": 8671000000.0,
      "Other Operating Expenses": -24372000000.0,
      "Depreciation And Amortization In Income Statement": null,
      "Amortization": null,
      "Total Revenue": 16749000000.0,
      "Operating Revenue": 16749000000.0
    },
    "2024-09-30T00:00:00": {
      "Tax Effect Of Unusual Items": 5508000.0,
      "Tax Rate For Calcs": 0.204,
      "Total Unusual Items": 27000000.0,
      "Total Unusual Items Excluding Goodwill": 27000000.0,
      "Net Income From Continuing Operation Net Minority Interest": 6516000000.0,
      "Reconciled Depreciation": null,
      "Net Interest Income": 7637000000.0,
      "Interest Expense": 19618000000.0,
      "Interest Income": 27255000000.0,
      "Normalized Income": 6494508000.0,
      "Net Income From Continuing And Discontinued Operation": 6516000000.0,
      "Diluted Average Shares": 18151000000.0,
      "Basic Average Shares": 18151000000.0,
      "Diluted EPS": 0.34,
      "Basic EPS": 0.34,
      "Diluted NI Availto Com Stockholders": 6134000000.0,
      "Net Income Common Stockholders": 6134000000.0,
      "Otherunder Preferred Stock Dividend": 382000000.0,
      "Net Income": 6516000000.0,
      "Minority Interests": -233000000.0,
      "Net Income Including Noncontrolling Interests": 6749000000.0,
      "Net Income Continuous Operations": 6749000000.0,
      "Tax Provision": 1727000000.0,
      "Pretax Income": 8476000000.0,
      "Special Income Charges": 27000000.0,
      "Other Special Charges": -24000000.0,
      "Write Off": null,
      "Restructuring And Mergern Acquisition": -3000000.0,
      "Operating Expense": 8098000000.0,
      "Other Operating Expenses": 7559000000.0,
      "Depreciation And Amortization In Income Statement": null,
      "Amortization": null,
      "Total Revenue": 16926000000.0,
      "Operating Revenue": 16926000000.0
    },
    "2024-06-30T00:00:00": {
      "Tax Effect Of Unusual Items": null,
      "Tax Rate For Calcs": null,
      "Total Unusual Items": null,
      "Total Unusual Items Excluding Goodwill": null,
      "Net Income From Continuing Operation Net Minority Interest": null,
      "Reconciled Depreciation": null,
      "Net Interest Income": null,
      "Interest Expense": null,
      "Interest Income": null,
      "Normalized Income": null,
      "Net Income From Continuing And Discontinued Operation": null,
      "Diluted Average Shares": null,
      "Basic Average Shares": null,
      "Diluted EPS": null,
      "Basic EPS": null,
      "Diluted NI Availto Com Stockholders": null,
      "Net Income Common Stockholders": null,
      "Otherunder Preferred Stock Dividend": null,
      "Net Income": null,
      "Minority Interests": null,
      "Net Income Including Noncontrolling Interests": null,
      "Net Income Continuous Operations": null,
      "Tax Provision": null,
      "Pretax Income": null,
      "Special Income Charges": null,
      "Other Special Charges": null,
      "Write Off": 161000000.0,
      "Restructuring And Mergern Acquisition": null,
      "Operating Expense": null,
      "Other Operating Expenses": null,
      "Depreciation And Amortization In Income Statement": null,
      "Amortization": null,
      "Total Revenue": null,
      "Operating Revenue": null
    }
  },
  "balance_sheet": {
    "2024-12-31T00:00:00": {
      "Treasury Shares Number": 9305925.0,
      "Ordinary Shares Number": 17935716398.0,
      "Share Issued": 17945022323.0,
      "Total Debt": 242347000000.0,
      "Tangible Book Value": 172589000000.0,
      "Invested Capital": 424861000000.0,
      "Net Tangible Assets": 172589000000.0,
      "Common Stock Equity": 184973000000.0,
      "Total Capitalization": 424861000000.0,
      "Total Equity Gross Minority Interest": 192273000000.0,
      "Minority Interest": 7300000000.0,
      "Stockholders Equity": 184973000000.0,
      "Other Equity Interest": 19070000000.0,
      "Retained Earnings": 152402000000.0,
      "Additional Paid In Capital": 14810000000.0,
      "Capital Stock": 8973000000.0,
      "Common Stock": 8973000000.0,
      "Total Liabilities Net Minority Interest": 2824775000000.0,
      "Preferred Securities Outside Stock Equity": 878000000.0,
      "Derivative Product Liabilities": 264448000000.0,
      "Long Term Debt And Capital Lease Obligation": 242347000000.0,
      "Payables": 1729000000.0,
      "Other Payable": null,
      "Total Tax Payable": 1729000000.0,
      "Total Assets": 3017048000000.0,
      "Defined Pension Benefit": 7548000000.0,
      "Investments And Advances": 1226194000000.0,
      "Investmentin Financial Assets": 1197285000000.0,
      "Available For Sale Securities": 535459000000.0,
      "Financial Assets Designatedas Fair Value Through Profitor Loss Total": 108698000000.0,
      "Trading Securities": 284491000000.0,
      "Long Term Equity Investment": 28909000000.0,
      "Investmentsin Joint Venturesat Cost": 132000000.0,
      "Investmentsin Associatesat Cost": 28777000000.0,
      "Goodwill And Other Intangible Assets": 12384000000.0,
      "Other Intangible Assets": 8266000000.0,
      "Goodwill": 4118000000.0,
      "Net PPE": 11612000000.0,
      "Gross PPE": 11612000000.0,
      "Other Properties": 11612000000.0,
      "Prepaid Assets": 13781000000.0,
      "Taxes Receivable": 1313000000.0,
      "Cash And Cash Equivalents": 284515000000.0,
      "Cash Equivalents": 16841000000.0,
      "Cash Financial": 267674000000.0,
      "Cash Cash Equivalents And Federal Funds Sold": 537064000000.0
    },
    "2023-12-31T00:00:00": {
      "Treasury Shares Number": 20902218.0,
      "Ordinary Shares Number": 19241825975.0,
      "Share Issued": 19262728193.0,
      "Total Debt": 235159000000.0,
      "Tangible Book Value": 172842000000.0,
      "Invested Capital": 417675000000.0,
      "Net Tangible Assets": 172842000000.0,
      "Common Stock Equity": 185329000000.0,
      "Total Capitalization": 417675000000.0,
      "Total Equity Gross Minority Interest": 192610000000.0,
      "Minority Interest": 7281000000.0,
      "Stockholders Equity": 185329000000.0,
      "Other Equity Interest": 17719000000.0,
      "Retained Earnings": 152148000000.0,
      "Additional Paid In Capital": 14738000000.0,
      "Capital Stock": 9631000000.0,
      "Common Stock": 9631000000.0,
      "Total Liabilities Net Minority Interest": 2846067000000.0,
      "Preferred Securities Outside Stock Equity": 1805000000.0,
      "Derivative Product Liabilities": 234772000000.0,
      "Long Term Debt And Capital Lease Obligation": 235159000000.0,
      "Payables": 2777000000.0,
      "Other Payable": null,
      "Total Tax Payable": 2777000000.0,
      "Total Assets": 3038677000000.0,
      "Defined Pension Benefit": 7750000000.0,
      "Investments And Advances": 1100826000000.0,
      "Investmentin Financial Assets": 1073482000000.0,
      "Available For Sale Securities": 484787000000.0,
      "Financial Assets Designatedas Fair Value Through Profitor Loss Total": 104777000000.0,
      "Trading Securities": 254204000000.0,
      "Long Term Equity Investment": 27344000000.0,
      "Investmentsin Joint Venturesat Cost": 144000000.0,
      "Investmentsin Associatesat Cost": 27200000000.0,
      "Goodwill And Other Intangible Assets": 12487000000.0,
      "Other Intangible Assets": 8164000000.0,
      "Goodwill": 4323000000.0,
      "Net PPE": 12934000000.0,
      "Gross PPE": 12934000000.0,
      "Other Properties": 12934000000.0,
      "Prepaid Assets": 13854000000.0,
      "Taxes Receivable": 1536000000.0,
      "Cash And Cash Equivalents": 299569000000.0,
      "Cash Equivalents": 13701000000.0,
      "Cash Financial": 285868000000.0,
      "Cash Cash Equivalents And Federal Funds Sold": 551786000000.0
    },
    "2022-12-31T00:00:00": {
      "Treasury Shares Number": 325273407.0,
      "Ordinary Shares Number": 19968334003.0,
      "Share Issued": 20293607410.0,
      "Total Debt": 204239000000.0,
      "Tangible Book Value": 166414000000.0,
      "Invested Capital": 379305000000.0,
      "Net Tangible Assets": 166414000000.0,
      "Common Stock Equity": 177833000000.0,
      "Total Capitalization": 379305000000.0,
      "Total Equity Gross Minority Interest": 185197000000.0,
      "Minority Interest": 7364000000.0,
      "Stockholders Equity": 177833000000.0,
      "Other Equity Interest": 19746000000.0,
      "Retained Earnings": 142409000000.0,
      "Additional Paid In Capital": 14664000000.0,
      "Capital Stock": 10147000000.0,
      "Common Stock": 10147000000.0,
      "Total Liabilities Net Minority Interest": 2764089000000.0,
      "Preferred Securities Outside Stock Equity": 1743000000.0,
      "Derivative Product Liabilities": 285762000000.0,
      "Long Term Debt And Capital Lease Obligation": 204239000000.0,
      "Payables": 1135000000.0,
      "Other Payable": null,
      "Total Tax Payable": 1135000000.0,
      "Total Assets": 2949286000000.0,
      "Defined Pension Benefit": 7282000000.0,
      "Investments And Advances": 1007621000000.0,
      "Investmentin Financial Assets": 978367000000.0,
      "Available For Sale Securities": 408513000000.0,
      "Financial Assets Designatedas Fair Value Through Profitor Loss Total": 96646000000.0,
      "Trading Securities": 189049000000.0,
      "Long Term Equity Investment": 29254000000.0,
      "Investmentsin Joint Venturesat Cost": 127000000.0,
      "Investmentsin Associatesat Cost": 29127000000.0,
      "Goodwill And Other Intangible Assets": 11419000000.0,
      "Other Intangible Assets": 7263000000.0,
      "Goodwill": 4156000000.0,
      "Net PPE": 12584000000.0,
      "Gross PPE": 12584000000.0,
      "Other Properties": 12584000000.0,
      "Prepaid Assets": 10279000000.0,
      "Taxes Receivable": 1230000000.0,
      "Cash And Cash Equivalents": 350051000000.0,
      "Cash Equivalents": 15752000000.0,
      "Cash Financial": 327002000000.0,
      "Cash Cash Equivalents And Federal Funds Sold": 603805000000.0
    },
    "2021-12-31T00:00:00": {
      "Treasury Shares Number": 325273407.0,
      "Ordinary Shares Number": 20632000000.0,
      "Share Issued": 20957273407.0,
      "Total Debt": 223644000000.0,
      "Tangible Book Value": 177628000000.0,
      "Invested Capital": 418308000000.0,
      "Net Tangible Assets": 177628000000.0,
      "Common Stock Equity": 198250000000.0,
      "Total Capitalization": 418308000000.0,
      "Total Equity Gross Minority Interest": 206777000000.0,
      "Minority Interest": 8527000000.0,
      "Stockholders Equity": 198250000000.0,
      "Other Equity Interest": 22414000000.0,
      "Retained Earnings": 144458000000.0,
      "Additional Paid In Capital": 14602000000.0,
      "Capital Stock": 10316000000.0,
      "Common Stock": 10316000000.0,
      "Total Liabilities Net Minority Interest": 2751162000000.0,
      "Preferred Securities Outside Stock Equity": 1847000000.0,
      "Derivative Product Liabilities": 191064000000.0,
      "Long Term Debt And Capital Lease Obligation": 223644000000.0,
      "Payables": 698000000.0,
      "Other Payable": 50226000000.0,
      "Total Tax Payable": 698000000.0,
      "Total Assets": 2957939000000.0,
      "Defined Pension Benefit": 10269000000.0,
      "Investments And Advances": 983508000000.0,
      "Investmentin Financial Assets": 953899000000.0,
      "Available For Sale Securities": 488852000000.0,
      "Financial Assets Designatedas Fair Value Through Profitor Loss Total": 45497000000.0,
      "Trading Securities": 222668000000.0,
      "Long Term Equity Investment": 29609000000.0,
      "Investmentsin Joint Venturesat Cost": 94000000.0,
      "Investmentsin Associatesat Cost": 29515000000.0,
      "Goodwill And Other Intangible Assets": 20622000000.0,
      "Other Intangible Assets": 15589000000.0,
      "Goodwill": 5033000000.0,
      "Net PPE": 13240000000.0,
      "Gross PPE": 13240000000.0,
      "Other Properties": 13240000000.0,
      "Prepaid Assets": 8233000000.0,
      "Taxes Receivable": 970000000.0,
      "Cash And Cash Equivalents": 422437000000.0,
      "Cash Equivalents": 15283000000.0,
      "Cash Financial": 403018000000.0,
      "Cash Cash Equivalents And Federal Funds Sold": 664085000000.0
    }
  },
  "cashflow": {
    "2024-12-31T00:00:00": {
      "Free Cash Flow": 61419000000.0,
      "Repurchase Of Capital Stock": -15322000000.0,
      "Repayment Of Debt": -2000000000.0,
      "Issuance Of Debt": 4361000000.0,
      "Issuance Of Capital Stock": 3602000000.0,
      "Capital Expenditure": -3886000000.0,
      "End Cash Position": 434940000000.0,
      "Beginning Cash Position": 490933000000.0,
      "Effect Of Exchange Rate Changes": -18275000000.0,
      "Changes In Cash": -37718000000.0,
      "Financing Cash Flow": -26459000000.0,
      "Net Other Financing Charges": null,
      "Cash Dividends Paid": -17100000000.0,
      "Common Stock Dividend Paid": -17100000000.0,
      "Net Preferred Stock Issuance": -3433000000.0,
      "Preferred Stock Payments": -3433000000.0,
      "Net Common Stock Issuance": -8287000000.0,
      "Common Stock Payments": -11889000000.0,
      "Common Stock Issuance": 3602000000.0,
      "Net Issuance Payments Of Debt": 2361000000.0,
      "Net Long Term Debt Issuance": 2361000000.0,
      "Long Term Debt Payments": -2000000000.0,
      "Long Term Debt Issuance": 4361000000.0,
      "Investing Cash Flow": -76564000000.0,
      "Net Investment Purchase And Sale": -69952000000.0,
      "Sale Of Investment": 453502000000.0,
      "Purchase Of Investment": -523454000000.0,
      "Net Business Purchase And Sale": -2726000000.0,
      "Sale Of Business": 9891000000.0,
      "Purchase Of Business": -12617000000.0,
      "Net Intangibles Purchase And Sale": -2542000000.0,
      "Purchase Of Intangibles": null,
      "Net PPE Purchase And Sale": -1344000000.0,
      "Purchase Of PPE": null,
      "Operating Cash Flow": 65305000000.0,
      "Taxes Refund Paid": -6611000000.0,
      "Dividend Received Cfo": 1062000000.0,
      "Change In Working Capital": 9714000000.0,
      "Change In Other Current Liabilities": -1603000000.0,
      "Change In Other Current Assets": 7685000000.0,
      "Other Non Cash Items": -5290000000.0,
      "Stock Based Compensation": 529000000.0,
      "Provisionand Write Offof Assets": 3973000000.0,
      "Depreciation And Amortization": 4080000000.0,
      "Depreciation": 4080000000.0,
      "Gain Loss On Investment Securities": 180000000.0,
      "Net Foreign Currency Exchange Gain Loss": 26734000000.0,
      "Gain Loss On Sale Of PPE": 0.0,
      "Gain Loss On Sale Of Business": 1704000000.0,
      "Net Income From Continuing Operations": 32309000000.0
    },
    "2023-12-31T00:00:00": {
      "Free Cash Flow": 35416000000.0,
      "Repurchase Of Capital Stock": -10429000000.0,
      "Repayment Of Debt": -2147000000.0,
      "Issuance Of Debt": 5237000000.0,
      "Issuance Of Capital Stock": 1996000000.0,
      "Capital Expenditure": -3695000000.0,
      "End Cash Position": 490933000000.0,
      "Beginning Cash Position": 521671000000.0,
      "Effect Of Exchange Rate Changes": 10621000000.0,
      "Changes In Cash": -41359000000.0,
      "Financing Cash Flow": -17558000000.0,
      "Net Other Financing Charges": -19000000.0,
      "Cash Dividends Paid": -12196000000.0,
      "Common Stock Dividend Paid": -12196000000.0,
      "Net Preferred Stock Issuance": -4003000000.0,
      "Preferred Stock Payments": -4003000000.0,
      "Net Common Stock Issuance": -4430000000.0,
      "Common Stock Payments": -6426000000.0,
      "Common Stock Issuance": 1996000000.0,
      "Net Issuance Payments Of Debt": 3090000000.0,
      "Net Long Term Debt Issuance": 3090000000.0,
      "Long Term Debt Payments": -2147000000.0,
      "Long Term Debt Issuance": 5237000000.0,
      "Investing Cash Flow": -62912000000.0,
      "Net Investment Purchase And Sale": -59387000000.0,
      "Sale Of Investment": 504174000000.0,
      "Purchase Of Investment": -563561000000.0,
      "Net Business Purchase And Sale": -453000000.0,
      "Sale Of Business": 1239000000.0,
      "Purchase Of Business": -1692000000.0,
      "Net Intangibles Purchase And Sale": -2550000000.0,
      "Purchase Of Intangibles": null,
      "Net PPE Purchase And Sale": -1145000000.0,
      "Purchase Of PPE": null,
      "Operating Cash Flow": 39111000000.0,
      "Taxes Refund Paid": -4117000000.0,
      "Dividend Received Cfo": 1067000000.0,
      "Change In Working Capital": 19436000000.0,
      "Change In Other Current Liabilities": 8742000000.0,
      "Change In Other Current Assets": -10254000000.0,
      "Other Non Cash Items": -4299000000.0,
      "Stock Based Compensation": 482000000.0,
      "Provisionand Write Offof Assets": 6983000000.0,
      "Depreciation And Amortization": 3466000000.0,
      "Depreciation": 3466000000.0,
      "Gain Loss On Investment Securities": 1213000000.0,
      "Net Foreign Currency Exchange Gain Loss": -10678000000.0,
      "Gain Loss On Sale Of PPE": 0.0,
      "Gain Loss On Sale Of Business": -1775000000.0,
      "Net Income From Continuing Operations": 30348000000.0
    },
    "2022-12-31T00:00:00": {
      "Free Cash Flow": 14946000000.0,
      "Repurchase Of Capital Stock": -4642000000.0,
      "Repayment Of Debt": -1777000000.0,
      "Issuance Of Debt": 7300000000.0,
      "Issuance Of Capital Stock": 0.0,
      "Capital Expenditure": -4409000000.0,
      "End Cash Position": 521671000000.0,
      "Beginning Cash Position": 574032000000.0,
      "Effect Of Exchange Rate Changes": -38029000000.0,
      "Changes In Cash": -14332000000.0,
      "Financing Cash Flow": -6286000000.0,
      "Net Other Financing Charges": -197000000.0,
      "Cash Dividends Paid": -6970000000.0,
      "Common Stock Dividend Paid": -6970000000.0,
      "Net Preferred Stock Issuance": -2266000000.0,
      "Preferred Stock Payments": -2266000000.0,
      "Net Common Stock Issuance": -2376000000.0,
      "Common Stock Payments": -2376000000.0,
      "Common Stock Issuance": 0.0,
      "Net Issuance Payments Of Debt": 5523000000.0,
      "Net Long Term Debt Issuance": 5523000000.0,
      "Long Term Debt Payments": -1777000000.0,
      "Long Term Debt Issuance": 7300000000.0,
      "Investing Cash Flow": -27401000000.0,
      "Net Investment Purchase And Sale": -18473000000.0,
      "Sale Of Investment": 492624000000.0,
      "Purchase Of Investment": -511097000000.0,
      "Net Business Purchase And Sale": -989000000.0,
      "Sale Of Business": 0.0,
      "Purchase Of Business": -989000000.0,
      "Net Intangibles Purchase And Sale": -3125000000.0,
      "Purchase Of Intangibles": null,
      "Net PPE Purchase And Sale": -1284000000.0,
      "Purchase Of PPE": -1285000000.0,
      "Operating Cash Flow": 19355000000.0,
      "Taxes Refund Paid": -2776000000.0,
      "Dividend Received Cfo": 944000000.0,
      "Change In Working Capital": -52249000000.0,
      "Change In Other Current Liabilities": 6021000000.0,
      "Change In Other Current Assets": -12858000000.0,
      "Other Non Cash Items": -774000000.0,
      "Stock Based Compensation": 400000000.0,
      "Provisionand Write Offof Assets": 4536000000.0,
      "Depreciation And Amortization": 3850000000.0,
      "Depreciation": 3850000000.0,
      "Gain Loss On Investment Securities": 11000000.0,
      "Net Foreign Currency Exchange Gain Loss": 48718000000.0,
      "Gain Loss On Sale Of PPE": 0.0,
      "Gain Loss On Sale Of Business": 2554000000.0,
      "Net Income From Continuing Operations": 17058000000.0
    },
    "2021-12-31T00:00:00": {
      "Free Cash Flow": 100747000000.0,
      "Repurchase Of Capital Stock": -5543000000.0,
      "Repayment Of Debt": -864000000.0,
      "Issuance Of Debt": 0.0,
      "Issuance Of Capital Stock": 1996000000.0,
      "Capital Expenditure": -3565000000.0,
      "End Cash Position": 574032000000.0,
      "Beginning Cash Position": 468323000000.0,
      "Effect Of Exchange Rate Changes": -15345000000.0,
      "Changes In Cash": 121054000000.0,
      "Financing Cash Flow": -10794000000.0,
      "Net Other Financing Charges": null,
      "Cash Dividends Paid": -6383000000.0,
      "Common Stock Dividend Paid": -6383000000.0,
      "Net Preferred Stock Issuance": -3450000000.0,
      "Preferred Stock Payments": -3450000000.0,
      "Net Common Stock Issuance": -97000000.0,
      "Common Stock Payments": -2093000000.0,
      "Common Stock Issuance": 1996000000.0,
      "Net Issuance Payments Of Debt": -864000000.0,
      "Net Long Term Debt Issuance": -864000000.0,
      "Long Term Debt Payments": -864000000.0,
      "Long Term Debt Issuance": 0.0,
      "Investing Cash Flow": 27536000000.0,
      "Net Investment Purchase And Sale": 28148000000.0,
      "Sale Of Investment": 521190000000.0,
      "Purchase Of Investment": -493042000000.0,
      "Net Business Purchase And Sale": -106000000.0,
      "Sale Of Business": null,
      "Purchase Of Business": null,
      "Net Intangibles Purchase And Sale": -2479000000.0,
      "Purchase Of Intangibles": -2479000000.0,
      "Net PPE Purchase And Sale": -1086000000.0,
      "Purchase Of PPE": -1086000000.0,
      "Operating Cash Flow": 104312000000.0,
      "Taxes Refund Paid": -3077000000.0,
      "Dividend Received Cfo": 808000000.0,
      "Change In Working Capital": 67133000000.0,
      "Change In Other Current Liabilities": -10935000000.0,
      "Change In Other Current Assets": 19899000000.0,
      "Other Non Cash Items": 510000000.0,
      "Stock Based Compensation": 467000000.0,
      "Provisionand Write Offof Assets": 544000000.0,
      "Depreciation And Amortization": 4286000000.0,
      "Depreciation": 4286000000.0,
      "Gain Loss On Investment Securities": -647000000.0,
      "Net Foreign Currency Exchange Gain Loss": 18937000000.0,
      "Gain Loss On Sale Of PPE": 0.0,
      "Gain Loss On Sale Of Business": 0.0,
      "Net Income From Continuing Operations": 18906000000.0
    }
  },
  "earnings_estimate": {
    "avg": {
      "0q": 0.43628,
      "+1q": 0.43607,
      "0y": 1.51692,
      "+1y": 1.6932
    },
    "low": {
      "0q": 0.43,
      "+1q": 0.41,
      "0y": 1.38,
      "+1y": 1.47956
    },
    "high": {
      "0q": 0.44256,
      "+1q": 0.46214,
      "0y": 1.611,
      "+1y": 1.89575
    },
    "yearAgoEps": {
      "0q": 0.39,
      "+1q": 0.39,
      "0y": 1.51,
      "+1y": 1.51692
    },
    "numberOfAnalysts": {
      "0q": 2,
      "+1q": 2,
      "0y": 13,
      "+1y": 16
    },
    "growth": {
      "0q": 0.1187,
      "+1q": 0.1181,
      "0y": 0.0046,
      "+1y": 0.1162
    }
  },
  "revenue_estimate": {
    "avg": {
      "0q": 18350586000,
      "+1q": 18010970000,
      "0y": 70626717850,
      "+1y": 72924353540
    },
    "low": {
      "0q": 18350586000,
      "+1q": 18010970000,
      "0y": 67198000000,
      "+1y": 69173479380
    },
    "high": {
      "0q": 18350586000,
      "+1q": 18010970000,
      "0y": 73451919010,
      "+1y": 76147106460
    },
    "numberOfAnalysts": {
      "0q": 1,
      "+1q": 1,
      "0y": 14,
      "+1y": 13
    },
    "yearAgoRevenue": {
      "0q": 17740000000,
      "+1q": 17657000000,
      "0y": 71020000000,
      "+1y": 70626717850
    },
    "growth": {
      "0q": 0.0344,
      "+1q": 0.02,
      "0y": -0.0055,
      "+1y": 0.0325
    }
  },
  "growth_estimates": {
    "stockTrend": {
      "0q": 0.1187,
      "+1q": 0.1181,
      "0y": 0.0046,
      "+1y": 0.1162,
      "LTG": null
    },
    "indexTrend": {
      "0q": 0.1273,
      "+1q": 0.103599995,
      "0y": 0.14310001,
      "+1y": 0.1557,
      "LTG": 0.122
    }
  },
  "revenue_forecasts": null,
  "dividend_rate": 0.56,
  "trailing_dividend_rate": 0.0
}