{
  "ticker": "IFX.DE",
  "name": "Infineon",
  "country": "germany",
  "currency": "EUR",
  "last_fetched": "2026-02-26T20:47:30.067531",
  "market_cap": 60901076992,
  "revenue": 14899999744,
  "net_income": 1003000000,
  "pe_ratio": 60.74026,
  "forward_pe": 20.996256,
  "dividend_yield": 0.74,
  "profit_margin": 0.06879,
  "roe": 0.05707,
  "debt_to_equity": 41.673,
  "beta": 1.673,
  "ev_to_ebitda": 16.407,
  "sector": "Technology",
  "industry": "Semiconductors",
  "summary": "Infineon Technologies AG develops, manufactures, and markets semiconductors and semiconductor-based solutions in Germany, Europe, the Middle East, Africa, Mainland China, Hong Kong, Taiwan, the Asia-Pacific, Japan, the United States, and the Americas. The Automotive segment offers automotive and industrial microcontrollers; analog and memory ICs; ethernet; power diodes and modules; power switches; sensors; transceivers; and voltage regulators for assistance and safety systems, comfort electronics, infotainment, powertrain, and security applications. Its Green Industrial Power segment provides discrete and bare die IGBTs; IGBT modules; and SiC discretes and modules for air conditioning technology, energy generation and storage, energy transmission, home appliances, industrial drives, industrial power supplies and vehicles, and traction applications. The Power & Sensor Systems segment offers 3D ToF sensors; chips for gas and pressure sensors, and MEMS microphones; control ICs; customized chips; discrete low-, mid-, and high-voltage power MOSFETs; ESD protection diodes; GaN power switches; GPS low-noise amplifiers; low- and high-voltage driver ICs; radar sensor ICs; RF antenna switches and power transistors; SiC diode and MOSFETs; and USB controllers for audio amplifiers, automotive electronics, BLDC motors, cellular communications infrastructure, charging stations for electric vehicles, human machine interaction, IoT, LED and conventional lighting systems, microinverters, mobile devices, power management, and harsh environment applications. Its Connected Secure Systems segment provides connectivity solutions, embedded security controllers, microcontrollers, and security controllers for authentication, automotive, consumer electronics, government identification document, IoT, mobile communication, payment system, ticketing, access control, and trusted computing applications. Infineon Technologies AG was founded in 1952 and is headquartered in Neubiberg, Germany.",
  "website": "https://www.infineon.com",
  "employees": 57280,
  "target_high": 55.0,
  "target_low": 40.0,
  "target_mean": 48.775,
  "target_median": 49.5,
  "recommendation": "strong_buy",
  "num_analysts": 24,
  "income_stmt": {
    "2025-09-30T00:00:00": {
      "Tax Effect Of Unusual Items": -110559000.0,
      "Tax Rate For Calcs": 0.269,
      "Normalized EBITDA": 3924000000.0,
      "Total Unusual Items": -411000000.0,
      "Total Unusual Items Excluding Goodwill": -411000000.0,
      "Net Income From Continuing Operation Net Minority Interest": 1005000000.0,
      "Reconciled Depreciation": 1917000000.0,
      "Reconciled Cost Of Revenue": 8909000000.0,
      "EBITDA": 3513000000.0,
      "EBIT": 1596000000.0,
      "Net Interest Income": -150000000.0,
      "Interest Expense": 221000000.0,
      "Interest Income": 60000000.0,
      "Normalized Income": 1305441000.0,
      "Net Income From Continuing And Discontinued Operation": 1015000000.0,
      "Total Expenses": 12718000000.0,
      "Total Operating Income As Reported": 1515000000.0,
      "Diluted Average Shares": 1307400000.0,
      "Basic Average Shares": 1300800000.0,
      "Diluted EPS": 0.76,
      "Basic EPS": 0.77,
      "Diluted NI Availto Com Stockholders": 997000000.0,
      "Net Income Common Stockholders": 997000000.0,
      "Otherunder Preferred Stock Dividend": 18000000.0,
      "Preferred Stock Dividends": 0.0,
      "Net Income": 1015000000.0,
      "Net Income Including Noncontrolling Interests": 1015000000.0,
      "Net Income Discontinuous Operations": 10000000.0,
      "Net Income Continuous Operations": 1005000000.0,
      "Tax Provision": 370000000.0,
      "Pretax Income": 1375000000.0,
      "Other Non Operating Income Expenses": -18000000.0,
      "Special Income Charges": -411000000.0,
      "Impairment Of Capital Assets": 272000000.0,
      "Restructuring And Mergern Acquisition": 139000000.0,
      "Net Non Operating Interest Income Expense": -150000000.0,
      "Total Other Finance Cost": -11000000.0,
      "Interest Expense Non Operating": 221000000.0,
      "Interest Income Non Operating": 60000000.0,
      "Operating Income": 1944000000.0,
      "Operating Expense": 3809000000.0,
      "Other Operating Expenses": 108000000.0,
      "Research And Development": 2227000000.0,
      "Selling General And Administration": 1582000000.0,
      "Selling And Marketing Expense": 1582000000.0,
      "General And Administrative Expense": null,
      "Gross Profit": 5753000000.0,
      "Cost Of Revenue": 8909000000.0,
      "Total Revenue": 14662000000.0,
      "Operating Revenue": 14662000000.0
    },
    "2024-09-30T00:00:00": {
      "Tax Effect Of Unusual Items": -61775000.0,
      "Tax Rate For Calcs": 0.175,
      "Normalized EBITDA": 4533000000.0,
      "Total Unusual Items": -353000000.0,
      "Total Unusual Items Excluding Goodwill": -353000000.0,
      "Net Income From Continuing Operation Net Minority Interest": 1780000000.0,
      "Reconciled Depreciation": 1865000000.0,
      "Reconciled Cost Of Revenue": 8710000000.0,
      "EBITDA": 4180000000.0,
      "EBIT": 2315000000.0,
      "Net Interest Income": -43000000.0,
      "Interest Expense": 157000000.0,
      "Interest Income": 83000000.0,
      "Normalized Income": 2071225000.0,
      "Net Income From Continuing And Discontinued Operation": 1301000000.0,
      "Total Expenses": 12389000000.0,
      "Total Operating Income As Reported": 2190000000.0,
      "Diluted Average Shares": 1305000000.0,
      "Basic Average Shares": 1301000000.0,
      "Diluted EPS": 0.97,
      "Basic EPS": 0.98,
      "Diluted NI Availto Com Stockholders": 1272000000.0,
      "Net Income Common Stockholders": 1272000000.0,
      "Otherunder Preferred Stock Dividend": 29000000.0,
      "Preferred Stock Dividends": 0.0,
      "Net Income": 1301000000.0,
      "Net Income Including Noncontrolling Interests": 1301000000.0,
      "Net Income Discontinuous Operations": -479000000.0,
      "Net Income Continuous Operations": 1780000000.0,
      "Tax Provision": 378000000.0,
      "Pretax Income": 2158000000.0,
      "Other Non Operating Income Expenses": -23000000.0,
      "Special Income Charges": -353000000.0,
      "Impairment Of Capital Assets": 121000000.0,
      "Restructuring And Mergern Acquisition": 232000000.0,
      "Net Non Operating Interest Income Expense": -43000000.0,
      "Total Other Finance Cost": -31000000.0,
      "Interest Expense Non Operating": 157000000.0,
      "Interest Income Non Operating": 83000000.0,
      "Operating Income": 2566000000.0,
      "Operating Expense": 3679000000.0,
      "Other Operating Expenses": 22000000.0,
      "Research And Development": 2161000000.0,
      "Selling General And Administration": 1554000000.0,
      "Selling And Marketing Expense": 1554000000.0,
      "General And Administrative Expense": null,
      "Gross Profit": 6245000000.0,
      "Cost Of Revenue": 8710000000.0,
      "Total Revenue": 14955000000.0,
      "Operating Revenue": 14955000000.0
    },
    "2023-09-30T00:00:00": {
      "Tax Effect Of Unusual Items": 0.0,
      "Tax Rate For Calcs": 0.199,
      "Normalized EBITDA": 5833000000.0,
      "Total Unusual Items": null,
      "Total Unusual Items Excluding Goodwill": null,
      "Net Income From Continuing Operation Net Minority Interest": 3139000000.0,
      "Reconciled Depreciation": 1754000000.0,
      "Reconciled Cost Of Revenue": 8896000000.0,
      "EBITDA": 5833000000.0,
      "EBIT": 4079000000.0,
      "Net Interest Income": -54000000.0,
      "Interest Expense": 158000000.0,
      "Interest Income": 60000000.0,
      "Normalized Income": 3139000000.0,
      "Net Income From Continuing And Discontinued Operation": 3137000000.0,
      "Total Expenses": 12361000000.0,
      "Total Operating Income As Reported": 3948000000.0,
      "Diluted Average Shares": 1306000000.0,
      "Basic Average Shares": 1303000000.0,
      "Diluted EPS": 2.38,
      "Basic EPS": 2.38,
      "Diluted NI Availto Com Stockholders": 3108000000.0,
      "Net Income Common Stockholders": 3108000000.0,
      "Otherunder Preferred Stock Dividend": 29000000.0,
      "Preferred Stock Dividends": 0.0,
      "Net Income": 3137000000.0,
      "Net Income Including Noncontrolling Interests": 3137000000.0,
      "Net Income Discontinuous Operations": -2000000.0,
      "Net Income Continuous Operations": 3139000000.0,
      "Tax Provision": 782000000.0,
      "Pretax Income": 3921000000.0,
      "Other Non Operating Income Expenses": null,
      "Special Income Charges": null,
      "Impairment Of Capital Assets": null,
      "Restructuring And Mergern Acquisition": null,
      "Net Non Operating Interest Income Expense": -54000000.0,
      "Total Other Finance Cost": -44000000.0,
      "Interest Expense Non Operating": 158000000.0,
      "Interest Income Non Operating": 60000000.0,
      "Operating Income": 3948000000.0,
      "Operating Expense": 3465000000.0,
      "Other Operating Expenses": 73000000.0,
      "Research And Development": 1985000000.0,
      "Selling General And Administration": 1599000000.0,
      "Selling And Marketing Expense": 1599000000.0,
      "General And Administrative Expense": 1599000000.0,
      "Gross Profit": 7413000000.0,
      "Cost Of Revenue": 8896000000.0,
      "Total Revenue": 16309000000.0,
      "Operating Revenue": 16309000000.0
    },
    "2022-09-30T00:00:00": {
      "Tax Effect Of Unusual Items": -788000.0,
      "Tax Rate For Calcs": 0.197,
      "Normalized EBITDA": 4533000000.0,
      "Total Unusual Items": -4000000.0,
      "Total Unusual Items Excluding Goodwill": -4000000.0,
      "Net Income From Continuing Operation Net Minority Interest": 2186000000.0,
      "Reconciled Depreciation": 1664000000.0,
      "Reconciled Cost Of Revenue": 8087000000.0,
      "EBITDA": 4529000000.0,
      "EBIT": 2865000000.0,
      "Net Interest Income": -157000000.0,
      "Interest Expense": 142000000.0,
      "Interest Income": 11000000.0,
      "Normalized Income": 2189212000.0,
      "Net Income From Continuing And Discontinued Operation": 2179000000.0,
      "Total Expenses": 11373000000.0,
      "Total Operating Income As Reported": 2845000000.0,
      "Diluted Average Shares": 1303600000.0,
      "Basic Average Shares": 1301800000.0,
      "Diluted EPS": 1.65,
      "Basic EPS": 1.65,
      "Diluted NI Availto Com Stockholders": 2150000000.0,
      "Net Income Common Stockholders": 2150000000.0,
      "Otherunder Preferred Stock Dividend": 29000000.0,
      "Preferred Stock Dividends": 0.0,
      "Net Income": 2179000000.0,
      "Net Income Including Noncontrolling Interests": 2179000000.0,
      "Net Income Discontinuous Operations": -7000000.0,
      "Net Income Continuous Operations": 2186000000.0,
      "Tax Provision": 537000000.0,
      "Pretax Income": 2723000000.0,
      "Other Non Operating Income Expenses": null,
      "Special Income Charges": null,
      "Impairment Of Capital Assets": null,
      "Restructuring And Mergern Acquisition": null,
      "Net Non Operating Interest Income Expense": -157000000.0,
      "Total Other Finance Cost": 26000000.0,
      "Interest Expense Non Operating": 142000000.0,
      "Interest Income Non Operating": 11000000.0,
      "Operating Income": 2845000000.0,
      "Operating Expense": 3286000000.0,
      "Other Operating Expenses": 52000000.0,
      "Research And Development": 1798000000.0,
      "Selling General And Administration": 1565000000.0,
      "Selling And Marketing Expense": null,
      "General And Administrative Expense": 1565000000.0,
      "Gross Profit": 6131000000.0,
      "Cost Of Revenue": 8087000000.0,
      "Total Revenue": 14218000000.0,
      "Operating Revenue": 14218000000.0
    },
    "2021-09-30T00:00:00": {
      "Tax Effect Of Unusual Items": null,
      "Tax Rate For Calcs": null,
      "Normalized EBITDA": null,
      "Total Unusual Items": 13000000.0,
      "Total Unusual Items Excluding Goodwill": 13000000.0,
      "Net Income From Continuing Operation Net Minority Interest": null,
      "Reconciled Depreciation": null,
      "Reconciled Cost Of Revenue": null,
      "EBITDA": null,
      "EBIT": null,
      "Net Interest Income": null,
      "Interest Expense": null,
      "Interest Income": null,
      "Normalized Income": null,
      "Net Income From Continuing And Discontinued Operation": null,
      "Total Expenses": null,
      "Total Operating Income As Reported": null,
      "Diluted Average Shares": null,
      "Basic Average Shares": null,
      "Diluted EPS": null,
      "Basic EPS": null,
      "Diluted NI Availto Com Stockholders": null,
      "Net Income Common Stockholders": null,
      "Otherunder Preferred Stock Dividend": null,
      "Preferred Stock Dividends": null,
      "Net Income": null,
      "Net Income Including Noncontrolling Interests": null,
      "Net Income Discontinuous Operations": null,
      "Net Income Continuous Operations": null,
      "Tax Provision": null,
      "Pretax Income": null,
      "Other Non Operating Income Expenses": null,
      "Special Income Charges": null,
      "Impairment Of Capital Assets": null,
      "Restructuring And Mergern Acquisition": null,
      "Net Non Operating Interest Income Expense": null,
      "Total Other Finance Cost": null,
      "Interest Expense Non Operating": null,
      "Interest Income Non Operating": null,
      "Operating Income": null,
      "Operating Expense": null,
      "Other Operating Expenses": null,
      "Research And Development": null,
      "Selling General And Administration": null,
      "Selling And Marketing Expense": null,
      "General And Administrative Expense": 1354000000.0,
      "Gross Profit": null,
      "Cost Of Revenue": null,
      "Total Revenue": null,
      "Operating Revenue": null
    }
  },
  "quarterly_income": {
    "2025-12-31T00:00:00": {
      "Tax Effect Of Unusual Items": 0.0,
      "Tax Rate For Calcs": 0.242604,
      "Normalized EBITDA": 889000000.0,
      "Net Income From Continuing Operation Net Minority Interest": 256000000.0,
      "Reconciled Depreciation": 478000000.0,
      "Reconciled Cost Of Revenue": 2200000000.0,
      "EBITDA": 889000000.0,
      "EBIT": 411000000.0,
      "Net Interest Income": -56000000.0,
      "Interest Expense": 73000000.0,
      "Interest Income": 17000000.0,
      "Normalized Income": 256000000.0,
      "Net Income From Continuing And Discontinued Operation": 256000000.0,
      "Total Expenses": 3274000000.0,
      "Total Operating Income As Reported": 388000000.0,
      "Diluted Average Shares": 1311000000.0,
      "Basic Average Shares": 1302000000.0,
      "Diluted EPS": 0.19,
      "Basic EPS": 0.19,
      "Diluted NI Availto Com Stockholders": 256000000.0,
      "Net Income Common Stockholders": 256000000.0,
      "Otherunder Preferred Stock Dividend": 0.0,
      "Net Income": 256000000.0,
      "Net Income Including Noncontrolling Interests": 256000000.0,
      "Net Income Discontinuous Operations": 0.0,
      "Net Income Continuous Operations": 256000000.0,
      "Tax Provision": 82000000.0,
      "Pretax Income": 338000000.0,
      "Net Non Operating Interest Income Expense": -56000000.0,
      "Interest Expense Non Operating": 73000000.0,
      "Interest Income Non Operating": 17000000.0,
      "Operating Income": 388000000.0,
      "Operating Expense": 1074000000.0,
      "Other Operating Expenses": 47000000.0,
      "Research And Development": 626000000.0,
      "Selling General And Administration": 409000000.0,
      "Selling And Marketing Expense": null,
      "General And Administrative Expense": 409000000.0,
      "Gross Profit": 1462000000.0,
      "Cost Of Revenue": 2200000000.0,
      "Total Revenue": 3662000000.0,
      "Operating Revenue": 3662000000.0
    },
    "2025-09-30T00:00:00": {
      "Tax Effect Of Unusual Items": 0.0,
      "Tax Rate For Calcs": 0.388747,
      "Normalized EBITDA": 947000000.0,
      "Net Income From Continuing Operation Net Minority Interest": 239000000.0,
      "Reconciled Depreciation": 484000000.0,
      "Reconciled Cost Of Revenue": 2440000000.0,
      "EBITDA": 947000000.0,
      "EBIT": 463000000.0,
      "Net Interest Income": -65000000.0,
      "Interest Expense": 72000000.0,
      "Interest Income": -4000000.0,
      "Normalized Income": 239000000.0,
      "Net Income From Continuing And Discontinued Operation": 232000000.0,
      "Total Expenses": 3061000000.0,
      "Total Operating Income As Reported": 454000000.0,
      "Diluted Average Shares": null,
      "Basic Average Shares": null,
      "Diluted EPS": null,
      "Basic EPS": null,
      "Diluted NI Availto Com Stockholders": 214000000.0,
      "Net Income Common Stockholders": 214000000.0,
      "Otherunder Preferred Stock Dividend": 18000000.0,
      "Net Income": 232000000.0,
      "Net Income Including Noncontrolling Interests": 232000000.0,
      "Net Income Discontinuous Operations": -7000000.0,
      "Net Income Continuous Operations": 239000000.0,
      "Tax Provision": 152000000.0,
      "Pretax Income": 391000000.0,
      "Net Non Operating Interest Income Expense": -65000000.0,
      "Interest Expense Non Operating": 72000000.0,
      "Interest Income Non Operating": -4000000.0,
      "Operating Income": 883000000.0,
      "Operating Expense": 621000000.0,
      "Other Operating Expenses": -329000000.0,
      "Research And Development": 564000000.0,
      "Selling General And Administration": 401000000.0,
      "Selling And Marketing Expense": null,
      "General And Administrative Expense": null,
      "Gross Profit": 1504000000.0,
      "Cost Of Revenue": 2440000000.0,
      "Total Revenue": 3944000000.0,
      "Operating Revenue": 3944000000.0
    },
    "2025-06-30T00:00:00": {
      "Tax Effect Of Unusual Items": 0.0,
      "Tax Rate For Calcs": 0.244845,
      "Normalized EBITDA": 909000000.0,
      "Net Income From Continuing Operation Net Minority Interest": 293000000.0,
      "Reconciled Depreciation": 463000000.0,
      "Reconciled Cost Of Revenue": 2189000000.0,
      "EBITDA": 909000000.0,
      "EBIT": 446000000.0,
      "Net Interest Income": -40000000.0,
      "Interest Expense": 58000000.0,
      "Interest Income": 18000000.0,
      "Normalized Income": 293000000.0,
      "Net Income From Continuing And Discontinued Operation": 305000000.0,
      "Total Expenses": 3280000000.0,
      "Total Operating Income As Reported": 424000000.0,
      "Diluted Average Shares": 1308000000.0,
      "Basic Average Shares": 1302000000.0,
      "Diluted EPS": 0.23,
      "Basic EPS": 0.23,
      "Diluted NI Availto Com Stockholders": 305000000.0,
      "Net Income Common Stockholders": 305000000.0,
      "Otherunder Preferred Stock Dividend": 0.0,
      "Net Income": 305000000.0,
      "Net Income Including Noncontrolling Interests": 305000000.0,
      "Net Income Discontinuous Operations": 12000000.0,
      "Net Income Continuous Operations": 293000000.0,
      "Tax Provision": 95000000.0,
      "Pretax Income": 388000000.0,
      "Net Non Operating Interest Income Expense": -40000000.0,
      "Interest Expense Non Operating": 58000000.0,
      "Interest Income Non Operating": 18000000.0,
      "Operating Income": 424000000.0,
      "Operating Expense": 1091000000.0,
      "Other Operating Expenses": 129000000.0,
      "Research And Development": 560000000.0,
      "Selling General And Administration": 410000000.0,
      "Selling And Marketing Expense": 410000000.0,
      "General And Administrative Expense": null,
      "Gross Profit": 1515000000.0,
      "Cost Of Revenue": 2189000000.0,
      "Total Revenue": 3704000000.0,
      "Operating Revenue": 3704000000.0
    },
    "2025-03-31T00:00:00": {
      "Tax Effect Of Unusual Items": 0.0,
      "Tax Rate For Calcs": 0.215017,
      "Normalized EBITDA": 823000000.0,
      "Net Income From Continuing Operation Net Minority Interest": 230000000.0,
      "Reconciled Depreciation": 483000000.0,
      "Reconciled Cost Of Revenue": 2199000000.0,
      "EBITDA": 823000000.0,
      "EBIT": 340000000.0,
      "Net Interest Income": -28000000.0,
      "Interest Expense": 47000000.0,
      "Interest Income": 19000000.0,
      "Normalized Income": 230000000.0,
      "Net Income From Continuing And Discontinued Operation": 232000000.0,
      "Total Expenses": 3271000000.0,
      "Total Operating Income As Reported": 319000000.0,
      "Diluted Average Shares": null,
      "Basic Average Shares": null,
      "Diluted EPS": null,
      "Basic EPS": null,
      "Diluted NI Availto Com Stockholders": 232000000.0,
      "Net Income Common Stockholders": 232000000.0,
      "Otherunder Preferred Stock Dividend": 0.0,
      "Net Income": 232000000.0,
      "Net Income Including Noncontrolling Interests": 232000000.0,
      "Net Income Discontinuous Operations": 2000000.0,
      "Net Income Continuous Operations": 230000000.0,
      "Tax Provision": 63000000.0,
      "Pretax Income": 293000000.0,
      "Net Non Operating Interest Income Expense": -28000000.0,
      "Interest Expense Non Operating": 47000000.0,
      "Interest Income Non Operating": 19000000.0,
      "Operating Income": 319000000.0,
      "Operating Expense": 1072000000.0,
      "Other Operating Expenses": 159000000.0,
      "Research And Development": 559000000.0,
      "Selling General And Administration": 376000000.0,
      "Selling And Marketing Expense": null,
      "General And Administrative Expense": 376000000.0,
      "Gross Profit": 1391000000.0,
      "Cost Of Revenue": 2199000000.0,
      "Total Revenue": 3590000000.0,
      "Operating Revenue": 3590000000.0
    },
    "2024-12-31T00:00:00": {
      "Tax Effect Of Unusual Items": 0.0,
      "Tax Rate For Calcs": 0.19802,
      "Normalized EBITDA": 834000000.0,
      "Net Income From Continuing Operation Net Minority Interest": 243000000.0,
      "Reconciled Depreciation": 487000000.0,
      "Reconciled Cost Of Revenue": 2081000000.0,
      "EBITDA": 834000000.0,
      "EBIT": 347000000.0,
      "Net Interest Income": -17000000.0,
      "Interest Expense": 44000000.0,
      "Interest Income": 27000000.0,
      "Normalized Income": 243000000.0,
      "Net Income From Continuing And Discontinued Operation": 246000000.0,
      "Total Expenses": 3106000000.0,
      "Total Operating Income As Reported": 318000000.0,
      "Diluted Average Shares": 1305000000.0,
      "Basic Average Shares": 1299000000.0,
      "Diluted EPS": 0.18,
      "Basic EPS": 0.18,
      "Diluted NI Availto Com Stockholders": 246000000.0,
      "Net Income Common Stockholders": 246000000.0,
      "Otherunder Preferred Stock Dividend": 0.0,
      "Net Income": 246000000.0,
      "Net Income Including Noncontrolling Interests": 246000000.0,
      "Net Income Discontinuous Operations": 3000000.0,
      "Net Income Continuous Operations": 243000000.0,
      "Tax Provision": 60000000.0,
      "Pretax Income": 303000000.0,
      "Net Non Operating Interest Income Expense": -17000000.0,
      "Interest Expense Non Operating": 44000000.0,
      "Interest Income Non Operating": 27000000.0,
      "Operating Income": 318000000.0,
      "Operating Expense": 1025000000.0,
      "Other Operating Expenses": 149000000.0,
      "Research And Development": 544000000.0,
      "Selling General And Administration": 395000000.0,
      "Selling And Marketing Expense": null,
      "General And Administrative Expense": 395000000.0,
      "Gross Profit": 1343000000.0,
      "Cost Of Revenue": 2081000000.0,
      "Total Revenue": 3424000000.0,
      "Operating Revenue": 3424000000.0
    },
    "2024-09-30T00:00:00": {
      "Tax Effect Of Unusual Items": null,
      "Tax Rate For Calcs": null,
      "Normalized EBITDA": null,
      "Net Income From Continuing Operation Net Minority Interest": null,
      "Reconciled Depreciation": null,
      "Reconciled Cost Of Revenue": null,
      "EBITDA": null,
      "EBIT": null,
      "Net Interest Income": null,
      "Interest Expense": null,
      "Interest Income": null,
      "Normalized Income": null,
      "Net Income From Continuing And Discontinued Operation": null,
      "Total Expenses": null,
      "Total Operating Income As Reported": null,
      "Diluted Average Shares": 1304000000.0,
      "Basic Average Shares": 1299000000.0,
      "Diluted EPS": -0.07,
      "Basic EPS": -0.07,
      "Diluted NI Availto Com Stockholders": null,
      "Net Income Common Stockholders": null,
      "Otherunder Preferred Stock Dividend": null,
      "Net Income": null,
      "Net Income Including Noncontrolling Interests": null,
      "Net Income Discontinuous Operations": null,
      "Net Income Continuous Operations": null,
      "Tax Provision": null,
      "Pretax Income": null,
      "Net Non Operating Interest Income Expense": null,
      "Interest Expense Non Operating": null,
      "Interest Income Non Operating": null,
      "Operating Income": null,
      "Operating Expense": null,
      "Other Operating Expenses": null,
      "Research And Development": null,
      "Selling General And Administration": null,
      "Selling And Marketing Expense": 393000000.0,
      "General And Administrative Expense": null,
      "Gross Profit": null,
      "Cost Of Revenue": null,
      "Total Revenue": null,
      "Operating Revenue": null
    },
    "2024-06-30T00:00:00": {
      "Tax Effect Of Unusual Items": null,
      "Tax Rate For Calcs": null,
      "Normalized EBITDA": null,
      "Net Income From Continuing Operation Net Minority Interest": null,
      "Reconciled Depreciation": null,
      "Reconciled Cost Of Revenue": null,
      "EBITDA": null,
      "EBIT": null,
      "Net Interest Income": null,
      "Interest Expense": null,
      "Interest Income": null,
      "Normalized Income": null,
      "Net Income From Continuing And Discontinued Operation": null,
      "Total Expenses": null,
      "Total Operating Income As Reported": null,
      "Diluted Average Shares": 1304000000.0,
      "Basic Average Shares": 1299000000.0,
      "Diluted EPS": 0.3,
      "Basic EPS": 0.3,
      "Diluted NI Availto Com Stockholders": null,
      "Net Income Common Stockholders": null,
      "Otherunder Preferred Stock Dividend": null,
      "Net Income": null,
      "Net Income Including Noncontrolling Interests": null,
      "Net Income Discontinuous Operations": null,
      "Net Income Continuous Operations": null,
      "Tax Provision": null,
      "Pretax Income": null,
      "Net Non Operating Interest Income Expense": null,
      "Interest Expense Non Operating": null,
      "Interest Income Non Operating": null,
      "Operating Income": null,
      "Operating Expense": null,
      "Other Operating Expenses": null,
      "Research And Development": null,
      "Selling General And Administration": null,
      "Selling And Marketing Expense": 390000000.0,
      "General And Administrative Expense": null,
      "Gross Profit": null,
      "Cost Of Revenue": null,
      "Total Revenue": null,
      "Operating Revenue": null
    }
  },
  "balance_sheet": {
    "2025-09-30T00:00:00": {
      "Treasury Shares Number": 3781390.0,
      "Ordinary Shares Number": 1302139747.0,
      "Share Issued": 1305921137.0,
      "Net Debt": 5473000000.0,
      "Total Debt": 7216000000.0,
      "Tangible Book Value": 5928000000.0,
      "Invested Capital": 23880000000.0,
      "Working Capital": 4039000000.0,
      "Net Tangible Assets": 5928000000.0,
      "Capital Lease Obligations": 387000000.0,
      "Common Stock Equity": 17051000000.0,
      "Total Capitalization": 22833000000.0,
      "Total Equity Gross Minority Interest": 17051000000.0,
      "Stockholders Equity": 17051000000.0,
      "Other Equity Interest": 602000000.0,
      "Treasury Stock": 120000000.0,
      "Retained Earnings": 7576000000.0,
      "Additional Paid In Capital": 6886000000.0,
      "Capital Stock": 2612000000.0,
      "Common Stock": 2612000000.0,
      "Total Liabilities Net Minority Interest": 13419000000.0,
      "Total Non Current Liabilities Net Minority Interest": 7635000000.0,
      "Other Non Current Liabilities": 964000000.0,
      "Non Current Pension And Other Postretirement Benefit Plans": 212000000.0,
      "Non Current Deferred Revenue": 128000000.0,
      "Non Current Deferred Taxes Liabilities": 133000000.0,
      "Long Term Debt And Capital Lease Obligation": 6087000000.0,
      "Long Term Capital Lease Obligation": 305000000.0,
      "Long Term Debt": 5782000000.0,
      "Long Term Provisions": 111000000.0,
      "Current Liabilities": 5784000000.0,
      "Other Current Liabilities": 53000000.0,
      "Current Debt And Capital Lease Obligation": 1129000000.0,
      "Current Capital Lease Obligation": 82000000.0,
      "Current Debt": 1047000000.0,
      "Current Provisions": 660000000.0,
      "Payables": 2439000000.0,
      "Other Payable": 55000000.0,
      "Total Tax Payable": 373000000.0,
      "Accounts Payable": 2011000000.0,
      "Total Assets": 30470000000.0,
      "Total Non Current Assets": 20647000000.0,
      "Other Non Current Assets": 281000000.0,
      "Non Current Deferred Taxes Assets": 250000000.0,
      "Investmentin Financial Assets": 329000000.0,
      "Available For Sale Securities": 329000000.0,
      "Long Term Equity Investment": 100000000.0,
      "Goodwill And Other Intangible Assets": 11123000000.0,
      "Other Intangible Assets": 3274000000.0,
      "Goodwill": 7849000000.0,
      "Net PPE": 8544000000.0,
      "Accumulated Depreciation": -14355000000.0,
      "Gross PPE": 22899000000.0,
      "Construction In Progress": 2136000000.0,
      "Other Properties": 3000000.0,
      "Machinery Furniture Equipment": 17501000000.0,
      "Buildings And Improvements": 386000000.0,
      "Land And Improvements": 2873000000.0,
      "Properties": 0.0,
      "Current Assets": 9823000000.0,
      "Other Current Assets": 92000000.0,
      "Hedging Assets Current": 3000000.0,
      "Assets Held For Sale Current": 45000000.0,
      "Prepaid Assets": 522000000.0,
      "Inventory": 4141000000.0,
      "Finished Goods": 758000000.0,
      "Work In Process": 2719000000.0,
      "Raw Materials": 664000000.0,
      "Other Receivables": 452000000.0,
      "Taxes Receivable": 217000000.0,
      "Accounts Receivable": 2249000000.0,
      "Allowance For Doubtful Accounts Receivable": -10000000.0,
      "Gross Accounts Receivable": 2259000000.0,
      "Cash Cash Equivalents And Short Term Investments": 2102000000.0,
      "Other Short Term Investments": 746000000.0,
      "Cash And Cash Equivalents": 1356000000.0
    },
    "2024-09-30T00:00:00": {
      "Treasury Shares Number": 6757925.0,
      "Ordinary Shares Number": 1299163212.0,
      "Share Issued": 1305921137.0,
      "Net Debt": 3005000000.0,
      "Total Debt": 5168000000.0,
      "Tangible Book Value": 7602000000.0,
      "Invested Capital": 22030000000.0,
      "Working Capital": 4647000000.0,
      "Net Tangible Assets": 7602000000.0,
      "Capital Lease Obligations": 357000000.0,
      "Common Stock Equity": 17219000000.0,
      "Total Capitalization": 21530000000.0,
      "Total Equity Gross Minority Interest": 17219000000.0,
      "Stockholders Equity": 17219000000.0,
      "Other Equity Interest": 1203000000.0,
      "Treasury Stock": 187000000.0,
      "Retained Earnings": 6978000000.0,
      "Additional Paid In Capital": 6763000000.0,
      "Capital Stock": 2612000000.0,
      "Common Stock": 2612000000.0,
      "Total Liabilities Net Minority Interest": 11420000000.0,
      "Total Non Current Liabilities Net Minority Interest": 6274000000.0,
      "Other Non Current Liabilities": 851000000.0,
      "Non Current Pension And Other Postretirement Benefit Plans": 303000000.0,
      "Non Current Deferred Revenue": 152000000.0,
      "Non Current Deferred Taxes Liabilities": 177000000.0,
      "Long Term Debt And Capital Lease Obligation": 4595000000.0,
      "Long Term Capital Lease Obligation": 284000000.0,
      "Long Term Debt": 4311000000.0,
      "Long Term Provisions": 196000000.0,
      "Current Liabilities": 5146000000.0,
      "Other Current Liabilities": 50000000.0,
      "Current Debt And Capital Lease Obligation": 573000000.0,
      "Current Capital Lease Obligation": 73000000.0,
      "Current Debt": 500000000.0,
      "Current Provisions": 698000000.0,
      "Payables": 2371000000.0,
      "Other Payable": 41000000.0,
      "Total Tax Payable": 340000000.0,
      "Accounts Payable": 1990000000.0,
      "Total Assets": 28639000000.0,
      "Total Non Current Assets": 18846000000.0,
      "Other Non Current Assets": 207000000.0,
      "Non Current Deferred Taxes Assets": 264000000.0,
      "Investmentin Financial Assets": 264000000.0,
      "Available For Sale Securities": 264000000.0,
      "Long Term Equity Investment": 117000000.0,
      "Goodwill And Other Intangible Assets": 9617000000.0,
      "Other Intangible Assets": 2820000000.0,
      "Goodwill": 6797000000.0,
      "Net PPE": 8376000000.0,
      "Accumulated Depreciation": -13628000000.0,
      "Gross PPE": 22004000000.0,
      "Construction In Progress": 1907000000.0,
      "Other Properties": 3000000.0,
      "Machinery Furniture Equipment": 16832000000.0,
      "Buildings And Improvements": 359000000.0,
      "Land And Improvements": 2903000000.0,
      "Properties": 0.0,
      "Current Assets": 9793000000.0,
      "Other Current Assets": 50000000.0,
      "Hedging Assets Current": 16000000.0,
      "Assets Held For Sale Current": 0.0,
      "Prepaid Assets": 594000000.0,
      "Inventory": 3990000000.0,
      "Finished Goods": 777000000.0,
      "Work In Process": 2746000000.0,
      "Raw Materials": 467000000.0,
      "Other Receivables": 419000000.0,
      "Taxes Receivable": 273000000.0,
      "Accounts Receivable": 2250000000.0,
      "Allowance For Doubtful Accounts Receivable": -8000000.0,
      "Gross Accounts Receivable": 2258000000.0,
      "Cash Cash Equivalents And Short Term Investments": 2201000000.0,
      "Other Short Term Investments": 395000000.0,
      "Cash And Cash Equivalents": 1806000000.0
    },
    "2023-09-30T00:00:00": {
      "Treasury Shares Number": 2171026.0,
      "Ordinary Shares Number": 1303750111.0,
      "Share Issued": 1305921137.0,
      "Net Debt": 2913000000.0,
      "Total Debt": 5114000000.0,
      "Tangible Book Value": 7520000000.0,
      "Invested Capital": 21777000000.0,
      "Working Capital": 5023000000.0,
      "Net Tangible Assets": 7520000000.0,
      "Capital Lease Obligations": 381000000.0,
      "Common Stock Equity": 17044000000.0,
      "Total Capitalization": 21447000000.0,
      "Total Equity Gross Minority Interest": 17044000000.0,
      "Stockholders Equity": 17044000000.0,
      "Other Equity Interest": 1203000000.0,
      "Treasury Stock": 13000000.0,
      "Retained Earnings": 6204000000.0,
      "Additional Paid In Capital": 6684000000.0,
      "Capital Stock": 2612000000.0,
      "Common Stock": 2612000000.0,
      "Total Liabilities Net Minority Interest": 11395000000.0,
      "Total Non Current Liabilities Net Minority Interest": 5726000000.0,
      "Other Non Current Liabilities": 163000000.0,
      "Non Current Pension And Other Postretirement Benefit Plans": 268000000.0,
      "Non Current Deferred Revenue": 29000000.0,
      "Non Current Deferred Taxes Liabilities": 254000000.0,
      "Long Term Debt And Capital Lease Obligation": 4712000000.0,
      "Long Term Capital Lease Obligation": 309000000.0,
      "Long Term Debt": 4403000000.0,
      "Long Term Provisions": 300000000.0,
      "Current Liabilities": 5669000000.0,
      "Other Current Liabilities": 748000000.0,
      "Current Debt And Capital Lease Obligation": 402000000.0,
      "Current Capital Lease Obligation": 72000000.0,
      "Current Debt": 330000000.0,
      "Current Provisions": 799000000.0,
      "Payables": 3312000000.0,
      "Other Payable": 39000000.0,
      "Total Tax Payable": 508000000.0,
      "Accounts Payable": 2765000000.0,
      "Total Assets": 28439000000.0,
      "Total Non Current Assets": 17747000000.0,
      "Other Non Current Assets": 181000000.0,
      "Non Current Deferred Taxes Assets": 268000000.0,
      "Investmentin Financial Assets": 208000000.0,
      "Available For Sale Securities": 208000000.0,
      "Long Term Equity Investment": 114000000.0,
      "Goodwill And Other Intangible Assets": 9524000000.0,
      "Other Intangible Assets": 2977000000.0,
      "Goodwill": 6547000000.0,
      "Net PPE": 7450000000.0,
      "Accumulated Depreciation": -12691000000.0,
      "Gross PPE": 20141000000.0,
      "Construction In Progress": 1835000000.0,
      "Other Properties": 5000000.0,
      "Machinery Furniture Equipment": 15286000000.0,
      "Buildings And Improvements": 389000000.0,
      "Land And Improvements": 2626000000.0,
      "Properties": 0.0,
      "Current Assets": 10692000000.0,
      "Other Current Assets": 62000000.0,
      "Hedging Assets Current": 10000000.0,
      "Assets Held For Sale Current": null,
      "Prepaid Assets": 497000000.0,
      "Inventory": 3974000000.0,
      "Finished Goods": 769000000.0,
      "Work In Process": 2593000000.0,
      "Raw Materials": 612000000.0,
      "Other Receivables": 301000000.0,
      "Taxes Receivable": 267000000.0,
      "Accounts Receivable": 1991000000.0,
      "Allowance For Doubtful Accounts Receivable": -5000000.0,
      "Gross Accounts Receivable": 1996000000.0,
      "Cash Cash Equivalents And Short Term Investments": 3590000000.0,
      "Other Short Term Investments": 1770000000.0,
      "Cash And Cash Equivalents": 1820000000.0
    },
    "2022-09-30T00:00:00": {
      "Treasury Shares Number": 3689901.0,
      "Ordinary Shares Number": 1302231236.0,
      "Share Issued": 1305921137.0,
      "Net Debt": 4224000000.0,
      "Total Debt": 6048000000.0,
      "Tangible Book Value": 4378000000.0,
      "Invested Capital": 20606000000.0,
      "Working Capital": 3865000000.0,
      "Net Tangible Assets": 4378000000.0,
      "Capital Lease Obligations": 386000000.0,
      "Common Stock Equity": 14944000000.0,
      "Total Capitalization": 19854000000.0,
      "Total Equity Gross Minority Interest": 14944000000.0,
      "Stockholders Equity": 14944000000.0,
      "Other Equity Interest": 1203000000.0,
      "Treasury Stock": 23000000.0,
      "Retained Earnings": 3506000000.0,
      "Additional Paid In Capital": 6579000000.0,
      "Capital Stock": 2612000000.0,
      "Common Stock": 2612000000.0,
      "Total Liabilities Net Minority Interest": 11968000000.0,
      "Total Non Current Liabilities Net Minority Interest": 6380000000.0,
      "Other Non Current Liabilities": 203000000.0,
      "Non Current Pension And Other Postretirement Benefit Plans": 297000000.0,
      "Non Current Deferred Revenue": null,
      "Non Current Deferred Taxes Liabilities": 371000000.0,
      "Long Term Debt And Capital Lease Obligation": 5220000000.0,
      "Long Term Capital Lease Obligation": 310000000.0,
      "Long Term Debt": 4910000000.0,
      "Long Term Provisions": 289000000.0,
      "Current Liabilities": 5588000000.0,
      "Other Current Liabilities": 744000000.0,
      "Current Debt And Capital Lease Obligation": 828000000.0,
      "Current Capital Lease Obligation": 76000000.0,
      "Current Debt": 752000000.0,
      "Current Provisions": 983000000.0,
      "Payables": 2759000000.0,
      "Other Payable": 93000000.0,
      "Total Tax Payable": 406000000.0,
      "Accounts Payable": 2260000000.0,
      "Total Assets": 26912000000.0,
      "Total Non Current Assets": 17459000000.0,
      "Other Non Current Assets": 314000000.0,
      "Non Current Deferred Taxes Assets": 527000000.0,
      "Investmentin Financial Assets": null,
      "Available For Sale Securities": null,
      "Long Term Equity Investment": 100000000.0,
      "Goodwill And Other Intangible Assets": 10566000000.0,
      "Other Intangible Assets": 3483000000.0,
      "Goodwill": 7083000000.0,
      "Net PPE": 5950000000.0,
      "Accumulated Depreciation": -12024000000.0,
      "Gross PPE": 17974000000.0,
      "Construction In Progress": 904000000.0,
      "Other Properties": 6000000.0,
      "Machinery Furniture Equipment": 14110000000.0,
      "Buildings And Improvements": 389000000.0,
      "Land And Improvements": 2565000000.0,
      "Properties": 0.0,
      "Current Assets": 9453000000.0,
      "Other Current Assets": 42000000.0,
      "Hedging Assets Current": 5000000.0,
      "Assets Held For Sale Current": 0.0,
      "Prepaid Assets": 189000000.0,
      "Inventory": 3081000000.0,
      "Finished Goods": 662000000.0,
      "Work In Process": 1949000000.0,
      "Raw Materials": 470000000.0,
      "Other Receivables": 230000000.0,
      "Taxes Receivable": 302000000.0,
      "Accounts Receivable": 1887000000.0,
      "Allowance For Doubtful Accounts Receivable": -6000000.0,
      "Gross Accounts Receivable": 1893000000.0,
      "Cash Cash Equivalents And Short Term Investments": 3717000000.0,
      "Other Short Term Investments": 2279000000.0,
      "Cash And Cash Equivalents": 1438000000.0
    },
    "2021-09-30T00:00:00": {
      "Treasury Shares Number": null,
      "Ordinary Shares Number": null,
      "Share Issued": null,
      "Net Debt": null,
      "Total Debt": null,
      "Tangible Book Value": null,
      "Invested Capital": null,
      "Working Capital": null,
      "Net Tangible Assets": null,
      "Capital Lease Obligations": null,
      "Common Stock Equity": null,
      "Total Capitalization": null,
      "Total Equity Gross Minority Interest": null,
      "Stockholders Equity": null,
      "Other Equity Interest": null,
      "Treasury Stock": null,
      "Retained Earnings": null,
      "Additional Paid In Capital": null,
      "Capital Stock": null,
      "Common Stock": null,
      "Total Liabilities Net Minority Interest": null,
      "Total Non Current Liabilities Net Minority Interest": null,
      "Other Non Current Liabilities": null,
      "Non Current Pension And Other Postretirement Benefit Plans": null,
      "Non Current Deferred Revenue": null,
      "Non Current Deferred Taxes Liabilities": null,
      "Long Term Debt And Capital Lease Obligation": null,
      "Long Term Capital Lease Obligation": null,
      "Long Term Debt": null,
      "Long Term Provisions": null,
      "Current Liabilities": null,
      "Other Current Liabilities": null,
      "Current Debt And Capital Lease Obligation": null,
      "Current Capital Lease Obligation": null,
      "Current Debt": null,
      "Current Provisions": null,
      "Payables": null,
      "Other Payable": null,
      "Total Tax Payable": null,
      "Accounts Payable": null,
      "Total Assets": null,
      "Total Non Current Assets": null,
      "Other Non Current Assets": null,
      "Non Current Deferred Taxes Assets": null,
      "Investmentin Financial Assets": null,
      "Available For Sale Securities": null,
      "Long Term Equity Investment": null,
      "Goodwill And Other Intangible Assets": null,
      "Other Intangible Assets": null,
      "Goodwill": null,
      "Net PPE": null,
      "Accumulated Depreciation": null,
      "Gross PPE": null,
      "Construction In Progress": null,
      "Other Properties": null,
      "Machinery Furniture Equipment": null,
      "Buildings And Improvements": null,
      "Land And Improvements": null,
      "Properties": null,
      "Current Assets": null,
      "Other Current Assets": null,
      "Hedging Assets Current": null,
      "Assets Held For Sale Current": 9000000.0,
      "Prepaid Assets": null,
      "Inventory": null,
      "Finished Goods": null,
      "Work In Process": null,
      "Raw Materials": null,
      "Other Receivables": null,
      "Taxes Receivable": null,
      "Accounts Receivable": null,
      "Allowance For Doubtful Accounts Receivable": null,
      "Gross Accounts Receivable": null,
      "Cash Cash Equivalents And Short Term Investments": null,
      "Other Short Term Investments": null,
      "Cash And Cash Equivalents": null
    }
  },
  "cashflow": {
    "2025-09-30T00:00:00": {
      "Free Cash Flow": 1123000000.0,
      "Repurchase Of Capital Stock": -8000000.0,
      "Repayment Of Debt": -1800000000.0,
      "Issuance Of Debt": 3305000000.0,
      "Issuance Of Capital Stock": null,
      "Capital Expenditure": -2094000000.0,
      "End Cash Position": 1356000000.0,
      "Other Cash Adjustment Outside Changein Cash": -6000000.0,
      "Beginning Cash Position": 1806000000.0,
      "Effect Of Exchange Rate Changes": -7000000.0,
      "Changes In Cash": -437000000.0,
      "Financing Cash Flow": 920000000.0,
      "Net Other Financing Charges": -37000000.0,
      "Cash Dividends Paid": -455000000.0,
      "Common Stock Dividend Paid": -455000000.0,
      "Net Common Stock Issuance": -8000000.0,
      "Common Stock Payments": -8000000.0,
      "Common Stock Issuance": null,
      "Net Issuance Payments Of Debt": 1505000000.0,
      "Net Short Term Debt Issuance": 0.0,
      "Short Term Debt Payments": -700000000.0,
      "Short Term Debt Issuance": 700000000.0,
      "Net Long Term Debt Issuance": 1505000000.0,
      "Long Term Debt Payments": -1100000000.0,
      "Long Term Debt Issuance": 2605000000.0,
      "Investing Cash Flow": -4574000000.0,
      "Net Investment Purchase And Sale": -345000000.0,
      "Sale Of Investment": 5956000000.0,
      "Purchase Of Investment": -6301000000.0,
      "Net Business Purchase And Sale": -2149000000.0,
      "Sale Of Business": 131000000.0,
      "Purchase Of Business": -2280000000.0,
      "Net Intangibles Purchase And Sale": -294000000.0,
      "Purchase Of Intangibles": -294000000.0,
      "Net PPE Purchase And Sale": -1786000000.0,
      "Sale Of PPE": 14000000.0,
      "Purchase Of PPE": -1800000000.0,
      "Operating Cash Flow": 3217000000.0,
      "Taxes Refund Paid": -425000000.0,
      "Interest Received Cfo": 54000000.0,
      "Interest Paid Cfo": -152000000.0,
      "Dividend Received Cfo": 2000000.0,
      "Change In Working Capital": -178000000.0,
      "Change In Other Current Assets": 79000000.0,
      "Change In Payable": 63000000.0,
      "Change In Inventory": -179000000.0,
      "Change In Receivables": -31000000.0,
      "Other Non Cash Items": 146000000.0,
      "Stock Based Compensation": 188000000.0,
      "Deferred Tax": 370000000.0,
      "Depreciation And Amortization": 1917000000.0,
      "Amortization Cash Flow": 547000000.0,
      "Depreciation": 1370000000.0,
      "Gain Loss On Sale Of PPE": -9000000.0,
      "Gain Loss On Sale Of Business": -12000000.0,
      "Net Income From Continuing Operations": 1005000000.0
    },
    "2024-09-30T00:00:00": {
      "Free Cash Flow": 61000000.0,
      "Repurchase Of Capital Stock": -233000000.0,
      "Repayment Of Debt": -2573000000.0,
      "Issuance Of Debt": 2750000000.0,
      "Issuance Of Capital Stock": null,
      "Capital Expenditure": -2719000000.0,
      "End Cash Position": 1806000000.0,
      "Other Cash Adjustment Outside Changein Cash": null,
      "Beginning Cash Position": 1820000000.0,
      "Effect Of Exchange Rate Changes": -12000000.0,
      "Changes In Cash": -2000000.0,
      "Financing Cash Flow": -615000000.0,
      "Net Other Financing Charges": -29000000.0,
      "Cash Dividends Paid": -456000000.0,
      "Common Stock Dividend Paid": -456000000.0,
      "Net Common Stock Issuance": -233000000.0,
      "Common Stock Payments": -233000000.0,
      "Common Stock Issuance": null,
      "Net Issuance Payments Of Debt": 177000000.0,
      "Net Short Term Debt Issuance": 0.0,
      "Short Term Debt Payments": -2250000000.0,
      "Short Term Debt Issuance": 2250000000.0,
      "Net Long Term Debt Issuance": 177000000.0,
      "Long Term Debt Payments": -323000000.0,
      "Long Term Debt Issuance": 500000000.0,
      "Investing Cash Flow": -2167000000.0,
      "Net Investment Purchase And Sale": 1351000000.0,
      "Sale Of Investment": 8378000000.0,
      "Purchase Of Investment": -7027000000.0,
      "Net Business Purchase And Sale": -813000000.0,
      "Sale Of Business": 19000000.0,
      "Purchase Of Business": -832000000.0,
      "Net Intangibles Purchase And Sale": -287000000.0,
      "Purchase Of Intangibles": -287000000.0,
      "Net PPE Purchase And Sale": -2418000000.0,
      "Sale Of PPE": 14000000.0,
      "Purchase Of PPE": -2432000000.0,
      "Operating Cash Flow": 2780000000.0,
      "Taxes Refund Paid": -533000000.0,
      "Interest Received Cfo": 80000000.0,
      "Interest Paid Cfo": -146000000.0,
      "Dividend Received Cfo": 4000000.0,
      "Change In Working Capital": -239000000.0,
      "Change In Other Current Assets": 830000000.0,
      "Change In Payable": -750000000.0,
      "Change In Inventory": -60000000.0,
      "Change In Receivables": -279000000.0,
      "Other Non Cash Items": 90000000.0,
      "Stock Based Compensation": 130000000.0,
      "Deferred Tax": 378000000.0,
      "Depreciation And Amortization": 1865000000.0,
      "Amortization Cash Flow": 526000000.0,
      "Depreciation": 1339000000.0,
      "Gain Loss On Sale Of PPE": 4000000.0,
      "Gain Loss On Sale Of Business": 5000000.0,
      "Net Income From Continuing Operations": 1780000000.0
    },
    "2023-09-30T00:00:00": {
      "Free Cash Flow": 966000000.0,
      "Repurchase Of Capital Stock": 0.0,
      "Repayment Of Debt": -753000000.0,
      "Issuance Of Debt": 0.0,
      "Issuance Of Capital Stock": null,
      "Capital Expenditure": -2994000000.0,
      "End Cash Position": 1820000000.0,
      "Other Cash Adjustment Outside Changein Cash": null,
      "Beginning Cash Position": 1438000000.0,
      "Effect Of Exchange Rate Changes": -13000000.0,
      "Changes In Cash": 395000000.0,
      "Financing Cash Flow": -1301000000.0,
      "Net Other Financing Charges": -45000000.0,
      "Cash Dividends Paid": -417000000.0,
      "Common Stock Dividend Paid": -417000000.0,
      "Net Common Stock Issuance": 0.0,
      "Common Stock Payments": 0.0,
      "Common Stock Issuance": null,
      "Net Issuance Payments Of Debt": -753000000.0,
      "Net Short Term Debt Issuance": 0.0,
      "Short Term Debt Payments": 0.0,
      "Short Term Debt Issuance": 0.0,
      "Net Long Term Debt Issuance": -753000000.0,
      "Long Term Debt Payments": -753000000.0,
      "Long Term Debt Issuance": 0.0,
      "Investing Cash Flow": -2264000000.0,
      "Net Investment Purchase And Sale": 540000000.0,
      "Sale Of Investment": 5738000000.0,
      "Purchase Of Investment": -5198000000.0,
      "Net Business Purchase And Sale": 67000000.0,
      "Sale Of Business": 91000000.0,
      "Purchase Of Business": -24000000.0,
      "Net Intangibles Purchase And Sale": -255000000.0,
      "Purchase Of Intangibles": -255000000.0,
      "Net PPE Purchase And Sale": -2616000000.0,
      "Sale Of PPE": 123000000.0,
      "Purchase Of PPE": -2739000000.0,
      "Operating Cash Flow": 3960000000.0,
      "Taxes Refund Paid": -533000000.0,
      "Interest Received Cfo": 57000000.0,
      "Interest Paid Cfo": -128000000.0,
      "Dividend Received Cfo": 7000000.0,
      "Change In Working Capital": -1149000000.0,
      "Change In Other Current Assets": -359000000.0,
      "Change In Payable": 547000000.0,
      "Change In Inventory": -1014000000.0,
      "Change In Receivables": -185000000.0,
      "Other Non Cash Items": 52000000.0,
      "Stock Based Compensation": 92000000.0,
      "Deferred Tax": 782000000.0,
      "Depreciation And Amortization": 1754000000.0,
      "Amortization Cash Flow": 531000000.0,
      "Depreciation": 1223000000.0,
      "Gain Loss On Sale Of PPE": -99000000.0,
      "Gain Loss On Sale Of Business": -30000000.0,
      "Net Income From Continuing Operations": 3139000000.0
    },
    "2022-09-30T00:00:00": {
      "Free Cash Flow": 1670000000.0,
      "Repurchase Of Capital Stock": null,
      "Repayment Of Debt": -1893000000.0,
      "Issuance Of Debt": 500000000.0,
      "Issuance Of Capital Stock": null,
      "Capital Expenditure": -2310000000.0,
      "End Cash Position": 1438000000.0,
      "Other Cash Adjustment Outside Changein Cash": null,
      "Beginning Cash Position": 1749000000.0,
      "Effect Of Exchange Rate Changes": 19000000.0,
      "Changes In Cash": -330000000.0,
      "Financing Cash Flow": -1869000000.0,
      "Net Other Financing Charges": -41000000.0,
      "Cash Dividends Paid": -351000000.0,
      "Common Stock Dividend Paid": -351000000.0,
      "Net Common Stock Issuance": null,
      "Common Stock Payments": null,
      "Common Stock Issuance": null,
      "Net Issuance Payments Of Debt": -1393000000.0,
      "Net Short Term Debt Issuance": null,
      "Short Term Debt Payments": null,
      "Short Term Debt Issuance": null,
      "Net Long Term Debt Issuance": -1393000000.0,
      "Long Term Debt Payments": -1893000000.0,
      "Long Term Debt Issuance": 500000000.0,
      "Investing Cash Flow": -2441000000.0,
      "Net Investment Purchase And Sale": -103000000.0,
      "Sale Of Investment": 5502000000.0,
      "Purchase Of Investment": -5605000000.0,
      "Net Business Purchase And Sale": -44000000.0,
      "Sale Of Business": 0.0,
      "Purchase Of Business": -44000000.0,
      "Net Intangibles Purchase And Sale": -257000000.0,
      "Purchase Of Intangibles": -257000000.0,
      "Net PPE Purchase And Sale": -2037000000.0,
      "Sale Of PPE": 16000000.0,
      "Purchase Of PPE": -2053000000.0,
      "Operating Cash Flow": 3980000000.0,
      "Taxes Refund Paid": -350000000.0,
      "Interest Received Cfo": 10000000.0,
      "Interest Paid Cfo": -149000000.0,
      "Dividend Received Cfo": 6000000.0,
      "Change In Working Capital": -78000000.0,
      "Change In Other Current Assets": 266000000.0,
      "Change In Payable": 640000000.0,
      "Change In Inventory": -766000000.0,
      "Change In Receivables": -307000000.0,
      "Other Non Cash Items": 86000000.0,
      "Stock Based Compensation": 62000000.0,
      "Deferred Tax": 537000000.0,
      "Depreciation And Amortization": 1664000000.0,
      "Amortization Cash Flow": null,
      "Depreciation": 1664000000.0,
      "Gain Loss On Sale Of PPE": -12000000.0,
      "Gain Loss On Sale Of Business": 0.0,
      "Net Income From Continuing Operations": 2186000000.0
    },
    "2021-09-30T00:00:00": {
      "Free Cash Flow": null,
      "Repurchase Of Capital Stock": null,
      "Repayment Of Debt": null,
      "Issuance Of Debt": null,
      "Issuance Of Capital Stock": 0.0,
      "Capital Expenditure": null,
      "End Cash Position": null,
      "Other Cash Adjustment Outside Changein Cash": null,
      "Beginning Cash Position": null,
      "Effect Of Exchange Rate Changes": null,
      "Changes In Cash": null,
      "Financing Cash Flow": null,
      "Net Other Financing Charges": null,
      "Cash Dividends Paid": null,
      "Common Stock Dividend Paid": null,
      "Net Common Stock Issuance": 0.0,
      "Common Stock Payments": null,
      "Common Stock Issuance": 0.0,
      "Net Issuance Payments Of Debt": null,
      "Net Short Term Debt Issuance": null,
      "Short Term Debt Payments": null,
      "Short Term Debt Issuance": null,
      "Net Long Term Debt Issuance": null,
      "Long Term Debt Payments": null,
      "Long Term Debt Issuance": null,
      "Investing Cash Flow": null,
      "Net Investment Purchase And Sale": null,
      "Sale Of Investment": null,
      "Purchase Of Investment": null,
      "Net Business Purchase And Sale": null,
      "Sale Of Business": null,
      "Purchase Of Business": null,
      "Net Intangibles Purchase And Sale": null,
      "Purchase Of Intangibles": null,
      "Net PPE Purchase And Sale": null,
      "Sale Of PPE": null,
      "Purchase Of PPE": null,
      "Operating Cash Flow": null,
      "Taxes Refund Paid": null,
      "Interest Received Cfo": null,
      "Interest Paid Cfo": null,
      "Dividend Received Cfo": null,
      "Change In Working Capital": null,
      "Change In Other Current Assets": null,
      "Change In Payable": null,
      "Change In Inventory": null,
      "Change In Receivables": null,
      "Other Non Cash Items": null,
      "Stock Based Compensation": null,
      "Deferred Tax": null,
      "Depreciation And Amortization": null,
      "Amortization Cash Flow": null,
      "Depreciation": null,
      "Gain Loss On Sale Of PPE": null,
      "Gain Loss On Sale Of Business": null,
      "Net Income From Continuing Operations": null
    }
  },
  "earnings_estimate": {
    "avg": {
      "0q": 0.37222,
      "+1q": 0.41571,
      "0y": 1.59211,
      "+1y": 2.24118
    },
    "low": {
      "0q": 0.33,
      "+1q": 0.36,
      "0y": 1.16,
      "+1y": 1.66
    },
    "high": {
      "0q": 0.40679,
      "+1q": 0.48373,
      "0y": 1.80381,
      "+1y": 2.6
    },
    "yearAgoEps": {
      "0q": 0.35,
      "+1q": 0.37,
      "0y": 1.39,
      "+1y": 1.59211
    },
    "numberOfAnalysts": {
      "0q": 8,
      "+1q": 7,
      "0y": 20,
      "+1y": 22
    },
    "growth": {
      "0q": 0.0635,
      "+1q": 0.123500004,
      "0y": 0.1454,
      "+1y": 0.4077
    }
  },
  "revenue_estimate": {
    "avg": {
      "0q": 3834489300,
      "+1q": 4041660700,
      "0y": 15745558580,
      "+1y": 17796562270
    },
    "low": {
      "0q": 3792000000,
      "+1q": 3958000000,
      "0y": 15566000000,
      "+1y": 17105000000
    },
    "high": {
      "0q": 4000000000,
      "+1q": 4231000000,
      "0y": 16039440000,
      "+1y": 18589496000
    },
    "numberOfAnalysts": {
      "0q": 10,
      "+1q": 9,
      "0y": 20,
      "+1y": 22
    },
    "yearAgoRevenue": {
      "0q": 3590000000,
      "+1q": 3704000000,
      "0y": 14662000000,
      "+1y": 15745558580
    },
    "growth": {
      "0q": 0.0681,
      "+1q": 0.0912,
      "0y": 0.0739,
      "+1y": 0.1303
    }
  },
  "growth_estimates": {
    "stockTrend": {
      "0q": 0.0635,
      "+1q": 0.123500004,
      "0y": 0.1454,
      "+1y": 0.4077,
      "LTG": null
    },
    "indexTrend": {
      "0q": 0.1273,
      "+1q": 0.103599995,
      "0y": 0.14310001,
      "+1y": 0.1557,
      "LTG": 0.122
    }
  },
  "revenue_forecasts": null,
  "dividend_rate": 0.35,
  "trailing_dividend_rate": 0.35
}