{
  "ticker": "IG.MI",
  "name": "Italgas",
  "country": "italy",
  "currency": "EUR",
  "last_fetched": "2026-02-26T20:49:27.251193",
  "market_cap": 11274119168,
  "revenue": 3052435968,
  "net_income": 639153984,
  "pe_ratio": 16.567163,
  "forward_pe": 14.735361,
  "dividend_yield": 3.41,
  "profit_margin": 0.20938998,
  "roe": 0.20253,
  "debt_to_equity": 278.499,
  "beta": 0.677,
  "ev_to_ebitda": null,
  "sector": "Utilities",
  "industry": "Utilities - Regulated Gas",
  "summary": "Italgas S.p.A., together with its subsidiaries, engages in the distribution of natural gas in Italy, Greece, and Other European Union countries. It operates through Gas distribution, Water Service, and Energy Efficiency segments. The company involved in the transportation of gas to households, enterprises, etc. It also engages in metering activities; and collection, adduction, and distribution of water for civil use, drains, and the purification of wastewater. The company operated a distribution network of 82,034 kilometers and water distribution network of 6300 kilometers. Italgas S.p.A. was founded in 1837 and is based in Milan, Italy.",
  "website": "https://www.italgas.it",
  "employees": 6400,
  "target_high": 12.0,
  "target_low": 9.2,
  "target_mean": 10.24375,
  "target_median": 10.0,
  "recommendation": "buy",
  "num_analysts": 16,
  "income_stmt": {
    "2024-12-31T00:00:00": {
      "Tax Effect Of Unusual Items": -5921022.123052,
      "Tax Rate For Calcs": 0.245665,
      "Normalized EBITDA": 1379659000.0,
      "Total Unusual Items": -24102000.0,
      "Total Unusual Items Excluding Goodwill": -24102000.0,
      "Net Income From Continuing Operation Net Minority Interest": 478854000.0,
      "Reconciled Depreciation": 549120000.0,
      "Reconciled Cost Of Revenue": 581380000.0,
      "EBITDA": 1355557000.0,
      "EBIT": 806437000.0,
      "Net Interest Income": -121045000.0,
      "Interest Expense": 133745000.0,
      "Interest Income": 17500000.0,
      "Normalized Income": 497034977.876948,
      "Net Income From Continuing And Discontinued Operation": 478854000.0,
      "Total Expenses": 1707520000.0,
      "Rent Expense Supplemental": 102496000.0,
      "Total Operating Income As Reported": 782149000.0,
      "Diluted Average Shares": 863913553.0,
      "Basic Average Shares": 863913553.0,
      "Diluted EPS": 0.554338,
      "Basic EPS": 0.554338,
      "Diluted NI Availto Com Stockholders": 478854000.0,
      "Net Income Common Stockholders": 478854000.0,
      "Otherunder Preferred Stock Dividend": 0.0,
      "Net Income": 478854000.0,
      "Minority Interests": -28581000.0,
      "Net Income Including Noncontrolling Interests": 507435000.0,
      "Net Income Continuous Operations": 507435000.0,
      "Tax Provision": 165257000.0,
      "Pretax Income": 672692000.0,
      "Special Income Charges": -24481000.0,
      "Other Special Charges": 37868000.0,
      "Write Off": -822000.0,
      "Impairment Of Capital Assets": -12565000.0,
      "Net Non Operating Interest Income Expense": -121045000.0,
      "Total Other Finance Cost": 4800000.0,
      "Interest Expense Non Operating": 133745000.0,
      "Interest Income Non Operating": 17500000.0,
      "Operating Income": 806343000.0,
      "Operating Expense": 1126140000.0,
      "Other Operating Expenses": 69006000.0,
      "Depreciation And Amortization In Income Statement": 549120000.0,
      "Amortization": 496111000.0,
      "Depreciation Income Statement": 53009000.0,
      "Selling General And Administration": 122822000.0,
      "Selling And Marketing Expense": 5334000.0,
      "General And Administrative Expense": 117488000.0,
      "Rent And Landing Fees": 102496000.0,
      "Gross Profit": 1932483000.0,
      "Cost Of Revenue": 581380000.0,
      "Total Revenue": 2513863000.0,
      "Operating Revenue": 2513863000.0
    },
    "2023-12-31T00:00:00": {
      "Tax Effect Of Unusual Items": -12611253.318569,
      "Tax Rate For Calcs": 0.202399,
      "Normalized EBITDA": 1282457000.0,
      "Total Unusual Items": -62309000.0,
      "Total Unusual Items Excluding Goodwill": -62309000.0,
      "Net Income From Continuing Operation Net Minority Interest": 439568000.0,
      "Reconciled Depreciation": 544327000.0,
      "Reconciled Cost Of Revenue": 813944000.0,
      "EBITDA": 1220148000.0,
      "EBIT": 675821000.0,
      "Net Interest Income": -98152000.0,
      "Interest Expense": 89725000.0,
      "Interest Income": 5720000.0,
      "Normalized Income": 489265746.681431,
      "Net Income From Continuing And Discontinued Operation": 439568000.0,
      "Total Expenses": 1845116000.0,
      "Rent Expense Supplemental": 89155000.0,
      "Total Operating Income As Reported": 681257000.0,
      "Diluted Average Shares": 863384189.0,
      "Basic Average Shares": 863384189.0,
      "Diluted EPS": 0.509159,
      "Basic EPS": 0.509159,
      "Diluted NI Availto Com Stockholders": 439568000.0,
      "Net Income Common Stockholders": 439568000.0,
      "Otherunder Preferred Stock Dividend": 0.0,
      "Net Income": 439568000.0,
      "Minority Interests": -27903000.0,
      "Net Income Including Noncontrolling Interests": 467471000.0,
      "Net Income Continuous Operations": 467471000.0,
      "Tax Provision": 118625000.0,
      "Pretax Income": 586096000.0,
      "Special Income Charges": -62232000.0,
      "Other Special Charges": 39092000.0,
      "Write Off": 124000.0,
      "Impairment Of Capital Assets": 23016000.0,
      "Net Non Operating Interest Income Expense": -98152000.0,
      "Total Other Finance Cost": 14147000.0,
      "Interest Expense Non Operating": 89725000.0,
      "Interest Income Non Operating": 5720000.0,
      "Operating Income": 743259000.0,
      "Operating Expense": 1031172000.0,
      "Other Operating Expenses": 41573000.0,
      "Depreciation And Amortization In Income Statement": 522530000.0,
      "Amortization": 475120000.0,
      "Depreciation Income Statement": 47410000.0,
      "Selling General And Administration": 129827000.0,
      "Selling And Marketing Expense": 5060000.0,
      "General And Administrative Expense": 124767000.0,
      "Rent And Landing Fees": 89155000.0,
      "Gross Profit": 1774431000.0,
      "Cost Of Revenue": 813944000.0,
      "Total Revenue": 2588375000.0,
      "Operating Revenue": 2588375000.0
    },
    "2022-12-31T00:00:00": {
      "Tax Effect Of Unusual Items": 6600874.0,
      "Tax Rate For Calcs": 0.259,
      "Normalized EBITDA": 1093290000.0,
      "Total Unusual Items": 25486000.0,
      "Total Unusual Items Excluding Goodwill": 25486000.0,
      "Net Income From Continuing Operation Net Minority Interest": 407288000.0,
      "Reconciled Depreciation": 478291000.0,
      "Reconciled Cost Of Revenue": 664352000.0,
      "EBITDA": 1118776000.0,
      "EBIT": 640485000.0,
      "Net Interest Income": -57324000.0,
      "Interest Expense": 51990000.0,
      "Interest Income": 171000.0,
      "Normalized Income": 388402874.0,
      "Net Income From Continuing And Discontinued Operation": 407288000.0,
      "Total Expenses": 1608947000.0,
      "Rent Expense Supplemental": 102591000.0,
      "Total Operating Income As Reported": null,
      "Diluted Average Shares": 862852256.0,
      "Basic Average Shares": 862852256.0,
      "Diluted EPS": 0.469516,
      "Basic EPS": 0.469516,
      "Diluted NI Availto Com Stockholders": 407288000.0,
      "Net Income Common Stockholders": 407288000.0,
      "Otherunder Preferred Stock Dividend": 0.0,
      "Net Income": 407288000.0,
      "Minority Interests": -28838000.0,
      "Net Income Including Noncontrolling Interests": 436126000.0,
      "Net Income Continuous Operations": 436126000.0,
      "Tax Provision": 152369000.0,
      "Pretax Income": 588495000.0,
      "Special Income Charges": 24437000.0,
      "Other Special Charges": -25332000.0,
      "Write Off": null,
      "Impairment Of Capital Assets": 895000.0,
      "Net Non Operating Interest Income Expense": -57324000.0,
      "Total Other Finance Cost": 5505000.0,
      "Interest Expense Non Operating": 51990000.0,
      "Interest Income Non Operating": 171000.0,
      "Operating Income": 616701000.0,
      "Operating Expense": 944595000.0,
      "Other Operating Expenses": 22819000.0,
      "Depreciation And Amortization In Income Statement": 478291000.0,
      "Amortization": 436331000.0,
      "Depreciation Income Statement": 41960000.0,
      "Selling General And Administration": 117816000.0,
      "Selling And Marketing Expense": 4462000.0,
      "General And Administrative Expense": 113354000.0,
      "Rent And Landing Fees": 102591000.0,
      "Gross Profit": 1561296000.0,
      "Cost Of Revenue": 664352000.0,
      "Total Revenue": 2225648000.0,
      "Operating Revenue": 2225648000.0
    },
    "2021-12-31T00:00:00": {
      "Tax Effect Of Unusual Items": -1192590.0,
      "Tax Rate For Calcs": 0.27,
      "Normalized EBITDA": 1027836000.0,
      "Total Unusual Items": -4417000.0,
      "Total Unusual Items Excluding Goodwill": -4417000.0,
      "Net Income From Continuing Operation Net Minority Interest": 362813000.0,
      "Reconciled Depreciation": 444387000.0,
      "Reconciled Cost Of Revenue": 635568000.0,
      "EBITDA": 1023419000.0,
      "EBIT": 579032000.0,
      "Net Interest Income": -60379000.0,
      "Interest Expense": 53728000.0,
      "Interest Income": 768000.0,
      "Normalized Income": 366037410.0,
      "Net Income From Continuing And Discontinued Operation": 362813000.0,
      "Total Expenses": 1545548000.0,
      "Rent Expense Supplemental": 90941000.0,
      "Total Operating Income As Reported": null,
      "Diluted Average Shares": 862343899.0,
      "Basic Average Shares": 862343899.0,
      "Diluted EPS": 0.422564,
      "Basic EPS": 0.422564,
      "Diluted NI Availto Com Stockholders": 362813000.0,
      "Net Income Common Stockholders": 362813000.0,
      "Otherunder Preferred Stock Dividend": 0.0,
      "Net Income": 362813000.0,
      "Minority Interests": -20607000.0,
      "Net Income Including Noncontrolling Interests": 383420000.0,
      "Net Income Continuous Operations": 383420000.0,
      "Tax Provision": 141884000.0,
      "Pretax Income": 525304000.0,
      "Special Income Charges": -4417000.0,
      "Other Special Charges": 3553000.0,
      "Write Off": null,
      "Impairment Of Capital Assets": 864000.0,
      "Net Non Operating Interest Income Expense": -60379000.0,
      "Total Other Finance Cost": 7419000.0,
      "Interest Expense Non Operating": 53728000.0,
      "Interest Income Non Operating": 768000.0,
      "Operating Income": 587123000.0,
      "Operating Expense": 909980000.0,
      "Other Operating Expenses": 30778000.0,
      "Depreciation And Amortization In Income Statement": 444387000.0,
      "Amortization": 405262000.0,
      "Depreciation Income Statement": 39125000.0,
      "Selling General And Administration": 103115000.0,
      "Selling And Marketing Expense": 3896000.0,
      "General And Administrative Expense": 99219000.0,
      "Rent And Landing Fees": 90941000.0,
      "Gross Profit": 1497103000.0,
      "Cost Of Revenue": 635568000.0,
      "Total Revenue": 2132671000.0,
      "Operating Revenue": 2132671000.0
    }
  },
  "quarterly_income": {
    "2025-09-30T00:00:00": {
      "Tax Effect Of Unusual Items": null,
      "Tax Rate For Calcs": null,
      "Normalized EBITDA": null,
      "Total Unusual Items": null,
      "Total Unusual Items Excluding Goodwill": null,
      "Net Income From Continuing Operation Net Minority Interest": null,
      "Reconciled Depreciation": null,
      "Reconciled Cost Of Revenue": null,
      "EBITDA": null,
      "EBIT": null,
      "Net Interest Income": null,
      "Interest Expense": null,
      "Interest Income": null,
      "Normalized Income": null,
      "Net Income From Continuing And Discontinued Operation": null,
      "Total Expenses": null,
      "Rent Expense Supplemental": null,
      "Total Operating Income As Reported": null,
      "Diluted Average Shares": 1015686402.0,
      "Basic Average Shares": 1015686402.0,
      "Diluted EPS": null,
      "Basic EPS": null,
      "Diluted NI Availto Com Stockholders": null,
      "Net Income Common Stockholders": null,
      "Otherunder Preferred Stock Dividend": null,
      "Net Income": null,
      "Minority Interests": null,
      "Net Income Including Noncontrolling Interests": null,
      "Net Income Continuous Operations": null,
      "Tax Provision": null,
      "Pretax Income": null,
      "Special Income Charges": null,
      "Other Special Charges": null,
      "Impairment Of Capital Assets": null,
      "Net Non Operating Interest Income Expense": null,
      "Total Other Finance Cost": null,
      "Interest Expense Non Operating": null,
      "Interest Income Non Operating": null,
      "Operating Income": null,
      "Operating Expense": null,
      "Other Operating Expenses": null,
      "Depreciation And Amortization In Income Statement": null,
      "Amortization": null,
      "Depreciation Income Statement": null,
      "Selling General And Administration": null,
      "Selling And Marketing Expense": null,
      "General And Administrative Expense": null,
      "Rent And Landing Fees": null,
      "Gross Profit": null,
      "Cost Of Revenue": null,
      "Total Revenue": null,
      "Operating Revenue": null
    },
    "2025-06-30T00:00:00": {
      "Tax Effect Of Unusual Items": -1599274.478298,
      "Tax Rate For Calcs": 0.285432,
      "Normalized EBITDA": 515357000.0,
      "Total Unusual Items": -5603000.0,
      "Total Unusual Items Excluding Goodwill": -5603000.0,
      "Net Income From Continuing Operation Net Minority Interest": 169313000.0,
      "Reconciled Depreciation": 185863000.0,
      "Reconciled Cost Of Revenue": 226867000.0,
      "EBITDA": 509754000.0,
      "EBIT": 320321000.0,
      "Net Interest Income": -70605000.0,
      "Interest Expense": 71999000.0,
      "Interest Income": 1921000.0,
      "Normalized Income": 173316725.521702,
      "Net Income From Continuing And Discontinued Operation": 169313000.0,
      "Total Expenses": 633570000.0,
      "Rent Expense Supplemental": 41521000.0,
      "Total Operating Income As Reported": null,
      "Diluted Average Shares": null,
      "Basic Average Shares": null,
      "Diluted EPS": null,
      "Basic EPS": null,
      "Diluted NI Availto Com Stockholders": 169313000.0,
      "Net Income Common Stockholders": 169313000.0,
      "Otherunder Preferred Stock Dividend": 0.0,
      "Net Income": 169313000.0,
      "Minority Interests": -8130000.0,
      "Net Income Including Noncontrolling Interests": 177443000.0,
      "Net Income Continuous Operations": 177443000.0,
      "Tax Provision": 70879000.0,
      "Pretax Income": 248322000.0,
      "Special Income Charges": -5384000.0,
      "Other Special Charges": 7265000.0,
      "Impairment Of Capital Assets": -2272000.0,
      "Net Non Operating Interest Income Expense": -70605000.0,
      "Total Other Finance Cost": 527000.0,
      "Interest Expense Non Operating": 71999000.0,
      "Interest Income Non Operating": 1921000.0,
      "Operating Income": 322274000.0,
      "Operating Expense": 406703000.0,
      "Other Operating Expenses": 29849000.0,
      "Depreciation And Amortization In Income Statement": 189433000.0,
      "Amortization": 171710000.0,
      "Depreciation Income Statement": 17723000.0,
      "Selling General And Administration": 48501000.0,
      "Selling And Marketing Expense": 1002000.0,
      "General And Administrative Expense": 47499000.0,
      "Rent And Landing Fees": 41521000.0,
      "Gross Profit": 728977000.0,
      "Cost Of Revenue": 226867000.0,
      "Total Revenue": 955844000.0,
      "Operating Revenue": 955844000.0
    },
    "2025-03-31T00:00:00": {
      "Tax Effect Of Unusual Items": -914484.289206,
      "Tax Rate For Calcs": 0.275364,
      "Normalized EBITDA": 414686000.0,
      "Total Unusual Items": -3321000.0,
      "Total Unusual Items Excluding Goodwill": -3321000.0,
      "Net Income From Continuing Operation Net Minority Interest": 168765000.0,
      "Reconciled Depreciation": 124680000.0,
      "Reconciled Cost Of Revenue": 104047000.0,
      "EBITDA": 411365000.0,
      "EBIT": 286685000.0,
      "Net Interest Income": -34684000.0,
      "Interest Expense": 39180000.0,
      "Interest Income": 3929000.0,
      "Normalized Income": 171171515.710794,
      "Net Income From Continuing And Discontinued Operation": 168765000.0,
      "Total Expenses": 361120000.0,
      "Rent Expense Supplemental": 25644000.0,
      "Total Operating Income As Reported": 279771000.0,
      "Diluted Average Shares": 864458373.0,
      "Basic Average Shares": 864458373.0,
      "Diluted EPS": 0.197197,
      "Basic EPS": 0.197197,
      "Diluted NI Availto Com Stockholders": 168765000.0,
      "Net Income Common Stockholders": 168765000.0,
      "Otherunder Preferred Stock Dividend": 0.0,
      "Net Income": 168765000.0,
      "Minority Interests": -10586000.0,
      "Net Income Including Noncontrolling Interests": 179351000.0,
      "Net Income Continuous Operations": 179351000.0,
      "Tax Provision": 68154000.0,
      "Pretax Income": 247505000.0,
      "Special Income Charges": -3244000.0,
      "Other Special Charges": 4542000.0,
      "Impairment Of Capital Assets": -1298000.0,
      "Net Non Operating Interest Income Expense": -34684000.0,
      "Total Other Finance Cost": -567000.0,
      "Interest Expense Non Operating": 39180000.0,
      "Interest Income Non Operating": 3929000.0,
      "Operating Income": 282936000.0,
      "Operating Expense": 257073000.0,
      "Other Operating Expenses": 23641000.0,
      "Depreciation And Amortization In Income Statement": 124680000.0,
      "Amortization": 111494000.0,
      "Depreciation Income Statement": 13186000.0,
      "Selling General And Administration": 24748000.0,
      "Selling And Marketing Expense": 994000.0,
      "General And Administrative Expense": 23754000.0,
      "Rent And Landing Fees": 25644000.0,
      "Gross Profit": 540009000.0,
      "Cost Of Revenue": 104047000.0,
      "Total Revenue": 644056000.0,
      "Operating Revenue": 644056000.0
    },
    "2024-09-30T00:00:00": {
      "Tax Effect Of Unusual Items": null,
      "Tax Rate For Calcs": null,
      "Normalized EBITDA": null,
      "Total Unusual Items": null,
      "Total Unusual Items Excluding Goodwill": null,
      "Net Income From Continuing Operation Net Minority Interest": null,
      "Reconciled Depreciation": null,
      "Reconciled Cost Of Revenue": null,
      "EBITDA": null,
      "EBIT": null,
      "Net Interest Income": null,
      "Interest Expense": null,
      "Interest Income": null,
      "Normalized Income": null,
      "Net Income From Continuing And Discontinued Operation": null,
      "Total Expenses": null,
      "Rent Expense Supplemental": null,
      "Total Operating Income As Reported": null,
      "Diluted Average Shares": 863913553.0,
      "Basic Average Shares": 863913553.0,
      "Diluted EPS": 0.139134,
      "Basic EPS": 0.139134,
      "Diluted NI Availto Com Stockholders": null,
      "Net Income Common Stockholders": null,
      "Otherunder Preferred Stock Dividend": null,
      "Net Income": null,
      "Minority Interests": null,
      "Net Income Including Noncontrolling Interests": null,
      "Net Income Continuous Operations": null,
      "Tax Provision": null,
      "Pretax Income": null,
      "Special Income Charges": null,
      "Other Special Charges": null,
      "Impairment Of Capital Assets": null,
      "Net Non Operating Interest Income Expense": null,
      "Total Other Finance Cost": null,
      "Interest Expense Non Operating": null,
      "Interest Income Non Operating": null,
      "Operating Income": null,
      "Operating Expense": null,
      "Other Operating Expenses": null,
      "Depreciation And Amortization In Income Statement": null,
      "Amortization": null,
      "Depreciation Income Statement": null,
      "Selling General And Administration": null,
      "Selling And Marketing Expense": null,
      "General And Administrative Expense": null,
      "Rent And Landing Fees": null,
      "Gross Profit": null,
      "Cost Of Revenue": null,
      "Total Revenue": null,
      "Operating Revenue": null
    },
    "2024-06-30T00:00:00": {
      "Tax Effect Of Unusual Items": -534119.04651,
      "Tax Rate For Calcs": 0.285168,
      "Normalized EBITDA": 347220000.0,
      "Total Unusual Items": -1873000.0,
      "Total Unusual Items Excluding Goodwill": -1873000.0,
      "Net Income From Continuing Operation Net Minority Interest": 116843000.0,
      "Reconciled Depreciation": 141349000.0,
      "Reconciled Cost Of Revenue": 118399000.0,
      "EBITDA": 345347000.0,
      "EBIT": 203998000.0,
      "Net Interest Income": -29712000.0,
      "Interest Expense": 32292000.0,
      "Interest Income": 3228000.0,
      "Normalized Income": 118181880.95349,
      "Net Income From Continuing And Discontinued Operation": 116843000.0,
      "Total Expenses": 396220000.0,
      "Rent Expense Supplemental": 23027000.0,
      "Total Operating Income As Reported": null,
      "Diluted Average Shares": null,
      "Basic Average Shares": null,
      "Diluted EPS": null,
      "Basic EPS": null,
      "Diluted NI Availto Com Stockholders": 116843000.0,
      "Net Income Common Stockholders": 116843000.0,
      "Otherunder Preferred Stock Dividend": 0.0,
      "Net Income": 116843000.0,
      "Minority Interests": -5898000.0,
      "Net Income Including Noncontrolling Interests": 122741000.0,
      "Net Income Continuous Operations": 122741000.0,
      "Tax Provision": 48965000.0,
      "Pretax Income": 171706000.0,
      "Special Income Charges": -1827000.0,
      "Other Special Charges": 6884000.0,
      "Impairment Of Capital Assets": -5057000.0,
      "Net Non Operating Interest Income Expense": -29712000.0,
      "Total Other Finance Cost": 648000.0,
      "Interest Expense Non Operating": 32292000.0,
      "Interest Income Non Operating": 3228000.0,
      "Operating Income": 200837000.0,
      "Operating Expense": 277821000.0,
      "Other Operating Expenses": 17852000.0,
      "Depreciation And Amortization In Income Statement": 141349000.0,
      "Amortization": 132884000.0,
      "Depreciation Income Statement": 8465000.0,
      "Selling General And Administration": 29427000.0,
      "Selling And Marketing Expense": 1242000.0,
      "General And Administrative Expense": 28185000.0,
      "Rent And Landing Fees": 23027000.0,
      "Gross Profit": 478658000.0,
      "Cost Of Revenue": 118399000.0,
      "Total Revenue": 597057000.0,
      "Operating Revenue": 597057000.0
    }
  },
  "balance_sheet": {
    "2024-12-31T00:00:00": {
      "Ordinary Shares Number": 863913553.0,
      "Share Issued": 863913553.0,
      "Net Debt": 6736123000.0,
      "Total Debt": 7185868000.0,
      "Tangible Book Value": -6375353000.0,
      "Invested Capital": 9553302000.0,
      "Working Capital": -592437000.0,
      "Net Tangible Assets": -6375353000.0,
      "Capital Lease Obligations": 90483000.0,
      "Common Stock Equity": 2457917000.0,
      "Total Capitalization": 8619007000.0,
      "Total Equity Gross Minority Interest": 2793508000.0,
      "Minority Interest": 335591000.0,
      "Stockholders Equity": 2457917000.0,
      "Other Equity Interest": 8232000.0,
      "Retained Earnings": 1278489000.0,
      "Additional Paid In Capital": 628395000.0,
      "Capital Stock": 1003844000.0,
      "Common Stock": 1003844000.0,
      "Total Liabilities Net Minority Interest": 9178833000.0,
      "Total Non Current Liabilities Net Minority Interest": 6974030000.0,
      "Other Non Current Liabilities": 566985000.0,
      "Derivative Product Liabilities": null,
      "Non Current Pension And Other Postretirement Benefit Plans": 61279000.0,
      "Non Current Accrued Expenses": null,
      "Non Current Deferred Taxes Liabilities": 48345000.0,
      "Long Term Debt And Capital Lease Obligation": 6205299000.0,
      "Long Term Capital Lease Obligation": 44209000.0,
      "Long Term Debt": 6161090000.0,
      "Long Term Provisions": 92122000.0,
      "Current Liabilities": 2204803000.0,
      "Other Current Liabilities": 433000.0,
      "Current Debt And Capital Lease Obligation": 980569000.0,
      "Current Capital Lease Obligation": 46274000.0,
      "Current Debt": 934295000.0,
      "Payables": 1223801000.0,
      "Other Payable": 929174000.0,
      "Dividends Payable": 5776000.0,
      "Total Tax Payable": 39192000.0,
      "Accounts Payable": 249659000.0,
      "Total Assets": 11972341000.0,
      "Total Non Current Assets": 10359975000.0,
      "Other Non Current Assets": 614567000.0,
      "Non Current Prepaid Assets": 3970000.0,
      "Non Current Deferred Taxes Assets": null,
      "Financial Assets": 10982000.0,
      "Investmentin Financial Assets": 20359000.0,
      "Available For Sale Securities": 20359000.0,
      "Financial Assets Designatedas Fair Value Through Profitor Loss Total": null,
      "Long Term Equity Investment": 155715000.0,
      "Investments In Other Ventures Under Equity Method": null,
      "Goodwill And Other Intangible Assets": 8833270000.0,
      "Other Intangible Assets": 8642807000.0,
      "Goodwill": 190463000.0,
      "Net PPE": 383327000.0,
      "Accumulated Depreciation": -531511000.0,
      "Gross PPE": 914838000.0,
      "Construction In Progress": 23256000.0,
      "Other Properties": 290361000.0,
      "Machinery Furniture Equipment": 44521000.0,
      "Buildings And Improvements": 537276000.0,
      "Land And Improvements": 19424000.0,
      "Properties": 0.0,
      "Current Assets": 1612366000.0,
      "Other Current Assets": 184206000.0,
      "Hedging Assets Current": 5878000.0,
      "Assets Held For Sale Current": 5351000.0,
      "Restricted Cash": 43400000.0,
      "Prepaid Assets": 43386000.0,
      "Inventory": 57232000.0,
      "Raw Materials": 57232000.0,
      "Other Receivables": 115051000.0,
      "Taxes Receivable": 43039000.0,
      "Accounts Receivable": 751969000.0,
      "Allowance For Doubtful Accounts Receivable": -17311000.0,
      "Gross Accounts Receivable": 769280000.0,
      "Cash Cash Equivalents And Short Term Investments": 362854000.0,
      "Other Short Term Investments": 3592000.0,
      "Cash And Cash Equivalents": 359262000.0,
      "Cash Financial": 359262000.0
    },
    "2023-12-31T00:00:00": {
      "Ordinary Shares Number": 863384189.0,
      "Share Issued": 863384189.0,
      "Net Debt": 6591298000.0,
      "Total Debt": 6920356000.0,
      "Tangible Book Value": -6492537000.0,
      "Invested Capital": 9121333000.0,
      "Working Capital": -519340000.0,
      "Net Tangible Assets": -6492537000.0,
      "Capital Lease Obligations": 79095000.0,
      "Common Stock Equity": 2280072000.0,
      "Total Capitalization": 8121011000.0,
      "Total Equity Gross Minority Interest": 2600744000.0,
      "Minority Interest": 320672000.0,
      "Stockholders Equity": 2280072000.0,
      "Other Equity Interest": 9417000.0,
      "Retained Earnings": 1085315000.0,
      "Additional Paid In Capital": 626252000.0,
      "Capital Stock": 1003228000.0,
      "Common Stock": 1003228000.0,
      "Total Liabilities Net Minority Interest": 8538904000.0,
      "Total Non Current Liabilities Net Minority Interest": 6637767000.0,
      "Other Non Current Liabilities": 527884000.0,
      "Derivative Product Liabilities": 0.0,
      "Non Current Pension And Other Postretirement Benefit Plans": 65330000.0,
      "Non Current Accrued Expenses": 522331000.0,
      "Non Current Deferred Taxes Liabilities": 47780000.0,
      "Long Term Debt And Capital Lease Obligation": 5886922000.0,
      "Long Term Capital Lease Obligation": 45983000.0,
      "Long Term Debt": 5840939000.0,
      "Long Term Provisions": 109851000.0,
      "Current Liabilities": 1901137000.0,
      "Other Current Liabilities": 7647000.0,
      "Current Debt And Capital Lease Obligation": 1033434000.0,
      "Current Capital Lease Obligation": 33112000.0,
      "Current Debt": 1000322000.0,
      "Payables": 860056000.0,
      "Other Payable": 548460000.0,
      "Dividends Payable": 3090000.0,
      "Total Tax Payable": 30194000.0,
      "Accounts Payable": 278312000.0,
      "Total Assets": 11139648000.0,
      "Total Non Current Assets": 9757851000.0,
      "Other Non Current Assets": 412394000.0,
      "Non Current Prepaid Assets": 3949000.0,
      "Non Current Deferred Taxes Assets": 0.0,
      "Financial Assets": 13708000.0,
      "Investmentin Financial Assets": 21207000.0,
      "Available For Sale Securities": 21207000.0,
      "Financial Assets Designatedas Fair Value Through Profitor Loss Total": null,
      "Long Term Equity Investment": 131771000.0,
      "Investments In Other Ventures Under Equity Method": null,
      "Goodwill And Other Intangible Assets": 8772609000.0,
      "Other Intangible Assets": 8582146000.0,
      "Goodwill": 190463000.0,
      "Net PPE": 386040000.0,
      "Accumulated Depreciation": -482031000.0,
      "Gross PPE": 868071000.0,
      "Construction In Progress": 12325000.0,
      "Other Properties": 264403000.0,
      "Machinery Furniture Equipment": 40953000.0,
      "Buildings And Improvements": 531551000.0,
      "Land And Improvements": 18839000.0,
      "Properties": 0.0,
      "Current Assets": 1381797000.0,
      "Other Current Assets": 124850000.0,
      "Hedging Assets Current": 18094000.0,
      "Assets Held For Sale Current": 6613000.0,
      "Restricted Cash": null,
      "Prepaid Assets": 35684000.0,
      "Inventory": 79052000.0,
      "Raw Materials": 79052000.0,
      "Other Receivables": 126321000.0,
      "Taxes Receivable": 42642000.0,
      "Accounts Receivable": 694330000.0,
      "Allowance For Doubtful Accounts Receivable": -15147000.0,
      "Gross Accounts Receivable": 709477000.0,
      "Cash Cash Equivalents And Short Term Investments": 254211000.0,
      "Other Short Term Investments": 4248000.0,
      "Cash And Cash Equivalents": 249963000.0,
      "Cash Financial": 249963000.0
    },
    "2022-12-31T00:00:00": {
      "Ordinary Shares Number": 862852256.0,
      "Share Issued": 862852256.0,
      "Net Debt": 6021356000.0,
      "Total Debt": 6545350000.0,
      "Tangible Book Value": -6401106000.0,
      "Invested Capital": 8581564000.0,
      "Working Capital": 442064000.0,
      "Net Tangible Assets": -6401106000.0,
      "Capital Lease Obligations": 72048000.0,
      "Common Stock Equity": 2108262000.0,
      "Total Capitalization": 8460698000.0,
      "Total Equity Gross Minority Interest": 2390570000.0,
      "Minority Interest": 282308000.0,
      "Stockholders Equity": 2108262000.0,
      "Other Equity Interest": 7202000.0,
      "Retained Earnings": 903294000.0,
      "Additional Paid In Capital": 624449000.0,
      "Capital Stock": 1002608000.0,
      "Common Stock": 1002608000.0,
      "Total Liabilities Net Minority Interest": 8639987000.0,
      "Total Non Current Liabilities Net Minority Interest": 7253966000.0,
      "Other Non Current Liabilities": 34432000.0,
      "Derivative Product Liabilities": 34000.0,
      "Non Current Pension And Other Postretirement Benefit Plans": 69917000.0,
      "Non Current Accrued Expenses": 510760000.0,
      "Non Current Deferred Taxes Liabilities": 91633000.0,
      "Long Term Debt And Capital Lease Obligation": 6402913000.0,
      "Long Term Capital Lease Obligation": 50477000.0,
      "Long Term Debt": 6352436000.0,
      "Long Term Provisions": 144277000.0,
      "Current Liabilities": 1386021000.0,
      "Other Current Liabilities": 17999000.0,
      "Current Debt And Capital Lease Obligation": 142437000.0,
      "Current Capital Lease Obligation": 21571000.0,
      "Current Debt": 120866000.0,
      "Payables": 1225295000.0,
      "Other Payable": 486891000.0,
      "Dividends Payable": 874000.0,
      "Total Tax Payable": 28178000.0,
      "Accounts Payable": 709352000.0,
      "Total Assets": 11030557000.0,
      "Total Non Current Assets": 9202472000.0,
      "Other Non Current Assets": 73978000.0,
      "Non Current Prepaid Assets": 79597000.0,
      "Non Current Deferred Taxes Assets": 0.0,
      "Financial Assets": 35442000.0,
      "Investmentin Financial Assets": 18961000.0,
      "Available For Sale Securities": 18961000.0,
      "Financial Assets Designatedas Fair Value Through Profitor Loss Total": 18961000.0,
      "Long Term Equity Investment": 47243000.0,
      "Investments In Other Ventures Under Equity Method": null,
      "Goodwill And Other Intangible Assets": 8509368000.0,
      "Other Intangible Assets": 8318905000.0,
      "Goodwill": 190463000.0,
      "Net PPE": 379026000.0,
      "Accumulated Depreciation": -439454000.0,
      "Gross PPE": 818480000.0,
      "Construction In Progress": 8983000.0,
      "Other Properties": 241427000.0,
      "Machinery Furniture Equipment": 38429000.0,
      "Buildings And Improvements": 512795000.0,
      "Land And Improvements": 16846000.0,
      "Properties": 0.0,
      "Current Assets": 1828085000.0,
      "Other Current Assets": 38424000.0,
      "Hedging Assets Current": 17455000.0,
      "Assets Held For Sale Current": null,
      "Restricted Cash": null,
      "Prepaid Assets": 51682000.0,
      "Inventory": 120486000.0,
      "Raw Materials": 120486000.0,
      "Other Receivables": 764750000.0,
      "Taxes Receivable": 61864000.0,
      "Accounts Receivable": 315708000.0,
      "Allowance For Doubtful Accounts Receivable": -15376000.0,
      "Gross Accounts Receivable": 331084000.0,
      "Cash Cash Equivalents And Short Term Investments": 457716000.0,
      "Other Short Term Investments": 5770000.0,
      "Cash And Cash Equivalents": 451946000.0,
      "Cash Financial": 451946000.0
    },
    "2021-12-31T00:00:00": {
      "Ordinary Shares Number": 862343899.0,
      "Share Issued": 862343899.0,
      "Net Debt": 4915134000.0,
      "Total Debt": 6376895000.0,
      "Tangible Book Value": -5578391000.0,
      "Invested Capital": 8198311000.0,
      "Working Capital": 788823000.0,
      "Net Tangible Assets": -5578391000.0,
      "Capital Lease Obligations": 69998000.0,
      "Common Stock Equity": 1891414000.0,
      "Total Capitalization": 7626748000.0,
      "Total Equity Gross Minority Interest": 2142491000.0,
      "Minority Interest": 251077000.0,
      "Stockholders Equity": 1891414000.0,
      "Other Equity Interest": 5602000.0,
      "Retained Earnings": 734888000.0,
      "Additional Paid In Capital": 622377000.0,
      "Capital Stock": 1002016000.0,
      "Common Stock": 1002016000.0,
      "Total Liabilities Net Minority Interest": 8009516000.0,
      "Total Non Current Liabilities Net Minority Interest": 6632360000.0,
      "Other Non Current Liabilities": 2747000.0,
      "Derivative Product Liabilities": 6283000.0,
      "Non Current Pension And Other Postretirement Benefit Plans": 95648000.0,
      "Non Current Accrued Expenses": 531678000.0,
      "Non Current Deferred Taxes Liabilities": 50791000.0,
      "Long Term Debt And Capital Lease Obligation": 5785707000.0,
      "Long Term Capital Lease Obligation": 50373000.0,
      "Long Term Debt": 5735334000.0,
      "Long Term Provisions": 159506000.0,
      "Current Liabilities": 1377156000.0,
      "Other Current Liabilities": 4425000.0,
      "Current Debt And Capital Lease Obligation": 591188000.0,
      "Current Capital Lease Obligation": 19625000.0,
      "Current Debt": 571563000.0,
      "Payables": 781253000.0,
      "Other Payable": 468231000.0,
      "Dividends Payable": null,
      "Total Tax Payable": 12116000.0,
      "Accounts Payable": 300906000.0,
      "Total Assets": 10152007000.0,
      "Total Non Current Assets": 7986028000.0,
      "Other Non Current Assets": 77233000.0,
      "Non Current Prepaid Assets": 3133000.0,
      "Non Current Deferred Taxes Assets": 0.0,
      "Financial Assets": 670000.0,
      "Investmentin Financial Assets": 5007000.0,
      "Available For Sale Securities": null,
      "Financial Assets Designatedas Fair Value Through Profitor Loss Total": 5007000.0,
      "Long Term Equity Investment": 30108000.0,
      "Investments In Other Ventures Under Equity Method": 30108000.0,
      "Goodwill And Other Intangible Assets": 7469805000.0,
      "Other Intangible Assets": 7395299000.0,
      "Goodwill": 74506000.0,
      "Net PPE": 372108000.0,
      "Accumulated Depreciation": -374432000.0,
      "Gross PPE": 746540000.0,
      "Construction In Progress": 7478000.0,
      "Other Properties": 202803000.0,
      "Machinery Furniture Equipment": 36302000.0,
      "Buildings And Improvements": 487219000.0,
      "Land And Improvements": 12738000.0,
      "Properties": 0.0,
      "Current Assets": 2165979000.0,
      "Other Current Assets": 38668000.0,
      "Hedging Assets Current": 0.0,
      "Assets Held For Sale Current": null,
      "Restricted Cash": null,
      "Prepaid Assets": 37506000.0,
      "Inventory": 105294000.0,
      "Raw Materials": 105294000.0,
      "Other Receivables": 150392000.0,
      "Taxes Receivable": 48622000.0,
      "Accounts Receivable": 388614000.0,
      "Allowance For Doubtful Accounts Receivable": -15643000.0,
      "Gross Accounts Receivable": 404257000.0,
      "Cash Cash Equivalents And Short Term Investments": 1396883000.0,
      "Other Short Term Investments": 5120000.0,
      "Cash And Cash Equivalents": 1391763000.0,
      "Cash Financial": 1391763000.0
    }
  },
  "cashflow": {
    "2024-12-31T00:00:00": {
      "Free Cash Flow": 206047000.0,
      "Repayment Of Debt": -982774000.0,
      "Issuance Of Debt": 1179212000.0,
      "Capital Expenditure": -892668000.0,
      "End Cash Position": 402662000.0,
      "Beginning Cash Position": 249963000.0,
      "Changes In Cash": 152699000.0,
      "Financing Cash Flow": -136882000.0,
      "Net Other Financing Charges": 656000.0,
      "Cash Dividends Paid": -299837000.0,
      "Common Stock Dividend Paid": -299837000.0,
      "Net Issuance Payments Of Debt": 196438000.0,
      "Net Short Term Debt Issuance": 11672000.0,
      "Short Term Debt Issuance": 11672000.0,
      "Net Long Term Debt Issuance": 184766000.0,
      "Long Term Debt Payments": -982774000.0,
      "Long Term Debt Issuance": 1167540000.0,
      "Investing Cash Flow": -809134000.0,
      "Net Other Investing Changes": 31376000.0,
      "Net Investment Purchase And Sale": 2256000.0,
      "Sale Of Investment": 2256000.0,
      "Purchase Of Investment": null,
      "Net Business Purchase And Sale": 35421000.0,
      "Sale Of Business": 51231000.0,
      "Purchase Of Business": -15810000.0,
      "Net Intangibles Purchase And Sale": -848021000.0,
      "Sale Of Intangibles": 11158000.0,
      "Purchase Of Intangibles": -859179000.0,
      "Net PPE Purchase And Sale": -30166000.0,
      "Sale Of PPE": 3323000.0,
      "Purchase Of PPE": -33489000.0,
      "Operating Cash Flow": 1098715000.0,
      "Taxes Refund Paid": -27836000.0,
      "Interest Received Cfo": 13646000.0,
      "Interest Paid Cfo": -107364000.0,
      "Dividend Received Cfo": 961000.0,
      "Change In Working Capital": -129220000.0,
      "Change In Other Current Liabilities": -22481000.0,
      "Change In Other Current Assets": 121761000.0,
      "Change In Payable": -43114000.0,
      "Change In Inventory": 25952000.0,
      "Change In Receivables": -191383000.0,
      "Other Non Cash Items": 120647000.0,
      "Stock Based Compensation": -931000.0,
      "Provisionand Write Offof Assets": null,
      "Deferred Tax": 165257000.0,
      "Depreciation And Amortization": 549120000.0,
      "Amortization Cash Flow": 496111000.0,
      "Depreciation": 53009000.0,
      "Pension And Employee Benefit Expense": -7094000.0,
      "Gain Loss On Investment Securities": -1264000.0,
      "Gain Loss On Sale Of PPE": 37868000.0,
      "Net Income From Continuing Operations": 507435000.0
    },
    "2023-12-31T00:00:00": {
      "Free Cash Flow": -289230000.0,
      "Repayment Of Debt": -164174000.0,
      "Issuance Of Debt": 546512000.0,
      "Capital Expenditure": -861902000.0,
      "End Cash Position": 249963000.0,
      "Beginning Cash Position": 451946000.0,
      "Changes In Cash": -201983000.0,
      "Financing Cash Flow": 82949000.0,
      "Net Other Financing Charges": 2127000.0,
      "Cash Dividends Paid": -270483000.0,
      "Common Stock Dividend Paid": -270483000.0,
      "Net Issuance Payments Of Debt": 382338000.0,
      "Net Short Term Debt Issuance": 8532000.0,
      "Short Term Debt Issuance": 8532000.0,
      "Net Long Term Debt Issuance": 373806000.0,
      "Long Term Debt Payments": -164174000.0,
      "Long Term Debt Issuance": 537980000.0,
      "Investing Cash Flow": -857604000.0,
      "Net Other Investing Changes": 60729000.0,
      "Net Investment Purchase And Sale": 0.0,
      "Sale Of Investment": 0.0,
      "Purchase Of Investment": null,
      "Net Business Purchase And Sale": -77888000.0,
      "Sale Of Business": 403000.0,
      "Purchase Of Business": -78291000.0,
      "Net Intangibles Purchase And Sale": -816070000.0,
      "Sale Of Intangibles": 21298000.0,
      "Purchase Of Intangibles": -837368000.0,
      "Net PPE Purchase And Sale": -24375000.0,
      "Sale Of PPE": 159000.0,
      "Purchase Of PPE": -24534000.0,
      "Operating Cash Flow": 572672000.0,
      "Taxes Refund Paid": -119107000.0,
      "Interest Received Cfo": 4376000.0,
      "Interest Paid Cfo": -88722000.0,
      "Dividend Received Cfo": 672000.0,
      "Change In Working Capital": -485031000.0,
      "Change In Other Current Liabilities": -51212000.0,
      "Change In Other Current Assets": 502288000.0,
      "Change In Payable": -431738000.0,
      "Change In Inventory": 41305000.0,
      "Change In Receivables": -511296000.0,
      "Other Non Cash Items": 97925000.0,
      "Stock Based Compensation": 2232000.0,
      "Provisionand Write Offof Assets": -6715000.0,
      "Deferred Tax": 118625000.0,
      "Depreciation And Amortization": 544327000.0,
      "Amortization Cash Flow": 544327000.0,
      "Depreciation": 47410000.0,
      "Pension And Employee Benefit Expense": -6715000.0,
      "Gain Loss On Investment Securities": -42000.0,
      "Gain Loss On Sale Of PPE": 38485000.0,
      "Net Income From Continuing Operations": 467471000.0
    },
    "2022-12-31T00:00:00": {
      "Free Cash Flow": -229061000.0,
      "Repayment Of Debt": -194717000.0,
      "Issuance Of Debt": 602660000.0,
      "Capital Expenditure": -777230000.0,
      "End Cash Position": 451946000.0,
      "Beginning Cash Position": 1391763000.0,
      "Changes In Cash": -939817000.0,
      "Financing Cash Flow": -204160000.0,
      "Net Other Financing Charges": 16129000.0,
      "Cash Dividends Paid": -253250000.0,
      "Common Stock Dividend Paid": -253250000.0,
      "Net Issuance Payments Of Debt": 60826000.0,
      "Net Short Term Debt Issuance": -347117000.0,
      "Short Term Debt Issuance": null,
      "Net Long Term Debt Issuance": 407943000.0,
      "Long Term Debt Payments": -194717000.0,
      "Long Term Debt Issuance": 602660000.0,
      "Investing Cash Flow": -1283826000.0,
      "Net Other Investing Changes": 72430000.0,
      "Net Investment Purchase And Sale": null,
      "Sale Of Investment": null,
      "Purchase Of Investment": null,
      "Net Business Purchase And Sale": -874741000.0,
      "Sale Of Business": null,
      "Purchase Of Business": null,
      "Net Intangibles Purchase And Sale": -473372000.0,
      "Sale Of Intangibles": 293213000.0,
      "Purchase Of Intangibles": -766585000.0,
      "Net PPE Purchase And Sale": -8143000.0,
      "Sale Of PPE": 2502000.0,
      "Purchase Of PPE": -10645000.0,
      "Operating Cash Flow": 548169000.0,
      "Taxes Refund Paid": -152372000.0,
      "Interest Received Cfo": 4043000.0,
      "Interest Paid Cfo": -53720000.0,
      "Dividend Received Cfo": 1372000.0,
      "Change In Working Capital": -336750000.0,
      "Change In Other Current Liabilities": null,
      "Change In Other Current Assets": -759189000.0,
      "Change In Payable": 400375000.0,
      "Change In Inventory": -4751000.0,
      "Change In Receivables": 65399000.0,
      "Other Non Cash Items": 64279000.0,
      "Stock Based Compensation": null,
      "Provisionand Write Offof Assets": -17574000.0,
      "Deferred Tax": 152369000.0,
      "Depreciation And Amortization": 478291000.0,
      "Amortization Cash Flow": 436331000.0,
      "Depreciation": 41960000.0,
      "Pension And Employee Benefit Expense": -17574000.0,
      "Gain Loss On Investment Securities": -2770000.0,
      "Gain Loss On Sale Of PPE": -25357000.0,
      "Net Income From Continuing Operations": 436126000.0
    },
    "2021-12-31T00:00:00": {
      "Free Cash Flow": 20051000.0,
      "Repayment Of Debt": -313514000.0,
      "Issuance Of Debt": 1492298000.0,
      "Capital Expenditure": -819583000.0,
      "End Cash Position": 1391763000.0,
      "Beginning Cash Position": 664026000.0,
      "Changes In Cash": 727737000.0,
      "Financing Cash Flow": 701844000.0,
      "Net Other Financing Charges": 11267000.0,
      "Cash Dividends Paid": -243143000.0,
      "Common Stock Dividend Paid": -243143000.0,
      "Net Issuance Payments Of Debt": 955249000.0,
      "Net Short Term Debt Issuance": -223535000.0,
      "Short Term Debt Issuance": null,
      "Net Long Term Debt Issuance": 1178784000.0,
      "Long Term Debt Payments": -313514000.0,
      "Long Term Debt Issuance": 1492298000.0,
      "Investing Cash Flow": -813741000.0,
      "Net Other Investing Changes": 25849000.0,
      "Net Investment Purchase And Sale": -2250000.0,
      "Sale Of Investment": null,
      "Purchase Of Investment": -2250000.0,
      "Net Business Purchase And Sale": -21264000.0,
      "Sale Of Business": null,
      "Purchase Of Business": null,
      "Net Intangibles Purchase And Sale": -788451000.0,
      "Sale Of Intangibles": 296000.0,
      "Purchase Of Intangibles": -788747000.0,
      "Net PPE Purchase And Sale": -29875000.0,
      "Sale Of PPE": 961000.0,
      "Purchase Of PPE": -30836000.0,
      "Operating Cash Flow": 839634000.0,
      "Taxes Refund Paid": -206923000.0,
      "Interest Received Cfo": 3630000.0,
      "Interest Paid Cfo": -59783000.0,
      "Dividend Received Cfo": 1254000.0,
      "Change In Working Capital": 74355000.0,
      "Change In Other Current Liabilities": null,
      "Change In Other Current Assets": 49935000.0,
      "Change In Payable": -2115000.0,
      "Change In Inventory": -3518000.0,
      "Change In Receivables": 73560000.0,
      "Other Non Cash Items": 65026000.0,
      "Stock Based Compensation": 3375000.0,
      "Provisionand Write Offof Assets": -9581000.0,
      "Deferred Tax": 141884000.0,
      "Depreciation And Amortization": 444387000.0,
      "Amortization Cash Flow": 405262000.0,
      "Depreciation": 39125000.0,
      "Pension And Employee Benefit Expense": -9581000.0,
      "Gain Loss On Investment Securities": -441000.0,
      "Gain Loss On Sale Of PPE": 3553000.0,
      "Net Income From Continuing Operations": 383420000.0
    }
  },
  "earnings_estimate": {
    "avg": {
      "0q": 0.17213,
      "+1q": null,
      "0y": 0.68084,
      "+1y": 0.75329
    },
    "low": {
      "0q": 0.17213,
      "+1q": null,
      "0y": 0.649,
      "+1y": 0.71878
    },
    "high": {
      "0q": 0.17213,
      "+1q": null,
      "0y": 0.73,
      "+1y": 0.79399
    },
    "numberOfAnalysts": {
      "0q": 1.0,
      "+1q": null,
      "0y": 15.0,
      "+1y": 15.0
    },
    "yearAgoEps": {
      "0q": null,
      "+1q": null,
      "0y": 0.624,
      "+1y": 0.68084
    },
    "growth": {
      "0q": null,
      "+1q": null,
      "0y": 0.0911,
      "+1y": 0.106400006
    }
  },
  "revenue_estimate": {
    "avg": {
      "0q": 706249030,
      "+1q": 0,
      "0y": 2496757490,
      "+1y": 2796184500
    },
    "low": {
      "0q": 706249030,
      "+1q": 0,
      "0y": 2416633210,
      "+1y": 2674829090
    },
    "high": {
      "0q": 706249030,
      "+1q": 0,
      "0y": 2630000000,
      "+1y": 2943869430
    },
    "numberOfAnalysts": {
      "0q": 1,
      "+1q": 0,
      "0y": 14,
      "+1y": 14
    },
    "yearAgoRevenue": {
      "0q": 469500000.0,
      "+1q": null,
      "0y": 1778800000.0,
      "+1y": 2496757490.0
    },
    "growth": {
      "0q": 0.5043,
      "+1q": null,
      "0y": 0.4036,
      "+1y": 0.119899996
    }
  },
  "growth_estimates": {
    "stockTrend": {
      "0q": null,
      "+1q": null,
      "0y": 0.0911,
      "+1y": 0.106400006,
      "LTG": null
    },
    "indexTrend": {
      "0q": 0.1273,
      "+1q": 0.103599995,
      "0y": 0.14310001,
      "+1y": 0.1557,
      "LTG": 0.122
    }
  },
  "revenue_forecasts": null,
  "dividend_rate": 0.38,
  "trailing_dividend_rate": 0.406
}