{
  "ticker": "IMO.TO",
  "name": "Imperial Oil",
  "country": "canada",
  "currency": "CAD",
  "last_fetched": "2026-02-26T20:52:04.896610",
  "market_cap": 79254290432,
  "revenue": 46918000640,
  "net_income": 3268000000,
  "pe_ratio": 24.653786,
  "forward_pe": 21.037817,
  "dividend_yield": 2.19,
  "profit_margin": 0.06965,
  "roe": 0.14294,
  "debt_to_equity": 19.021,
  "beta": 0.963,
  "ev_to_ebitda": 11.391,
  "sector": "Energy",
  "industry": "Oil & Gas Integrated",
  "summary": "Imperial Oil Limited engages in exploration, production, and sale of crude oil and natural gas in Canada. The company operates in three segments: Upstream, Downstream and Chemical segments. The Upstream segment explores and produces crude oil, natural gas, synthetic crude oil, and bitumen. The Downstream segment transports and refines crude oil; blends refined products; and distributes and markets refined products. This segment also transports crude oil production and third-party crude oil to refineries by contracted and common carrier pipelines; owns and operates refineries; maintains a distribution system to move petroleum products to market by pipeline, tanker, rail, and road transport; owns and operates fuel terminals, natural gas liquids, and products pipelines in Alberta, Manitoba, and Ontario; markets petroleum products under the Esso and Mobil brands; and sells petroleum products, including fuel, asphalt, and lubricants to industrial and transportation customers, independent marketers, resellers, and other refiners, as well as the agriculture, residential heating, and commercial markets through branded fuel and lubricant resellers. The Chemical segment manufactures and markets aliphatic solvents, plasticizer intermediates, and polyethylene resins; and markets refinery grade propylene. It also provides petrochemicals. The company was incorporated in 1880 and is headquartered in Calgary, Canada. Imperial Oil Limited operates as a subsidiary of Exxon Mobil Corporation.",
  "website": "https://www.imperialoil.ca",
  "employees": 5000,
  "target_high": 155.0,
  "target_low": 98.0,
  "target_mean": 118.41176,
  "target_median": 115.0,
  "recommendation": "underperform",
  "num_analysts": 17,
  "income_stmt": {
    "2024-12-31T00:00:00": {
      "Tax Effect Of Unusual Items": 40136000.0,
      "Tax Rate For Calcs": 0.232,
      "Normalized EBITDA": 8090000000.0,
      "Total Unusual Items": 173000000.0,
      "Total Unusual Items Excluding Goodwill": 173000000.0,
      "Net Income From Continuing Operation Net Minority Interest": 4790000000.0,
      "Reconciled Depreciation": 1983000000.0,
      "Reconciled Cost Of Revenue": 41766000000.0,
      "EBITDA": 8263000000.0,
      "EBIT": 6280000000.0,
      "Net Interest Income": -41000000.0,
      "Interest Expense": 41000000.0,
      "Normalized Income": 4657136000.0,
      "Net Income From Continuing And Discontinued Operation": 4790000000.0,
      "Total Expenses": 42717000000.0,
      "Diluted Average Shares": 530600000.0,
      "Basic Average Shares": 509000000.0,
      "Diluted EPS": 9.03,
      "Basic EPS": 9.05,
      "Diluted NI Availto Com Stockholders": 4790000000.0,
      "Net Income Common Stockholders": 4790000000.0,
      "Net Income": 4790000000.0,
      "Net Income Including Noncontrolling Interests": 4790000000.0,
      "Net Income Continuous Operations": 4790000000.0,
      "Tax Provision": 1449000000.0,
      "Pretax Income": 6239000000.0,
      "Other Income Expense": 173000000.0,
      "Other Non Operating Income Expenses": null,
      "Gain On Sale Of Security": 173000000.0,
      "Net Non Operating Interest Income Expense": -41000000.0,
      "Interest Expense Non Operating": 41000000.0,
      "Operating Income": 6107000000.0,
      "Operating Expense": 951000000.0,
      "Other Operating Expenses": 3000000.0,
      "Selling General And Administration": 948000000.0,
      "General And Administrative Expense": 948000000.0,
      "Other Gand A": 945000000.0,
      "Salaries And Wages": 3000000.0,
      "Gross Profit": 7058000000.0,
      "Cost Of Revenue": 41766000000.0,
      "Total Revenue": 48824000000.0,
      "Excise Taxes": 2535000000.0,
      "Operating Revenue": 51359000000.0
    },
    "2023-12-31T00:00:00": {
      "Tax Effect Of Unusual Items": 61944000.0,
      "Tax Rate For Calcs": 0.232,
      "Normalized EBITDA": 8078000000.0,
      "Total Unusual Items": 267000000.0,
      "Total Unusual Items Excluding Goodwill": 267000000.0,
      "Net Income From Continuing Operation Net Minority Interest": 4889000000.0,
      "Reconciled Depreciation": 1907000000.0,
      "Reconciled Cost Of Revenue": 41185000000.0,
      "EBITDA": 8345000000.0,
      "EBIT": 6438000000.0,
      "Net Interest Income": -69000000.0,
      "Interest Expense": 69000000.0,
      "Normalized Income": 4683944000.0,
      "Net Income From Continuing And Discontinued Operation": 4889000000.0,
      "Total Expenses": 42129000000.0,
      "Diluted Average Shares": 575900000.0,
      "Basic Average Shares": 535800000.0,
      "Diluted EPS": 8.49,
      "Basic EPS": 8.51,
      "Diluted NI Availto Com Stockholders": 4889000000.0,
      "Net Income Common Stockholders": 4889000000.0,
      "Net Income": 4889000000.0,
      "Net Income Including Noncontrolling Interests": 4889000000.0,
      "Net Income Continuous Operations": 4889000000.0,
      "Tax Provision": 1480000000.0,
      "Pretax Income": 6369000000.0,
      "Other Income Expense": 267000000.0,
      "Other Non Operating Income Expenses": null,
      "Gain On Sale Of Security": 267000000.0,
      "Net Non Operating Interest Income Expense": -69000000.0,
      "Interest Expense Non Operating": 69000000.0,
      "Operating Income": 6171000000.0,
      "Operating Expense": 944000000.0,
      "Other Operating Expenses": 5000000.0,
      "Selling General And Administration": 939000000.0,
      "General And Administrative Expense": 939000000.0,
      "Other Gand A": 857000000.0,
      "Salaries And Wages": 82000000.0,
      "Gross Profit": 7115000000.0,
      "Cost Of Revenue": 41185000000.0,
      "Total Revenue": 48300000000.0,
      "Excise Taxes": 2402000000.0,
      "Operating Revenue": 50702000000.0
    },
    "2022-12-31T00:00:00": {
      "Tax Effect Of Unusual Items": 58082000.0,
      "Tax Rate For Calcs": 0.226,
      "Normalized EBITDA": 11184000000.0,
      "Total Unusual Items": 257000000.0,
      "Total Unusual Items Excluding Goodwill": 257000000.0,
      "Net Income From Continuing Operation Net Minority Interest": 7340000000.0,
      "Reconciled Depreciation": 1897000000.0,
      "Reconciled Cost Of Revenue": 47043000000.0,
      "EBITDA": 11441000000.0,
      "EBIT": 9544000000.0,
      "Net Interest Income": -60000000.0,
      "Interest Expense": 60000000.0,
      "Normalized Income": 7141082000.0,
      "Net Income From Continuing And Discontinued Operation": 7340000000.0,
      "Total Expenses": 47947000000.0,
      "Diluted Average Shares": 641500000.0,
      "Basic Average Shares": 639930253.0,
      "Diluted EPS": 11.44,
      "Basic EPS": 11.47,
      "Diluted NI Availto Com Stockholders": 7340000000.0,
      "Net Income Common Stockholders": 7340000000.0,
      "Net Income": 7340000000.0,
      "Net Income Including Noncontrolling Interests": 7340000000.0,
      "Net Income Continuous Operations": 7340000000.0,
      "Tax Provision": 2144000000.0,
      "Pretax Income": 9484000000.0,
      "Other Income Expense": 257000000.0,
      "Other Non Operating Income Expenses": -17000000.0,
      "Gain On Sale Of Security": 257000000.0,
      "Net Non Operating Interest Income Expense": -60000000.0,
      "Interest Expense Non Operating": 60000000.0,
      "Operating Income": 9287000000.0,
      "Operating Expense": 904000000.0,
      "Other Operating Expenses": 5000000.0,
      "Selling General And Administration": 899000000.0,
      "General And Administrative Expense": 899000000.0,
      "Other Gand A": 882000000.0,
      "Salaries And Wages": 17000000.0,
      "Gross Profit": 10191000000.0,
      "Cost Of Revenue": 47043000000.0,
      "Total Revenue": 57234000000.0,
      "Excise Taxes": 2179000000.0,
      "Operating Revenue": 59413000000.0
    },
    "2021-12-31T00:00:00": {
      "Tax Effect Of Unusual Items": 20090000.0,
      "Tax Rate For Calcs": 0.245,
      "Normalized EBITDA": 5232000000.0,
      "Total Unusual Items": 82000000.0,
      "Total Unusual Items Excluding Goodwill": 82000000.0,
      "Net Income From Continuing Operation Net Minority Interest": 2479000000.0,
      "Reconciled Depreciation": 1977000000.0,
      "Reconciled Cost Of Revenue": 31467000000.0,
      "EBITDA": 5314000000.0,
      "EBIT": 3337000000.0,
      "Net Interest Income": -54000000.0,
      "Interest Expense": 54000000.0,
      "Normalized Income": 2417090000.0,
      "Net Income From Continuing And Discontinued Operation": 2479000000.0,
      "Total Expenses": 32325000000.0,
      "Diluted Average Shares": 713200000.0,
      "Basic Average Shares": 712356322.0,
      "Diluted EPS": 3.48,
      "Basic EPS": 3.48,
      "Diluted NI Availto Com Stockholders": 2479000000.0,
      "Net Income Common Stockholders": 2479000000.0,
      "Net Income": 2479000000.0,
      "Net Income Including Noncontrolling Interests": 2479000000.0,
      "Net Income Continuous Operations": 2479000000.0,
      "Tax Provision": 804000000.0,
      "Pretax Income": 3283000000.0,
      "Other Income Expense": 82000000.0,
      "Other Non Operating Income Expenses": -42000000.0,
      "Gain On Sale Of Security": 82000000.0,
      "Net Non Operating Interest Income Expense": -54000000.0,
      "Interest Expense Non Operating": 54000000.0,
      "Operating Income": 3255000000.0,
      "Operating Expense": 858000000.0,
      "Other Operating Expenses": 32000000.0,
      "Selling General And Administration": 826000000.0,
      "General And Administrative Expense": 826000000.0,
      "Other Gand A": 784000000.0,
      "Salaries And Wages": 42000000.0,
      "Gross Profit": 4113000000.0,
      "Cost Of Revenue": 31467000000.0,
      "Total Revenue": 35580000000.0,
      "Excise Taxes": 1928000000.0,
      "Operating Revenue": 37508000000.0
    }
  },
  "quarterly_income": {
    "2025-12-31T00:00:00": {
      "Tax Effect Of Unusual Items": null,
      "Tax Rate For Calcs": null,
      "Normalized EBITDA": null,
      "Total Unusual Items": null,
      "Total Unusual Items Excluding Goodwill": null,
      "Net Income From Continuing Operation Net Minority Interest": null,
      "Reconciled Depreciation": null,
      "Reconciled Cost Of Revenue": null,
      "EBITDA": null,
      "EBIT": null,
      "Net Interest Income": null,
      "Interest Expense": null,
      "Normalized Income": null,
      "Net Income From Continuing And Discontinued Operation": null,
      "Total Expenses": null,
      "Diluted Average Shares": 490400000.0,
      "Basic Average Shares": 487128713.0,
      "Diluted EPS": 1.0,
      "Basic EPS": 1.01,
      "Diluted NI Availto Com Stockholders": null,
      "Net Income Common Stockholders": null,
      "Net Income": null,
      "Net Income Including Noncontrolling Interests": null,
      "Net Income Continuous Operations": null,
      "Tax Provision": null,
      "Pretax Income": null,
      "Other Income Expense": null,
      "Special Income Charges": null,
      "Gain On Sale Of Ppe": null,
      "Gain On Sale Of Security": null,
      "Net Non Operating Interest Income Expense": null,
      "Interest Expense Non Operating": null,
      "Operating Income": null,
      "Operating Expense": null,
      "Other Operating Expenses": null,
      "Selling General And Administration": null,
      "General And Administrative Expense": null,
      "Other Gand A": null,
      "Salaries And Wages": null,
      "Gross Profit": null,
      "Cost Of Revenue": null,
      "Total Revenue": null,
      "Excise Taxes": null,
      "Operating Revenue": null
    },
    "2025-09-30T00:00:00": {
      "Tax Effect Of Unusual Items": 12710413.694722,
      "Tax Rate For Calcs": 0.231098,
      "Normalized EBITDA": 1565000000.0,
      "Total Unusual Items": 55000000.0,
      "Total Unusual Items Excluding Goodwill": 55000000.0,
      "Net Income From Continuing Operation Net Minority Interest": 539000000.0,
      "Reconciled Depreciation": 911000000.0,
      "Reconciled Cost Of Revenue": 10312000000.0,
      "EBITDA": 1620000000.0,
      "EBIT": 709000000.0,
      "Net Interest Income": -8000000.0,
      "Interest Expense": 8000000.0,
      "Normalized Income": 496710413.694722,
      "Net Income From Continuing And Discontinued Operation": 539000000.0,
      "Total Expenses": 10960000000.0,
      "Diluted Average Shares": null,
      "Basic Average Shares": 503738318.0,
      "Diluted EPS": null,
      "Basic EPS": null,
      "Diluted NI Availto Com Stockholders": 539000000.0,
      "Net Income Common Stockholders": 539000000.0,
      "Net Income": 539000000.0,
      "Net Income Including Noncontrolling Interests": 539000000.0,
      "Net Income Continuous Operations": 539000000.0,
      "Tax Provision": 162000000.0,
      "Pretax Income": 701000000.0,
      "Other Income Expense": 55000000.0,
      "Special Income Charges": null,
      "Gain On Sale Of Ppe": null,
      "Gain On Sale Of Security": 55000000.0,
      "Net Non Operating Interest Income Expense": -8000000.0,
      "Interest Expense Non Operating": 8000000.0,
      "Operating Income": 654000000.0,
      "Operating Expense": 648000000.0,
      "Other Operating Expenses": 1000000.0,
      "Selling General And Administration": 647000000.0,
      "General And Administrative Expense": 647000000.0,
      "Other Gand A": 622000000.0,
      "Salaries And Wages": 25000000.0,
      "Gross Profit": 1302000000.0,
      "Cost Of Revenue": 10312000000.0,
      "Total Revenue": 11614000000.0,
      "Excise Taxes": 380000000.0,
      "Operating Revenue": 11994000000.0
    },
    "2025-06-30T00:00:00": {
      "Tax Effect Of Unusual Items": 5691318.327974,
      "Tax Rate For Calcs": 0.237138,
      "Normalized EBITDA": 1700000000.0,
      "Total Unusual Items": 24000000.0,
      "Total Unusual Items Excluding Goodwill": 24000000.0,
      "Net Income From Continuing Operation Net Minority Interest": 949000000.0,
      "Reconciled Depreciation": 478000000.0,
      "Reconciled Cost Of Revenue": 9357000000.0,
      "EBITDA": 1724000000.0,
      "EBIT": 1246000000.0,
      "Net Interest Income": -2000000.0,
      "Interest Expense": 2000000.0,
      "Normalized Income": 930691318.327974,
      "Net Income From Continuing And Discontinued Operation": 949000000.0,
      "Total Expenses": 9614000000.0,
      "Diluted Average Shares": 510300000.0,
      "Basic Average Shares": 510215054.0,
      "Diluted EPS": 1.86,
      "Basic EPS": 1.86,
      "Diluted NI Availto Com Stockholders": 949000000.0,
      "Net Income Common Stockholders": 949000000.0,
      "Net Income": 949000000.0,
      "Net Income Including Noncontrolling Interests": 949000000.0,
      "Net Income Continuous Operations": 949000000.0,
      "Tax Provision": 295000000.0,
      "Pretax Income": 1244000000.0,
      "Other Income Expense": 24000000.0,
      "Special Income Charges": 1000000.0,
      "Gain On Sale Of Ppe": 1000000.0,
      "Gain On Sale Of Security": 23000000.0,
      "Net Non Operating Interest Income Expense": -2000000.0,
      "Interest Expense Non Operating": 2000000.0,
      "Operating Income": 1222000000.0,
      "Operating Expense": 257000000.0,
      "Other Operating Expenses": null,
      "Selling General And Administration": 257000000.0,
      "General And Administrative Expense": 257000000.0,
      "Other Gand A": 251000000.0,
      "Salaries And Wages": 6000000.0,
      "Gross Profit": 1479000000.0,
      "Cost Of Revenue": 9357000000.0,
      "Total Revenue": 10836000000.0,
      "Excise Taxes": 372000000.0,
      "Operating Revenue": 11208000000.0
    },
    "2025-03-31T00:00:00": {
      "Tax Effect Of Unusual Items": 12085308.056872,
      "Tax Rate For Calcs": 0.236967,
      "Normalized EBITDA": 2166000000.0,
      "Total Unusual Items": 51000000.0,
      "Total Unusual Items Excluding Goodwill": 51000000.0,
      "Net Income From Continuing Operation Net Minority Interest": 1288000000.0,
      "Reconciled Depreciation": 531000000.0,
      "Reconciled Cost Of Revenue": 9973000000.0,
      "EBITDA": 2217000000.0,
      "EBIT": 1686000000.0,
      "Net Interest Income": 2000000.0,
      "Interest Expense": -2000000.0,
      "Normalized Income": 1249085308.056872,
      "Net Income From Continuing And Discontinued Operation": 1288000000.0,
      "Total Expenses": 10239000000.0,
      "Diluted Average Shares": 510200000.0,
      "Basic Average Shares": 509090909.0,
      "Diluted EPS": 2.52,
      "Basic EPS": 2.53,
      "Diluted NI Availto Com Stockholders": 1288000000.0,
      "Net Income Common Stockholders": 1288000000.0,
      "Net Income": 1288000000.0,
      "Net Income Including Noncontrolling Interests": 1288000000.0,
      "Net Income Continuous Operations": 1288000000.0,
      "Tax Provision": 400000000.0,
      "Pretax Income": 1688000000.0,
      "Other Income Expense": 51000000.0,
      "Special Income Charges": 10000000.0,
      "Gain On Sale Of Ppe": 10000000.0,
      "Gain On Sale Of Security": 41000000.0,
      "Net Non Operating Interest Income Expense": 2000000.0,
      "Interest Expense Non Operating": -2000000.0,
      "Operating Income": 1635000000.0,
      "Operating Expense": 266000000.0,
      "Other Operating Expenses": 2000000.0,
      "Selling General And Administration": 264000000.0,
      "General And Administrative Expense": 264000000.0,
      "Other Gand A": 259000000.0,
      "Salaries And Wages": 5000000.0,
      "Gross Profit": 1901000000.0,
      "Cost Of Revenue": 9973000000.0,
      "Total Revenue": 11874000000.0,
      "Excise Taxes": 592000000.0,
      "Operating Revenue": 12466000000.0
    },
    "2024-12-31T00:00:00": {
      "Tax Effect Of Unusual Items": 13333333.333333,
      "Tax Rate For Calcs": 0.222222,
      "Normalized EBITDA": 2048000000.0,
      "Total Unusual Items": 60000000.0,
      "Total Unusual Items Excluding Goodwill": 60000000.0,
      "Net Income From Continuing Operation Net Minority Interest": 1225000000.0,
      "Reconciled Depreciation": 529000000.0,
      "Reconciled Cost Of Revenue": 10146000000.0,
      "EBITDA": 2108000000.0,
      "EBIT": 1579000000.0,
      "Net Interest Income": -4000000.0,
      "Interest Expense": 4000000.0,
      "Normalized Income": 1178333333.333333,
      "Net Income From Continuing And Discontinued Operation": 1225000000.0,
      "Total Expenses": 10401000000.0,
      "Diluted Average Shares": 516500000.0,
      "Basic Average Shares": 514705882.0,
      "Diluted EPS": 2.37,
      "Basic EPS": 2.38,
      "Diluted NI Availto Com Stockholders": 1225000000.0,
      "Net Income Common Stockholders": 1225000000.0,
      "Net Income": 1225000000.0,
      "Net Income Including Noncontrolling Interests": 1225000000.0,
      "Net Income Continuous Operations": 1225000000.0,
      "Tax Provision": 350000000.0,
      "Pretax Income": 1575000000.0,
      "Other Income Expense": 60000000.0,
      "Special Income Charges": null,
      "Gain On Sale Of Ppe": null,
      "Gain On Sale Of Security": 60000000.0,
      "Net Non Operating Interest Income Expense": -4000000.0,
      "Interest Expense Non Operating": 4000000.0,
      "Operating Income": 1519000000.0,
      "Operating Expense": 255000000.0,
      "Other Operating Expenses": 0.0,
      "Selling General And Administration": 255000000.0,
      "General And Administrative Expense": 255000000.0,
      "Other Gand A": 255000000.0,
      "Salaries And Wages": 0.0,
      "Gross Profit": 1774000000.0,
      "Cost Of Revenue": 10146000000.0,
      "Total Revenue": 11920000000.0,
      "Excise Taxes": 627000000.0,
      "Operating Revenue": 12547000000.0
    },
    "2024-09-30T00:00:00": {
      "Tax Effect Of Unusual Items": 10046163.443543,
      "Tax Rate For Calcs": 0.228322,
      "Normalized EBITDA": 2078000000.0,
      "Total Unusual Items": 44000000.0,
      "Total Unusual Items Excluding Goodwill": 44000000.0,
      "Net Income From Continuing Operation Net Minority Interest": 1237000000.0,
      "Reconciled Depreciation": 508000000.0,
      "Reconciled Cost Of Revenue": 10759000000.0,
      "EBITDA": 2122000000.0,
      "EBIT": 1614000000.0,
      "Net Interest Income": -11000000.0,
      "Interest Expense": 11000000.0,
      "Normalized Income": 1203046163.443543,
      "Net Income From Continuing And Discontinued Operation": 1237000000.0,
      "Total Expenses": 10984000000.0,
      "Diluted Average Shares": 531900000.0,
      "Basic Average Shares": null,
      "Diluted EPS": 2.33,
      "Basic EPS": 2.33,
      "Diluted NI Availto Com Stockholders": 1237000000.0,
      "Net Income Common Stockholders": 1237000000.0,
      "Net Income": 1237000000.0,
      "Net Income Including Noncontrolling Interests": 1237000000.0,
      "Net Income Continuous Operations": 1237000000.0,
      "Tax Provision": 366000000.0,
      "Pretax Income": 1603000000.0,
      "Other Income Expense": 44000000.0,
      "Special Income Charges": null,
      "Gain On Sale Of Ppe": null,
      "Gain On Sale Of Security": 44000000.0,
      "Net Non Operating Interest Income Expense": -11000000.0,
      "Interest Expense Non Operating": 11000000.0,
      "Operating Income": 1570000000.0,
      "Operating Expense": 225000000.0,
      "Other Operating Expenses": 1000000.0,
      "Selling General And Administration": 224000000.0,
      "General And Administrative Expense": 224000000.0,
      "Other Gand A": 223000000.0,
      "Salaries And Wages": 1000000.0,
      "Gross Profit": 1795000000.0,
      "Cost Of Revenue": 10759000000.0,
      "Total Revenue": 12554000000.0,
      "Excise Taxes": 661000000.0,
      "Operating Revenue": 13215000000.0
    },
    "2024-06-30T00:00:00": {
      "Tax Effect Of Unusual Items": null,
      "Tax Rate For Calcs": null,
      "Normalized EBITDA": null,
      "Total Unusual Items": null,
      "Total Unusual Items Excluding Goodwill": null,
      "Net Income From Continuing Operation Net Minority Interest": null,
      "Reconciled Depreciation": null,
      "Reconciled Cost Of Revenue": null,
      "EBITDA": null,
      "EBIT": null,
      "Net Interest Income": null,
      "Interest Expense": null,
      "Normalized Income": null,
      "Net Income From Continuing And Discontinued Operation": null,
      "Total Expenses": null,
      "Diluted Average Shares": null,
      "Basic Average Shares": null,
      "Diluted EPS": null,
      "Basic EPS": null,
      "Diluted NI Availto Com Stockholders": null,
      "Net Income Common Stockholders": null,
      "Net Income": null,
      "Net Income Including Noncontrolling Interests": null,
      "Net Income Continuous Operations": null,
      "Tax Provision": null,
      "Pretax Income": null,
      "Other Income Expense": null,
      "Special Income Charges": 1000000.0,
      "Gain On Sale Of Ppe": 1000000.0,
      "Gain On Sale Of Security": null,
      "Net Non Operating Interest Income Expense": null,
      "Interest Expense Non Operating": null,
      "Operating Income": null,
      "Operating Expense": null,
      "Other Operating Expenses": 1000000.0,
      "Selling General And Administration": null,
      "General And Administrative Expense": null,
      "Other Gand A": null,
      "Salaries And Wages": null,
      "Gross Profit": null,
      "Cost Of Revenue": null,
      "Total Revenue": null,
      "Excise Taxes": null,
      "Operating Revenue": null
    }
  },
  "balance_sheet": {
    "2024-12-31T00:00:00": {
      "Treasury Shares Number": null,
      "Ordinary Shares Number": 509044963.0,
      "Share Issued": 509044963.0,
      "Net Debt": 2487000000.0,
      "Total Debt": 4155000000.0,
      "Tangible Book Value": 23307000000.0,
      "Invested Capital": 26939000000.0,
      "Working Capital": 2347000000.0,
      "Net Tangible Assets": 23307000000.0,
      "Capital Lease Obligations": 689000000.0,
      "Common Stock Equity": 23473000000.0,
      "Total Capitalization": 26920000000.0,
      "Total Equity Gross Minority Interest": 23473000000.0,
      "Stockholders Equity": 23473000000.0,
      "Gains Losses Not Affecting Retained Earnings": -214000000.0,
      "Other Equity Adjustments": -214000000.0,
      "Retained Earnings": 22745000000.0,
      "Capital Stock": 942000000.0,
      "Common Stock": 942000000.0,
      "Total Liabilities Net Minority Interest": 19465000000.0,
      "Total Non Current Liabilities Net Minority Interest": 12458000000.0,
      "Other Non Current Liabilities": 120000000.0,
      "Employee Benefits": 965000000.0,
      "Non Current Pension And Other Postretirement Benefit Plans": 846000000.0,
      "Non Current Deferred Liabilities": 4596000000.0,
      "Non Current Deferred Taxes Liabilities": 4596000000.0,
      "Long Term Debt And Capital Lease Obligation": 4136000000.0,
      "Long Term Capital Lease Obligation": 689000000.0,
      "Long Term Debt": 3447000000.0,
      "Long Term Provisions": 2641000000.0,
      "Current Liabilities": 7007000000.0,
      "Other Current Liabilities": 739000000.0,
      "Current Debt And Capital Lease Obligation": 19000000.0,
      "Current Capital Lease Obligation": null,
      "Current Debt": 19000000.0,
      "Other Current Borrowings": null,
      "Current Notes Payable": null,
      "Payables And Accrued Expenses": 6249000000.0,
      "Payables": 6249000000.0,
      "Total Tax Payable": 605000000.0,
      "Income Tax Payable": 81000000.0,
      "Accounts Payable": 5644000000.0,
      "Total Assets": 42938000000.0,
      "Total Non Current Assets": 33584000000.0,
      "Other Non Current Assets": 1527000000.0,
      "Duefrom Related Parties Non Current": 266000000.0,
      "Non Current Accounts Receivable": 266000000.0,
      "Investments And Advances": 818000000.0,
      "Goodwill And Other Intangible Assets": 166000000.0,
      "Goodwill": 166000000.0,
      "Net PPE": 30807000000.0,
      "Accumulated Depreciation": -27241000000.0,
      "Gross PPE": 58048000000.0,
      "Current Assets": 9354000000.0,
      "Inventory": 2617000000.0,
      "Other Inventories": 371000000.0,
      "Finished Goods": 1271000000.0,
      "Raw Materials": 975000000.0,
      "Receivables": 5758000000.0,
      "Accounts Receivable": 5758000000.0,
      "Cash Cash Equivalents And Short Term Investments": 979000000.0,
      "Cash And Cash Equivalents": 979000000.0,
      "Cash Financial": null
    },
    "2023-12-31T00:00:00": {
      "Treasury Shares Number": 0.0,
      "Ordinary Shares Number": 535836803.0,
      "Share Issued": 535836803.0,
      "Net Debt": 2704000000.0,
      "Total Debt": 4243000000.0,
      "Tangible Book Value": 22056000000.0,
      "Invested Capital": 25790000000.0,
      "Working Capital": 1695000000.0,
      "Net Tangible Assets": 22056000000.0,
      "Capital Lease Obligations": 675000000.0,
      "Common Stock Equity": 22222000000.0,
      "Total Capitalization": 25669000000.0,
      "Total Equity Gross Minority Interest": 22222000000.0,
      "Stockholders Equity": 22222000000.0,
      "Gains Losses Not Affecting Retained Earnings": -677000000.0,
      "Other Equity Adjustments": -677000000.0,
      "Retained Earnings": 21907000000.0,
      "Capital Stock": 992000000.0,
      "Common Stock": 992000000.0,
      "Total Liabilities Net Minority Interest": 18977000000.0,
      "Total Non Current Liabilities Net Minority Interest": 12374000000.0,
      "Other Non Current Liabilities": 132000000.0,
      "Employee Benefits": 1044000000.0,
      "Non Current Pension And Other Postretirement Benefit Plans": 954000000.0,
      "Non Current Deferred Liabilities": 4512000000.0,
      "Non Current Deferred Taxes Liabilities": 4512000000.0,
      "Long Term Debt And Capital Lease Obligation": 4122000000.0,
      "Long Term Capital Lease Obligation": 675000000.0,
      "Long Term Debt": 3447000000.0,
      "Long Term Provisions": 2564000000.0,
      "Current Liabilities": 6603000000.0,
      "Other Current Liabilities": 726000000.0,
      "Current Debt And Capital Lease Obligation": 121000000.0,
      "Current Capital Lease Obligation": 108000000.0,
      "Current Debt": 121000000.0,
      "Other Current Borrowings": 100000000.0,
      "Current Notes Payable": null,
      "Payables And Accrued Expenses": 5756000000.0,
      "Payables": 5756000000.0,
      "Total Tax Payable": 706000000.0,
      "Income Tax Payable": 251000000.0,
      "Accounts Payable": 5050000000.0,
      "Total Assets": 41199000000.0,
      "Total Non Current Assets": 32901000000.0,
      "Other Non Current Assets": 838000000.0,
      "Duefrom Related Parties Non Current": 283000000.0,
      "Non Current Accounts Receivable": 283000000.0,
      "Investments And Advances": 779000000.0,
      "Goodwill And Other Intangible Assets": 166000000.0,
      "Goodwill": 166000000.0,
      "Net PPE": 30835000000.0,
      "Accumulated Depreciation": -25365000000.0,
      "Gross PPE": 56200000000.0,
      "Current Assets": 8298000000.0,
      "Inventory": 2952000000.0,
      "Other Inventories": 320000000.0,
      "Finished Goods": 1624000000.0,
      "Raw Materials": 1008000000.0,
      "Receivables": 4482000000.0,
      "Accounts Receivable": 4482000000.0,
      "Cash Cash Equivalents And Short Term Investments": 864000000.0,
      "Cash And Cash Equivalents": 864000000.0,
      "Cash Financial": null
    },
    "2022-12-31T00:00:00": {
      "Treasury Shares Number": null,
      "Ordinary Shares Number": 584153000.0,
      "Share Issued": 584153000.0,
      "Net Debt": null,
      "Total Debt": 4306000000.0,
      "Tangible Book Value": 22247000000.0,
      "Invested Capital": 25982000000.0,
      "Working Capital": 1838000000.0,
      "Net Tangible Assets": 22247000000.0,
      "Capital Lease Obligations": 737000000.0,
      "Common Stock Equity": 22413000000.0,
      "Total Capitalization": 25860000000.0,
      "Total Equity Gross Minority Interest": 22413000000.0,
      "Stockholders Equity": 22413000000.0,
      "Gains Losses Not Affecting Retained Earnings": -512000000.0,
      "Other Equity Adjustments": -512000000.0,
      "Retained Earnings": 21846000000.0,
      "Capital Stock": 1079000000.0,
      "Common Stock": 1079000000.0,
      "Total Liabilities Net Minority Interest": 21111000000.0,
      "Total Non Current Liabilities Net Minority Interest": 12213000000.0,
      "Other Non Current Liabilities": 163000000.0,
      "Employee Benefits": 1003000000.0,
      "Non Current Pension And Other Postretirement Benefit Plans": 902000000.0,
      "Non Current Deferred Liabilities": 4713000000.0,
      "Non Current Deferred Taxes Liabilities": 4713000000.0,
      "Long Term Debt And Capital Lease Obligation": 4184000000.0,
      "Long Term Capital Lease Obligation": 737000000.0,
      "Long Term Debt": 3447000000.0,
      "Long Term Provisions": 2150000000.0,
      "Current Liabilities": 8898000000.0,
      "Other Current Liabilities": null,
      "Current Debt And Capital Lease Obligation": 122000000.0,
      "Current Capital Lease Obligation": 122000000.0,
      "Current Debt": 122000000.0,
      "Other Current Borrowings": 100000000.0,
      "Current Notes Payable": null,
      "Payables And Accrued Expenses": 8776000000.0,
      "Payables": 8776000000.0,
      "Total Tax Payable": 3040000000.0,
      "Income Tax Payable": 2582000000.0,
      "Accounts Payable": 5736000000.0,
      "Total Assets": 43524000000.0,
      "Total Non Current Assets": 32788000000.0,
      "Other Non Current Assets": 1223000000.0,
      "Duefrom Related Parties Non Current": 288000000.0,
      "Non Current Accounts Receivable": 288000000.0,
      "Investments And Advances": 605000000.0,
      "Goodwill And Other Intangible Assets": 166000000.0,
      "Goodwill": 166000000.0,
      "Net PPE": 30506000000.0,
      "Accumulated Depreciation": -24062000000.0,
      "Gross PPE": 54568000000.0,
      "Current Assets": 10736000000.0,
      "Inventory": 2268000000.0,
      "Other Inventories": 158000000.0,
      "Finished Goods": 1356000000.0,
      "Raw Materials": 754000000.0,
      "Receivables": 4719000000.0,
      "Accounts Receivable": 4719000000.0,
      "Cash Cash Equivalents And Short Term Investments": 3749000000.0,
      "Cash And Cash Equivalents": 3749000000.0,
      "Cash Financial": 3749000000.0
    },
    "2021-12-31T00:00:00": {
      "Treasury Shares Number": null,
      "Ordinary Shares Number": 678000000.0,
      "Share Issued": 678000000.0,
      "Net Debt": 2416000000.0,
      "Total Debt": 5323000000.0,
      "Tangible Book Value": 21569000000.0,
      "Invested Capital": 26304000000.0,
      "Working Capital": 2259000000.0,
      "Net Tangible Assets": 21569000000.0,
      "Capital Lease Obligations": 754000000.0,
      "Common Stock Equity": 21735000000.0,
      "Total Capitalization": 26182000000.0,
      "Total Equity Gross Minority Interest": 21735000000.0,
      "Stockholders Equity": 21735000000.0,
      "Gains Losses Not Affecting Retained Earnings": -1177000000.0,
      "Other Equity Adjustments": -1177000000.0,
      "Retained Earnings": 21660000000.0,
      "Capital Stock": 1252000000.0,
      "Common Stock": 1252000000.0,
      "Total Liabilities Net Minority Interest": 19047000000.0,
      "Total Non Current Liabilities Net Minority Interest": 13493000000.0,
      "Other Non Current Liabilities": 596000000.0,
      "Employee Benefits": 1441000000.0,
      "Non Current Pension And Other Postretirement Benefit Plans": 1362000000.0,
      "Non Current Deferred Liabilities": 4542000000.0,
      "Non Current Deferred Taxes Liabilities": 4542000000.0,
      "Long Term Debt And Capital Lease Obligation": 5201000000.0,
      "Long Term Capital Lease Obligation": 754000000.0,
      "Long Term Debt": 4447000000.0,
      "Long Term Provisions": 1713000000.0,
      "Current Liabilities": 5554000000.0,
      "Other Current Liabilities": null,
      "Current Debt And Capital Lease Obligation": 122000000.0,
      "Current Capital Lease Obligation": null,
      "Current Debt": 122000000.0,
      "Other Current Borrowings": null,
      "Current Notes Payable": 122000000.0,
      "Payables And Accrued Expenses": 5432000000.0,
      "Payables": 5432000000.0,
      "Total Tax Payable": 663000000.0,
      "Income Tax Payable": 248000000.0,
      "Accounts Payable": 4769000000.0,
      "Total Assets": 40782000000.0,
      "Total Non Current Assets": 32969000000.0,
      "Other Non Current Assets": 806000000.0,
      "Duefrom Related Parties Non Current": 298000000.0,
      "Non Current Accounts Receivable": 298000000.0,
      "Investments And Advances": 459000000.0,
      "Goodwill And Other Intangible Assets": 166000000.0,
      "Goodwill": 166000000.0,
      "Net PPE": 31240000000.0,
      "Accumulated Depreciation": -25522000000.0,
      "Gross PPE": 56762000000.0,
      "Current Assets": 7813000000.0,
      "Inventory": 1791000000.0,
      "Other Inventories": 45000000.0,
      "Finished Goods": 1057000000.0,
      "Raw Materials": 689000000.0,
      "Receivables": 3869000000.0,
      "Accounts Receivable": 3869000000.0,
      "Cash Cash Equivalents And Short Term Investments": 2153000000.0,
      "Cash And Cash Equivalents": 2153000000.0,
      "Cash Financial": 2153000000.0
    }
  },
  "cashflow": {
    "2024-12-31T00:00:00": {
      "Free Cash Flow": 4114000000.0,
      "Repurchase Of Capital Stock": -2681000000.0,
      "Repayment Of Debt": -22000000.0,
      "Capital Expenditure": -1867000000.0,
      "Interest Paid Supplemental Data": 42000000.0,
      "Income Tax Paid Supplemental Data": 1771000000.0,
      "End Cash Position": 979000000.0,
      "Beginning Cash Position": 864000000.0,
      "Changes In Cash": 115000000.0,
      "Financing Cash Flow": -4041000000.0,
      "Cash Flow From Continuing Financing Activities": -4041000000.0,
      "Cash Dividends Paid": -1238000000.0,
      "Common Stock Dividend Paid": -1238000000.0,
      "Net Common Stock Issuance": -2681000000.0,
      "Common Stock Payments": -2681000000.0,
      "Net Issuance Payments Of Debt": -122000000.0,
      "Net Short Term Debt Issuance": -100000000.0,
      "Net Long Term Debt Issuance": -22000000.0,
      "Long Term Debt Payments": -22000000.0,
      "Investing Cash Flow": -1825000000.0,
      "Cash Flow From Continuing Investing Activities": -1825000000.0,
      "Net Other Investing Changes": 42000000.0,
      "Net Investment Purchase And Sale": 0.0,
      "Purchase Of Investment": 0.0,
      "Net PPE Purchase And Sale": -1867000000.0,
      "Purchase Of PPE": -1867000000.0,
      "Operating Cash Flow": 5981000000.0,
      "Cash Flow From Continuing Operating Activities": 5981000000.0,
      "Change In Working Capital": -495000000.0,
      "Change In Payables And Accrued Expense": 446000000.0,
      "Change In Payable": 446000000.0,
      "Change In Account Payable": 616000000.0,
      "Change In Tax Payable": -170000000.0,
      "Change In Income Tax Payable": -170000000.0,
      "Change In Inventory": 335000000.0,
      "Change In Receivables": -1276000000.0,
      "Changes In Account Receivables": -1276000000.0,
      "Other Non Cash Items": -137000000.0,
      "Asset Impairment Charge": null,
      "Deferred Tax": -142000000.0,
      "Deferred Income Tax": -142000000.0,
      "Depreciation Amortization Depletion": 1983000000.0,
      "Operating Gains Losses": -18000000.0,
      "Net Income From Continuing Operations": 4790000000.0
    },
    "2023-12-31T00:00:00": {
      "Free Cash Flow": 1949000000.0,
      "Repurchase Of Capital Stock": -3800000000.0,
      "Repayment Of Debt": -22000000.0,
      "Capital Expenditure": -1785000000.0,
      "Interest Paid Supplemental Data": 69000000.0,
      "Income Tax Paid Supplemental Data": 4153000000.0,
      "End Cash Position": 864000000.0,
      "Beginning Cash Position": 3749000000.0,
      "Changes In Cash": -2885000000.0,
      "Financing Cash Flow": -4925000000.0,
      "Cash Flow From Continuing Financing Activities": -4925000000.0,
      "Cash Dividends Paid": -1103000000.0,
      "Common Stock Dividend Paid": -1103000000.0,
      "Net Common Stock Issuance": -3800000000.0,
      "Common Stock Payments": -3800000000.0,
      "Net Issuance Payments Of Debt": -22000000.0,
      "Net Short Term Debt Issuance": 0.0,
      "Net Long Term Debt Issuance": -22000000.0,
      "Long Term Debt Payments": -22000000.0,
      "Investing Cash Flow": -1694000000.0,
      "Cash Flow From Continuing Investing Activities": -1694000000.0,
      "Net Other Investing Changes": 91000000.0,
      "Net Investment Purchase And Sale": 0.0,
      "Purchase Of Investment": 0.0,
      "Net PPE Purchase And Sale": -1785000000.0,
      "Purchase Of PPE": -1785000000.0,
      "Operating Cash Flow": 3734000000.0,
      "Cash Flow From Continuing Operating Activities": 3734000000.0,
      "Change In Working Capital": -2701000000.0,
      "Change In Payables And Accrued Expense": -2250000000.0,
      "Change In Payable": -2250000000.0,
      "Change In Account Payable": 81000000.0,
      "Change In Tax Payable": -2331000000.0,
      "Change In Income Tax Payable": -2331000000.0,
      "Change In Inventory": -688000000.0,
      "Change In Receivables": 237000000.0,
      "Changes In Account Receivables": 237000000.0,
      "Other Non Cash Items": -203000000.0,
      "Asset Impairment Charge": null,
      "Deferred Tax": -85000000.0,
      "Deferred Income Tax": -85000000.0,
      "Depreciation Amortization Depletion": 1907000000.0,
      "Operating Gains Losses": -73000000.0,
      "Net Income From Continuing Operations": 4889000000.0
    },
    "2022-12-31T00:00:00": {
      "Free Cash Flow": 8956000000.0,
      "Repurchase Of Capital Stock": -6395000000.0,
      "Repayment Of Debt": -1022000000.0,
      "Capital Expenditure": -1526000000.0,
      "Interest Paid Supplemental Data": 60000000.0,
      "Income Tax Paid Supplemental Data": 374000000.0,
      "End Cash Position": 3749000000.0,
      "Beginning Cash Position": 2153000000.0,
      "Changes In Cash": 1596000000.0,
      "Financing Cash Flow": -8268000000.0,
      "Cash Flow From Continuing Financing Activities": -8268000000.0,
      "Cash Dividends Paid": -851000000.0,
      "Common Stock Dividend Paid": -851000000.0,
      "Net Common Stock Issuance": -6395000000.0,
      "Common Stock Payments": -6395000000.0,
      "Net Issuance Payments Of Debt": -1022000000.0,
      "Net Short Term Debt Issuance": 0.0,
      "Net Long Term Debt Issuance": -1022000000.0,
      "Long Term Debt Payments": -1022000000.0,
      "Investing Cash Flow": -618000000.0,
      "Cash Flow From Continuing Investing Activities": -618000000.0,
      "Net Other Investing Changes": 914000000.0,
      "Net Investment Purchase And Sale": -6000000.0,
      "Purchase Of Investment": -6000000.0,
      "Net PPE Purchase And Sale": -1526000000.0,
      "Purchase Of PPE": -1526000000.0,
      "Operating Cash Flow": 10482000000.0,
      "Cash Flow From Continuing Operating Activities": 10482000000.0,
      "Change In Working Capital": 1485000000.0,
      "Change In Payables And Accrued Expense": 2824000000.0,
      "Change In Payable": 2824000000.0,
      "Change In Account Payable": 948000000.0,
      "Change In Tax Payable": 1876000000.0,
      "Change In Income Tax Payable": 1876000000.0,
      "Change In Inventory": -477000000.0,
      "Change In Receivables": -862000000.0,
      "Changes In Account Receivables": -862000000.0,
      "Other Non Cash Items": -5000000.0,
      "Asset Impairment Charge": 0.0,
      "Deferred Tax": -77000000.0,
      "Deferred Income Tax": -77000000.0,
      "Depreciation Amortization Depletion": 1897000000.0,
      "Operating Gains Losses": -158000000.0,
      "Net Income From Continuing Operations": 7340000000.0
    },
    "2021-12-31T00:00:00": {
      "Free Cash Flow": 4368000000.0,
      "Repurchase Of Capital Stock": -2245000000.0,
      "Repayment Of Debt": -20000000.0,
      "Capital Expenditure": -1108000000.0,
      "Interest Paid Supplemental Data": 43000000.0,
      "Income Tax Paid Supplemental Data": null,
      "End Cash Position": 2153000000.0,
      "Beginning Cash Position": 771000000.0,
      "Changes In Cash": 1382000000.0,
      "Financing Cash Flow": -3082000000.0,
      "Cash Flow From Continuing Financing Activities": -3082000000.0,
      "Cash Dividends Paid": -706000000.0,
      "Common Stock Dividend Paid": -706000000.0,
      "Net Common Stock Issuance": -2245000000.0,
      "Common Stock Payments": -2245000000.0,
      "Net Issuance Payments Of Debt": -131000000.0,
      "Net Short Term Debt Issuance": -111000000.0,
      "Net Long Term Debt Issuance": -20000000.0,
      "Long Term Debt Payments": -20000000.0,
      "Investing Cash Flow": -1012000000.0,
      "Cash Flow From Continuing Investing Activities": -1012000000.0,
      "Net Other Investing Changes": 96000000.0,
      "Net Investment Purchase And Sale": 0.0,
      "Purchase Of Investment": 0.0,
      "Net PPE Purchase And Sale": -1108000000.0,
      "Purchase Of PPE": -1108000000.0,
      "Operating Cash Flow": 5476000000.0,
      "Cash Flow From Continuing Operating Activities": 5476000000.0,
      "Change In Working Capital": 363000000.0,
      "Change In Payables And Accrued Expense": 2268000000.0,
      "Change In Payable": 2268000000.0,
      "Change In Account Payable": 2020000000.0,
      "Change In Tax Payable": 248000000.0,
      "Change In Income Tax Payable": 248000000.0,
      "Change In Inventory": 45000000.0,
      "Change In Receivables": -1950000000.0,
      "Changes In Account Receivables": -1950000000.0,
      "Other Non Cash Items": 615000000.0,
      "Asset Impairment Charge": 0.0,
      "Deferred Tax": 91000000.0,
      "Deferred Income Tax": 91000000.0,
      "Depreciation Amortization Depletion": 1977000000.0,
      "Operating Gains Losses": -49000000.0,
      "Net Income From Continuing Operations": 2479000000.0
    }
  },
  "earnings_estimate": {
    "avg": {
      "0q": 1.56266,
      "+1q": 1.54798,
      "0y": 6.86664,
      "+1y": 7.58206
    },
    "low": {
      "0q": 1.22779,
      "+1q": 1.18964,
      "0y": 6.03,
      "+1y": 6.1
    },
    "high": {
      "0q": 1.92746,
      "+1q": 2.01,
      "0y": 7.87,
      "+1y": 9.43
    },
    "yearAgoEps": {
      "0q": 2.52,
      "+1q": 1.86,
      "0y": 8.53,
      "+1y": 6.86664
    },
    "numberOfAnalysts": {
      "0q": 5,
      "+1q": 5,
      "0y": 9,
      "+1y": 9
    },
    "growth": {
      "0q": -0.3799,
      "+1q": -0.16780001,
      "0y": -0.195,
      "+1y": 0.1042
    }
  },
  "revenue_estimate": {
    "avg": {
      "0q": 7952279760,
      "+1q": 8379749750,
      "0y": 50532423820,
      "+1y": 52251090090
    },
    "low": {
      "0q": 7952279760,
      "+1q": 8379749750,
      "0y": 33033975079,
      "+1y": 34208380100
    },
    "high": {
      "0q": 7952279760,
      "+1q": 8379749750,
      "0y": 67760000000,
      "+1y": 68836000000
    },
    "numberOfAnalysts": {
      "0q": 1,
      "+1q": 1,
      "0y": 7,
      "+1y": 7
    },
    "yearAgoRevenue": {
      "0q": 12517000000,
      "+1q": 11232000000,
      "0y": 47078000000,
      "+1y": 50532423820
    },
    "growth": {
      "0q": -0.36470002,
      "+1q": -0.2539,
      "0y": 0.0734,
      "+1y": 0.034
    }
  },
  "growth_estimates": {
    "stockTrend": {
      "0q": -0.3799,
      "+1q": -0.16780001,
      "0y": -0.195,
      "+1y": 0.1042,
      "LTG": null
    },
    "indexTrend": {
      "0q": 0.1273,
      "+1q": 0.103599995,
      "0y": 0.14310001,
      "+1y": 0.1557,
      "LTG": 0.122
    }
  },
  "revenue_forecasts": null,
  "dividend_rate": 3.48,
  "trailing_dividend_rate": 2.88
}