{
  "ticker": "ISP.MI",
  "name": "Intesa Sanpaolo",
  "country": "italy",
  "currency": "EUR",
  "last_fetched": "2026-02-26T20:48:28.656600",
  "market_cap": 102318161920,
  "revenue": 25525000192,
  "net_income": 9320999936,
  "pe_ratio": 10.324562,
  "forward_pe": 9.444409,
  "dividend_yield": 6.54,
  "profit_margin": 0.36516997,
  "roe": 0.14294,
  "debt_to_equity": null,
  "beta": 0.805,
  "ev_to_ebitda": null,
  "sector": "Financial Services",
  "industry": "Banks - Regional",
  "summary": "Intesa Sanpaolo S.p.A. provides various financial products and services in Italy, Central/Eastern Europe, the Middle East, and North Africa. It operates through six segments: Banca dei Territori, IMI Corporate & Investment Banking, International Banks, Asset Management, Private Banking, and Insurance. The company offers lending and deposit products; private and commercial banking, corporate and transaction banking, structured finance, investment banking, public finance, and capital market services; life and non-life insurance and pension products; asset and wealth management services; private investments; and bancassurance products. It also provides industrial loans, leases, and factoring services, as well as digital banking services. The company serves individuals, small and medium-sized businesses, non-profit customers, corporates and financial institutions, public administration, private clients and high net worth individuals, and other customers. Intesa Sanpaolo S.p.A. is headquartered in Turin, Italy.",
  "website": "https://www.intesasanpaolo.com",
  "employees": null,
  "target_high": 7.4,
  "target_low": 4.5,
  "target_mean": 6.67381,
  "target_median": 6.8,
  "recommendation": "buy",
  "num_analysts": 21,
  "income_stmt": {
    "2025-12-31T00:00:00": {
      "Tax Effect Of Unusual Items": null,
      "Tax Rate For Calcs": null,
      "Total Unusual Items": null,
      "Total Unusual Items Excluding Goodwill": null,
      "Net Income From Continuing Operation Net Minority Interest": null,
      "Reconciled Depreciation": null,
      "Net Interest Income": null,
      "Interest Expense": null,
      "Interest Income": null,
      "Normalized Income": null,
      "Net Income From Continuing And Discontinued Operation": null,
      "Diluted Average Shares": 17386262670.0,
      "Basic Average Shares": 17386262670.0,
      "Diluted EPS": 0.536113,
      "Basic EPS": 0.536113,
      "Diluted NI Availto Com Stockholders": null,
      "Net Income Common Stockholders": null,
      "Net Income": null,
      "Minority Interests": null,
      "Net Income Including Noncontrolling Interests": null,
      "Net Income Extraordinary": null,
      "Net Income Discontinuous Operations": null,
      "Net Income Continuous Operations": null,
      "Tax Provision": null,
      "Pretax Income": null,
      "Other Non Operating Income Expenses": null,
      "Special Income Charges": null,
      "Other Special Charges": null,
      "Write Off": null,
      "Impairment Of Capital Assets": null,
      "Restructuring And Mergern Acquisition": null,
      "Gain On Sale Of Security": null,
      "Operating Expense": null,
      "Other Operating Expenses": null,
      "Depreciation And Amortization In Income Statement": null,
      "Amortization": null,
      "Depreciation Income Statement": null,
      "Selling General And Administration": null,
      "Selling And Marketing Expense": null,
      "General And Administrative Expense": null,
      "Insurance And Claims": null,
      "Rent And Landing Fees": null,
      "Total Revenue": null,
      "Operating Revenue": null
    },
    "2024-12-31T00:00:00": {
      "Tax Effect Of Unusual Items": -36096000.0,
      "Tax Rate For Calcs": 0.282,
      "Total Unusual Items": -128000000.0,
      "Total Unusual Items Excluding Goodwill": -128000000.0,
      "Net Income From Continuing Operation Net Minority Interest": 8666000000.0,
      "Reconciled Depreciation": 1708000000.0,
      "Net Interest Income": 18090000000.0,
      "Interest Expense": 16512000000.0,
      "Interest Income": 34602000000.0,
      "Normalized Income": 8757904000.0,
      "Net Income From Continuing And Discontinued Operation": 8666000000.0,
      "Diluted Average Shares": 17778041443.0,
      "Basic Average Shares": 17778041443.0,
      "Diluted EPS": 0.487455,
      "Basic EPS": 0.487455,
      "Diluted NI Availto Com Stockholders": 8666000000.0,
      "Net Income Common Stockholders": 8666000000.0,
      "Net Income": 8666000000.0,
      "Minority Interests": 7000000.0,
      "Net Income Including Noncontrolling Interests": 8659000000.0,
      "Net Income Extraordinary": null,
      "Net Income Discontinuous Operations": 0.0,
      "Net Income Continuous Operations": 8659000000.0,
      "Tax Provision": 3399000000.0,
      "Pretax Income": 12058000000.0,
      "Other Non Operating Income Expenses": null,
      "Special Income Charges": -126000000.0,
      "Other Special Charges": null,
      "Write Off": null,
      "Impairment Of Capital Assets": 73000000.0,
      "Restructuring And Mergern Acquisition": 53000000.0,
      "Gain On Sale Of Security": 3318000000.0,
      "Operating Expense": 14875000000.0,
      "Other Operating Expenses": 2500000000.0,
      "Depreciation And Amortization In Income Statement": 1746000000.0,
      "Amortization": 1079000000.0,
      "Depreciation Income Statement": 667000000.0,
      "Selling General And Administration": 2923000000.0,
      "Selling And Marketing Expense": 207000000.0,
      "General And Administrative Expense": 2716000000.0,
      "Insurance And Claims": 56000000.0,
      "Rent And Landing Fees": 117000000.0,
      "Total Revenue": 28294000000.0,
      "Operating Revenue": 28294000000.0
    },
    "2023-12-31T00:00:00": {
      "Tax Effect Of Unusual Items": -16716917.922948,
      "Tax Rate For Calcs": 0.278615,
      "Total Unusual Items": -60000000.0,
      "Total Unusual Items Excluding Goodwill": -60000000.0,
      "Net Income From Continuing Operation Net Minority Interest": 7724000000.0,
      "Reconciled Depreciation": 1657000000.0,
      "Net Interest Income": 16936000000.0,
      "Interest Expense": 15589000000.0,
      "Interest Income": 32525000000.0,
      "Normalized Income": 7767283082.077052,
      "Net Income From Continuing And Discontinued Operation": 7724000000.0,
      "Diluted Average Shares": 18370426095.0,
      "Basic Average Shares": 18370426095.0,
      "Diluted EPS": 0.42,
      "Basic EPS": 0.42,
      "Diluted NI Availto Com Stockholders": 7724000000.0,
      "Net Income Common Stockholders": 7724000000.0,
      "Net Income": 7724000000.0,
      "Minority Interests": -28000000.0,
      "Net Income Including Noncontrolling Interests": 7752000000.0,
      "Net Income Extraordinary": null,
      "Net Income Discontinuous Operations": 0.0,
      "Net Income Continuous Operations": 7752000000.0,
      "Tax Provision": 2994000000.0,
      "Pretax Income": 10746000000.0,
      "Other Non Operating Income Expenses": null,
      "Special Income Charges": -111000000.0,
      "Other Special Charges": null,
      "Write Off": null,
      "Impairment Of Capital Assets": 33000000.0,
      "Restructuring And Mergern Acquisition": 78000000.0,
      "Gain On Sale Of Security": 1958000000.0,
      "Operating Expense": 13489000000.0,
      "Other Operating Expenses": 1615000000.0,
      "Depreciation And Amortization In Income Statement": 1657000000.0,
      "Amortization": 973000000.0,
      "Depreciation Income Statement": 684000000.0,
      "Selling General And Administration": 3169000000.0,
      "Selling And Marketing Expense": 190000000.0,
      "General And Administrative Expense": 2979000000.0,
      "Insurance And Claims": 54000000.0,
      "Rent And Landing Fees": 121000000.0,
      "Total Revenue": 25416000000.0,
      "Operating Revenue": 25416000000.0
    },
    "2022-12-31T00:00:00": {
      "Tax Effect Of Unusual Items": -26162139.917695,
      "Tax Rate For Calcs": 0.275391,
      "Total Unusual Items": -95000000.0,
      "Total Unusual Items Excluding Goodwill": -95000000.0,
      "Net Income From Continuing Operation Net Minority Interest": 4379000000.0,
      "Reconciled Depreciation": 1684000000.0,
      "Net Interest Income": 11835000000.0,
      "Interest Expense": 3874000000.0,
      "Interest Income": 15709000000.0,
      "Normalized Income": 4447837860.082305,
      "Net Income From Continuing And Discontinued Operation": 4379000000.0,
      "Diluted Average Shares": 19315541610.0,
      "Basic Average Shares": 19315541610.0,
      "Diluted EPS": 0.23,
      "Basic EPS": 0.23,
      "Diluted NI Availto Com Stockholders": 4379000000.0,
      "Net Income Common Stockholders": 4379000000.0,
      "Net Income": 4379000000.0,
      "Minority Interests": -23000000.0,
      "Net Income Including Noncontrolling Interests": 4402000000.0,
      "Net Income Extraordinary": -927000000.0,
      "Net Income Discontinuous Operations": 0.0,
      "Net Income Continuous Operations": 4402000000.0,
      "Tax Provision": 1673000000.0,
      "Pretax Income": 6075000000.0,
      "Other Non Operating Income Expenses": 202000000.0,
      "Special Income Charges": -99000000.0,
      "Other Special Charges": 77000000.0,
      "Write Off": null,
      "Impairment Of Capital Assets": 46000000.0,
      "Restructuring And Mergern Acquisition": 53000000.0,
      "Gain On Sale Of Security": -6084000000.0,
      "Operating Expense": 12820000000.0,
      "Other Operating Expenses": 1400000000.0,
      "Depreciation And Amortization In Income Statement": 1550000000.0,
      "Amortization": 869000000.0,
      "Depreciation Income Statement": 681000000.0,
      "Selling General And Administration": 3169000000.0,
      "Selling And Marketing Expense": 171000000.0,
      "General And Administrative Expense": 2998000000.0,
      "Insurance And Claims": 57000000.0,
      "Rent And Landing Fees": 124000000.0,
      "Total Revenue": 21565000000.0,
      "Operating Revenue": 21565000000.0
    },
    "2021-12-31T00:00:00": {
      "Tax Effect Of Unusual Items": -14277166.57016,
      "Tax Rate For Calcs": 0.219649,
      "Total Unusual Items": -65000000.0,
      "Total Unusual Items Excluding Goodwill": -65000000.0,
      "Net Income From Continuing Operation Net Minority Interest": 4185000000.0,
      "Reconciled Depreciation": 1592000000.0,
      "Net Interest Income": 7993000000.0,
      "Interest Expense": 2480000000.0,
      "Interest Income": 10473000000.0,
      "Normalized Income": 4235722833.42984,
      "Net Income From Continuing And Discontinued Operation": 4185000000.0,
      "Diluted Average Shares": null,
      "Basic Average Shares": null,
      "Diluted EPS": null,
      "Basic EPS": null,
      "Diluted NI Availto Com Stockholders": 4185000000.0,
      "Net Income Common Stockholders": 4185000000.0,
      "Net Income": 4185000000.0,
      "Minority Interests": 142000000.0,
      "Net Income Including Noncontrolling Interests": 4043000000.0,
      "Net Income Extraordinary": -1003000000.0,
      "Net Income Discontinuous Operations": 0.0,
      "Net Income Continuous Operations": 4043000000.0,
      "Tax Provision": 1138000000.0,
      "Pretax Income": 5181000000.0,
      "Other Non Operating Income Expenses": 332000000.0,
      "Special Income Charges": -69000000.0,
      "Other Special Charges": -379000000.0,
      "Write Off": 26000000.0,
      "Impairment Of Capital Assets": 21000000.0,
      "Restructuring And Mergern Acquisition": 48000000.0,
      "Gain On Sale Of Security": 628000000.0,
      "Operating Expense": 14057000000.0,
      "Other Operating Expenses": 1665000000.0,
      "Depreciation And Amortization In Income Statement": 1593000000.0,
      "Amortization": 934000000.0,
      "Depreciation Income Statement": 659000000.0,
      "Selling General And Administration": 3406000000.0,
      "Selling And Marketing Expense": 154000000.0,
      "General And Administrative Expense": 3252000000.0,
      "Insurance And Claims": 62000000.0,
      "Rent And Landing Fees": 141000000.0,
      "Total Revenue": 21898000000.0,
      "Operating Revenue": 21898000000.0
    }
  },
  "quarterly_income": {
    "2025-12-31T00:00:00": {
      "Tax Effect Of Unusual Items": null,
      "Tax Rate For Calcs": null,
      "Total Unusual Items": null,
      "Total Unusual Items Excluding Goodwill": null,
      "Net Income From Continuing Operation Net Minority Interest": null,
      "Reconciled Depreciation": null,
      "Net Interest Income": null,
      "Interest Expense": null,
      "Interest Income": null,
      "Normalized Income": null,
      "Net Income From Continuing And Discontinued Operation": null,
      "Diluted Average Shares": 17386262670.0,
      "Basic Average Shares": 17386262670.0,
      "Diluted EPS": 0.099676,
      "Basic EPS": 0.099676,
      "Diluted NI Availto Com Stockholders": null,
      "Net Income Common Stockholders": null,
      "Net Income": null,
      "Minority Interests": null,
      "Net Income Including Noncontrolling Interests": null,
      "Net Income Discontinuous Operations": null,
      "Net Income Continuous Operations": null,
      "Tax Provision": null,
      "Pretax Income": null,
      "Special Income Charges": null,
      "Impairment Of Capital Assets": null,
      "Gain On Sale Of Security": null,
      "Operating Expense": null,
      "Other Operating Expenses": null,
      "Depreciation And Amortization In Income Statement": null,
      "Amortization": null,
      "Depreciation Income Statement": null,
      "Selling General And Administration": null,
      "General And Administrative Expense": null,
      "Total Revenue": null,
      "Operating Revenue": null
    },
    "2025-09-30T00:00:00": {
      "Tax Effect Of Unusual Items": -319404.693761,
      "Tax Rate For Calcs": 0.319405,
      "Total Unusual Items": -1000000.0,
      "Total Unusual Items Excluding Goodwill": -1000000.0,
      "Net Income From Continuing Operation Net Minority Interest": 2372000000.0,
      "Reconciled Depreciation": 424000000.0,
      "Net Interest Income": 4296000000.0,
      "Interest Expense": 2355000000.0,
      "Interest Income": 6651000000.0,
      "Normalized Income": 2372680595.306239,
      "Net Income From Continuing And Discontinued Operation": 2372000000.0,
      "Diluted Average Shares": null,
      "Basic Average Shares": null,
      "Diluted EPS": null,
      "Basic EPS": null,
      "Diluted NI Availto Com Stockholders": 2372000000.0,
      "Net Income Common Stockholders": 2372000000.0,
      "Net Income": 2372000000.0,
      "Minority Interests": -6000000.0,
      "Net Income Including Noncontrolling Interests": 2378000000.0,
      "Net Income Discontinuous Operations": 0.0,
      "Net Income Continuous Operations": 2378000000.0,
      "Tax Provision": 1116000000.0,
      "Pretax Income": 3494000000.0,
      "Special Income Charges": -1000000.0,
      "Impairment Of Capital Assets": 1000000.0,
      "Gain On Sale Of Security": -245000000.0,
      "Operating Expense": 3090000000.0,
      "Other Operating Expenses": 34000000.0,
      "Depreciation And Amortization In Income Statement": 424000000.0,
      "Amortization": 285000000.0,
      "Depreciation Income Statement": 139000000.0,
      "Selling General And Administration": 1007000000.0,
      "General And Administrative Expense": 1007000000.0,
      "Total Revenue": 6914000000.0,
      "Operating Revenue": 6914000000.0
    },
    "2025-06-30T00:00:00": {
      "Tax Effect Of Unusual Items": -315043.318456,
      "Tax Rate For Calcs": 0.315043,
      "Total Unusual Items": -1000000.0,
      "Total Unusual Items Excluding Goodwill": -1000000.0,
      "Net Income From Continuing Operation Net Minority Interest": 2601000000.0,
      "Reconciled Depreciation": 390000000.0,
      "Net Interest Income": 4470000000.0,
      "Interest Expense": 2577000000.0,
      "Interest Income": 7047000000.0,
      "Normalized Income": 2601684956.681544,
      "Net Income From Continuing And Discontinued Operation": 2601000000.0,
      "Diluted Average Shares": 17631105659.0,
      "Basic Average Shares": 17631105659.0,
      "Diluted EPS": 0.147523,
      "Basic EPS": 0.147523,
      "Diluted NI Availto Com Stockholders": 2601000000.0,
      "Net Income Common Stockholders": 2601000000.0,
      "Net Income": 2601000000.0,
      "Minority Interests": -8000000.0,
      "Net Income Including Noncontrolling Interests": 2609000000.0,
      "Net Income Discontinuous Operations": 0.0,
      "Net Income Continuous Operations": 2609000000.0,
      "Tax Provision": 1200000000.0,
      "Pretax Income": 3809000000.0,
      "Special Income Charges": -1000000.0,
      "Impairment Of Capital Assets": 1000000.0,
      "Gain On Sale Of Security": 2176000000.0,
      "Operating Expense": 3078000000.0,
      "Other Operating Expenses": 120000000.0,
      "Depreciation And Amortization In Income Statement": 390000000.0,
      "Amortization": 252000000.0,
      "Depreciation Income Statement": 138000000.0,
      "Selling General And Administration": 1019000000.0,
      "General And Administrative Expense": 1019000000.0,
      "Total Revenue": 7188000000.0,
      "Operating Revenue": 7188000000.0
    },
    "2025-03-31T00:00:00": {
      "Tax Effect Of Unusual Items": 315000.0,
      "Tax Rate For Calcs": 0.315,
      "Total Unusual Items": 1000000.0,
      "Total Unusual Items Excluding Goodwill": 1000000.0,
      "Net Income From Continuing Operation Net Minority Interest": 2615000000.0,
      "Reconciled Depreciation": 458000000.0,
      "Net Interest Income": 4231000000.0,
      "Interest Expense": 3120000000.0,
      "Interest Income": 7351000000.0,
      "Normalized Income": 2614315000.0,
      "Net Income From Continuing And Discontinued Operation": 2615000000.0,
      "Diluted Average Shares": 17778041443.0,
      "Basic Average Shares": 17778041443.0,
      "Diluted EPS": 0.147092,
      "Basic EPS": 0.147092,
      "Diluted NI Availto Com Stockholders": 2615000000.0,
      "Net Income Common Stockholders": 2615000000.0,
      "Net Income": 2615000000.0,
      "Minority Interests": -8000000.0,
      "Net Income Including Noncontrolling Interests": 2623000000.0,
      "Net Income Discontinuous Operations": 0.0,
      "Net Income Continuous Operations": 2623000000.0,
      "Tax Provision": 1176000000.0,
      "Pretax Income": 3799000000.0,
      "Special Income Charges": 1000000.0,
      "Impairment Of Capital Assets": -1000000.0,
      "Gain On Sale Of Security": -666000000.0,
      "Operating Expense": 2934000000.0,
      "Other Operating Expenses": -21000000.0,
      "Depreciation And Amortization In Income Statement": 458000000.0,
      "Amortization": 299000000.0,
      "Depreciation Income Statement": 159000000.0,
      "Selling General And Administration": 968000000.0,
      "General And Administrative Expense": 968000000.0,
      "Total Revenue": 6962000000.0,
      "Operating Revenue": 6962000000.0
    },
    "2024-12-31T00:00:00": {
      "Tax Effect Of Unusual Items": -9900687.070581,
      "Tax Rate For Calcs": 0.075578,
      "Total Unusual Items": -131000000.0,
      "Total Unusual Items Excluding Goodwill": -131000000.0,
      "Net Income From Continuing Operation Net Minority Interest": 1499000000.0,
      "Reconciled Depreciation": 509000000.0,
      "Net Interest Income": 4429000000.0,
      "Interest Expense": 3715000000.0,
      "Interest Income": 8144000000.0,
      "Normalized Income": 1620099312.929419,
      "Net Income From Continuing And Discontinued Operation": 1499000000.0,
      "Diluted Average Shares": 17778041443.0,
      "Basic Average Shares": 17778041443.0,
      "Diluted EPS": 0.084317,
      "Basic EPS": 0.084317,
      "Diluted NI Availto Com Stockholders": 1499000000.0,
      "Net Income Common Stockholders": 1499000000.0,
      "Net Income": 1499000000.0,
      "Minority Interests": 19000000.0,
      "Net Income Including Noncontrolling Interests": 1480000000.0,
      "Net Income Discontinuous Operations": 0.0,
      "Net Income Continuous Operations": 1480000000.0,
      "Tax Provision": 121000000.0,
      "Pretax Income": 1601000000.0,
      "Special Income Charges": -129000000.0,
      "Impairment Of Capital Assets": 76000000.0,
      "Gain On Sale Of Security": 973000000.0,
      "Operating Expense": 5269000000.0,
      "Other Operating Expenses": 2101000000.0,
      "Depreciation And Amortization In Income Statement": 509000000.0,
      "Amortization": 314000000.0,
      "Depreciation Income Statement": 195000000.0,
      "Selling General And Administration": -313000000.0,
      "General And Administrative Expense": -520000000.0,
      "Total Revenue": 7569000000.0,
      "Operating Revenue": 7569000000.0
    },
    "2024-09-30T00:00:00": {
      "Tax Effect Of Unusual Items": 323471.400394,
      "Tax Rate For Calcs": 0.323471,
      "Total Unusual Items": 1000000.0,
      "Total Unusual Items Excluding Goodwill": 1000000.0,
      "Net Income From Continuing Operation Net Minority Interest": 2401000000.0,
      "Reconciled Depreciation": 421000000.0,
      "Net Interest Income": 4542000000.0,
      "Interest Expense": 3942000000.0,
      "Interest Income": 8484000000.0,
      "Normalized Income": 2400323471.400394,
      "Net Income From Continuing And Discontinued Operation": 2401000000.0,
      "Diluted Average Shares": null,
      "Basic Average Shares": null,
      "Diluted EPS": null,
      "Basic EPS": null,
      "Diluted NI Availto Com Stockholders": 2401000000.0,
      "Net Income Common Stockholders": 2401000000.0,
      "Net Income": 2401000000.0,
      "Minority Interests": 0.0,
      "Net Income Including Noncontrolling Interests": 2401000000.0,
      "Net Income Discontinuous Operations": 0.0,
      "Net Income Continuous Operations": 2401000000.0,
      "Tax Provision": 1148000000.0,
      "Pretax Income": 3549000000.0,
      "Special Income Charges": 1000000.0,
      "Impairment Of Capital Assets": -1000000.0,
      "Gain On Sale Of Security": 571000000.0,
      "Operating Expense": 3209000000.0,
      "Other Operating Expenses": 159000000.0,
      "Depreciation And Amortization In Income Statement": 421000000.0,
      "Amortization": 266000000.0,
      "Depreciation Income Statement": 155000000.0,
      "Selling General And Administration": 985000000.0,
      "General And Administrative Expense": 985000000.0,
      "Total Revenue": 6957000000.0,
      "Operating Revenue": 6957000000.0
    },
    "2024-06-30T00:00:00": {
      "Tax Effect Of Unusual Items": null,
      "Tax Rate For Calcs": null,
      "Total Unusual Items": null,
      "Total Unusual Items Excluding Goodwill": null,
      "Net Income From Continuing Operation Net Minority Interest": null,
      "Reconciled Depreciation": null,
      "Net Interest Income": null,
      "Interest Expense": null,
      "Interest Income": null,
      "Normalized Income": null,
      "Net Income From Continuing And Discontinued Operation": null,
      "Diluted Average Shares": 18084914037.0,
      "Basic Average Shares": 18084914037.0,
      "Diluted EPS": 0.136301,
      "Basic EPS": 0.136301,
      "Diluted NI Availto Com Stockholders": null,
      "Net Income Common Stockholders": null,
      "Net Income": null,
      "Minority Interests": null,
      "Net Income Including Noncontrolling Interests": null,
      "Net Income Discontinuous Operations": null,
      "Net Income Continuous Operations": null,
      "Tax Provision": null,
      "Pretax Income": null,
      "Special Income Charges": null,
      "Impairment Of Capital Assets": null,
      "Gain On Sale Of Security": null,
      "Operating Expense": null,
      "Other Operating Expenses": null,
      "Depreciation And Amortization In Income Statement": null,
      "Amortization": null,
      "Depreciation Income Statement": null,
      "Selling General And Administration": null,
      "General And Administrative Expense": null,
      "Total Revenue": null,
      "Operating Revenue": null
    }
  },
  "balance_sheet": {
    "2024-12-31T00:00:00": {
      "Treasury Shares Number": 25629058.0,
      "Ordinary Shares Number": 17778041443.0,
      "Share Issued": 17803670501.0,
      "Net Debt": 94101000000.0,
      "Total Debt": 146573000000.0,
      "Tangible Book Value": 55316000000.0,
      "Invested Capital": 210652000000.0,
      "Net Tangible Assets": 55316000000.0,
      "Common Stock Equity": 65176000000.0,
      "Total Capitalization": 210652000000.0,
      "Total Equity Gross Minority Interest": 65321000000.0,
      "Minority Interest": 145000000.0,
      "Stockholders Equity": 65176000000.0,
      "Other Equity Interest": 8706000000.0,
      "Treasury Stock": 179000000.0,
      "Retained Earnings": 5644000000.0,
      "Additional Paid In Capital": 27601000000.0,
      "Capital Stock": 10369000000.0,
      "Common Stock": 10369000000.0,
      "Total Liabilities Net Minority Interest": 867964000000.0,
      "Derivative Product Liabilities": 36818000000.0,
      "Long Term Debt And Capital Lease Obligation": 146573000000.0,
      "Payables": 25976000000.0,
      "Other Payable": 21172000000.0,
      "Total Tax Payable": 3052000000.0,
      "Accounts Payable": 1752000000.0,
      "Total Assets": 933285000000.0,
      "Investments And Advances": 374031000000.0,
      "Investmentin Financial Assets": 370995000000.0,
      "Available For Sale Securities": 218473000000.0,
      "Financial Assets Designatedas Fair Value Through Profitor Loss Total": 108254000000.0,
      "Trading Securities": 16192000000.0,
      "Long Term Equity Investment": 3036000000.0,
      "Investment Properties": 770000000.0,
      "Goodwill And Other Intangible Assets": 9860000000.0,
      "Other Intangible Assets": 6163000000.0,
      "Goodwill": 3697000000.0,
      "Net PPE": 7969000000.0,
      "Gross PPE": 7969000000.0,
      "Other Properties": 1186000000.0,
      "Machinery Furniture Equipment": 253000000.0,
      "Buildings And Improvements": 4203000000.0,
      "Land And Improvements": 2327000000.0,
      "Receivables": 521000000.0,
      "Taxes Receivable": 29067000000.0,
      "Cash And Cash Equivalents": 51375000000.0,
      "Cash Financial": 3882000000.0,
      "Cash Cash Equivalents And Federal Funds Sold": 83682000000.0
    },
    "2023-12-31T00:00:00": {
      "Treasury Shares Number": 25956343.0,
      "Ordinary Shares Number": 18256842646.0,
      "Share Issued": 18282798989.0,
      "Net Debt": 42079000000.0,
      "Total Debt": 142127000000.0,
      "Tangible Book Value": 54439000000.0,
      "Invested Capital": 204873000000.0,
      "Net Tangible Assets": 54439000000.0,
      "Common Stock Equity": 63963000000.0,
      "Total Capitalization": 204873000000.0,
      "Total Equity Gross Minority Interest": 64127000000.0,
      "Minority Interest": 164000000.0,
      "Stockholders Equity": 63963000000.0,
      "Other Equity Interest": 7948000000.0,
      "Treasury Stock": 140000000.0,
      "Retained Earnings": 5095000000.0,
      "Additional Paid In Capital": 28003000000.0,
      "Capital Stock": 10369000000.0,
      "Common Stock": 10369000000.0,
      "Total Liabilities Net Minority Interest": 899443000000.0,
      "Derivative Product Liabilities": 33738000000.0,
      "Long Term Debt And Capital Lease Obligation": 142127000000.0,
      "Payables": 23940000000.0,
      "Other Payable": 23482000000.0,
      "Total Tax Payable": 458000000.0,
      "Accounts Payable": 1687000000.0,
      "Total Assets": 963570000000.0,
      "Investments And Advances": 352711000000.0,
      "Investmentin Financial Assets": 350210000000.0,
      "Available For Sale Securities": 205604000000.0,
      "Financial Assets Designatedas Fair Value Through Profitor Loss Total": 105227000000.0,
      "Trading Securities": 12548000000.0,
      "Long Term Equity Investment": 2501000000.0,
      "Investment Properties": 887000000.0,
      "Goodwill And Other Intangible Assets": 9524000000.0,
      "Other Intangible Assets": 5852000000.0,
      "Goodwill": 3672000000.0,
      "Net PPE": 8652000000.0,
      "Gross PPE": 8652000000.0,
      "Other Properties": 1286000000.0,
      "Machinery Furniture Equipment": 212000000.0,
      "Buildings And Improvements": 4519000000.0,
      "Land And Improvements": 2635000000.0,
      "Receivables": 516000000.0,
      "Taxes Receivable": 1932000000.0,
      "Cash And Cash Equivalents": 98831000000.0,
      "Cash Financial": 3934000000.0,
      "Cash Cash Equivalents And Federal Funds Sold": 124424000000.0
    },
    "2022-12-31T00:00:00": {
      "Treasury Shares Number": 23892236.0,
      "Ordinary Shares Number": 18964910924.0,
      "Share Issued": 18988803160.0,
      "Net Debt": null,
      "Total Debt": 98447000000.0,
      "Tangible Book Value": 51866000000.0,
      "Invested Capital": 158229000000.0,
      "Net Tangible Assets": 51866000000.0,
      "Common Stock Equity": 61103000000.0,
      "Total Capitalization": 158229000000.0,
      "Total Equity Gross Minority Interest": 61269000000.0,
      "Minority Interest": 166000000.0,
      "Stockholders Equity": 61103000000.0,
      "Other Equity Interest": 7211000000.0,
      "Treasury Stock": 124000000.0,
      "Retained Earnings": 2979000000.0,
      "Additional Paid In Capital": 28053000000.0,
      "Capital Stock": 10369000000.0,
      "Common Stock": 10369000000.0,
      "Total Liabilities Net Minority Interest": 913318000000.0,
      "Derivative Product Liabilities": 33978000000.0,
      "Long Term Debt And Capital Lease Obligation": 98447000000.0,
      "Payables": 28270000000.0,
      "Other Payable": 27967000000.0,
      "Total Tax Payable": 303000000.0,
      "Accounts Payable": 1884000000.0,
      "Total Assets": 974587000000.0,
      "Investments And Advances": 327724000000.0,
      "Investmentin Financial Assets": 325711000000.0,
      "Available For Sale Securities": 176679000000.0,
      "Financial Assets Designatedas Fair Value Through Profitor Loss Total": 106188000000.0,
      "Trading Securities": 11566000000.0,
      "Long Term Equity Investment": 2013000000.0,
      "Investment Properties": 770000000.0,
      "Goodwill And Other Intangible Assets": 9237000000.0,
      "Other Intangible Assets": 5611000000.0,
      "Goodwill": 3626000000.0,
      "Net PPE": 8864000000.0,
      "Gross PPE": 8864000000.0,
      "Other Properties": 1381000000.0,
      "Machinery Furniture Equipment": 194000000.0,
      "Buildings And Improvements": 4647000000.0,
      "Land And Improvements": 2642000000.0,
      "Receivables": 460000000.0,
      "Taxes Receivable": 3520000000.0,
      "Cash And Cash Equivalents": 122093000000.0,
      "Cash Financial": 3709000000.0,
      "Cash Cash Equivalents And Federal Funds Sold": 143399000000.0
    },
    "2021-12-31T00:00:00": {
      "Treasury Shares Number": 30629777.0,
      "Ordinary Shares Number": 19399833528.0,
      "Share Issued": 19430463305.0,
      "Net Debt": null,
      "Total Debt": 101215000000.0,
      "Tangible Book Value": 54433000000.0,
      "Invested Capital": 163603000000.0,
      "Net Tangible Assets": 54433000000.0,
      "Common Stock Equity": 63775000000.0,
      "Total Capitalization": 163603000000.0,
      "Total Equity Gross Minority Interest": 64066000000.0,
      "Minority Interest": 291000000.0,
      "Stockholders Equity": 63775000000.0,
      "Other Equity Interest": 6282000000.0,
      "Treasury Stock": 136000000.0,
      "Retained Earnings": 2786000000.0,
      "Additional Paid In Capital": 27286000000.0,
      "Capital Stock": 10084000000.0,
      "Common Stock": 10084000000.0,
      "Total Liabilities Net Minority Interest": 1004937000000.0,
      "Derivative Product Liabilities": 35506000000.0,
      "Long Term Debt And Capital Lease Obligation": 101215000000.0,
      "Payables": 13122000000.0,
      "Other Payable": 12759000000.0,
      "Total Tax Payable": 363000000.0,
      "Accounts Payable": 2272000000.0,
      "Total Assets": 1069003000000.0,
      "Investments And Advances": 172538000000.0,
      "Investmentin Financial Assets": 170886000000.0,
      "Available For Sale Securities": 117125000000.0,
      "Financial Assets Designatedas Fair Value Through Profitor Loss Total": 4474000000.0,
      "Trading Securities": 24043000000.0,
      "Long Term Equity Investment": 1652000000.0,
      "Investment Properties": 798000000.0,
      "Goodwill And Other Intangible Assets": 9342000000.0,
      "Other Intangible Assets": 5768000000.0,
      "Goodwill": 3574000000.0,
      "Net PPE": 9104000000.0,
      "Gross PPE": 9104000000.0,
      "Other Properties": 1295000000.0,
      "Machinery Furniture Equipment": 207000000.0,
      "Buildings And Improvements": 4937000000.0,
      "Land And Improvements": 2665000000.0,
      "Receivables": 71000000.0,
      "Taxes Receivable": 3555000000.0,
      "Cash And Cash Equivalents": 145844000000.0,
      "Cash Financial": 3463000000.0,
      "Cash Cash Equivalents And Federal Funds Sold": 173303000000.0
    }
  },
  "cashflow": {
    "2024-12-31T00:00:00": {
      "Free Cash Flow": -41856000000.0,
      "Repurchase Of Capital Stock": -1736000000.0,
      "Issuance Of Capital Stock": 355000000.0,
      "Capital Expenditure": -1669000000.0,
      "End Cash Position": 40533000000.0,
      "Beginning Cash Position": 89270000000.0,
      "Effect Of Exchange Rate Changes": -115000000.0,
      "Changes In Cash": -48622000000.0,
      "Financing Cash Flow": -7188000000.0,
      "Net Other Financing Charges": 23000000.0,
      "Cash Dividends Paid": -5830000000.0,
      "Common Stock Dividend Paid": -5830000000.0,
      "Net Common Stock Issuance": -1381000000.0,
      "Common Stock Payments": -1736000000.0,
      "Common Stock Issuance": 355000000.0,
      "Investing Cash Flow": -1247000000.0,
      "Dividends Received Cfi": 53000000.0,
      "Net Business Purchase And Sale": 286000000.0,
      "Sale Of Business": 321000000.0,
      "Purchase Of Business": -35000000.0,
      "Net Intangibles Purchase And Sale": -1379000000.0,
      "Sale Of Intangibles": 4000000.0,
      "Purchase Of Intangibles": -1383000000.0,
      "Net PPE Purchase And Sale": -207000000.0,
      "Sale Of PPE": 79000000.0,
      "Purchase Of PPE": -286000000.0,
      "Operating Cash Flow": -40187000000.0,
      "Change In Working Capital": -52663000000.0,
      "Change In Other Current Liabilities": null,
      "Change In Other Current Assets": 6351000000.0,
      "Other Non Cash Items": -4238000000.0,
      "Provisionand Write Offof Assets": 3382000000.0,
      "Deferred Tax": 1817000000.0,
      "Depreciation And Amortization": 1708000000.0,
      "Amortization Cash Flow": 1079000000.0,
      "Depreciation": 629000000.0,
      "Gain Loss On Investment Securities": 1148000000.0,
      "Net Income From Continuing Operations": 8659000000.0
    },
    "2023-12-31T00:00:00": {
      "Free Cash Flow": -18993000000.0,
      "Repurchase Of Capital Stock": -1709000000.0,
      "Issuance Of Capital Stock": 417000000.0,
      "Capital Expenditure": -1655000000.0,
      "End Cash Position": 89270000000.0,
      "Beginning Cash Position": 112924000000.0,
      "Effect Of Exchange Rate Changes": -136000000.0,
      "Changes In Cash": -23518000000.0,
      "Financing Cash Flow": -5592000000.0,
      "Net Other Financing Charges": -7000000.0,
      "Cash Dividends Paid": -4293000000.0,
      "Common Stock Dividend Paid": -4293000000.0,
      "Net Common Stock Issuance": -1292000000.0,
      "Common Stock Payments": -1709000000.0,
      "Common Stock Issuance": 417000000.0,
      "Investing Cash Flow": -588000000.0,
      "Dividends Received Cfi": 73000000.0,
      "Net Business Purchase And Sale": 288000000.0,
      "Sale Of Business": 421000000.0,
      "Purchase Of Business": -133000000.0,
      "Net Intangibles Purchase And Sale": -1248000000.0,
      "Sale Of Intangibles": 73000000.0,
      "Purchase Of Intangibles": -1321000000.0,
      "Net PPE Purchase And Sale": 299000000.0,
      "Sale Of PPE": 633000000.0,
      "Purchase Of PPE": -334000000.0,
      "Operating Cash Flow": -17338000000.0,
      "Change In Working Capital": -28077000000.0,
      "Change In Other Current Liabilities": null,
      "Change In Other Current Assets": 1613000000.0,
      "Other Non Cash Items": -999000000.0,
      "Provisionand Write Offof Assets": 2775000000.0,
      "Deferred Tax": 1297000000.0,
      "Depreciation And Amortization": 1657000000.0,
      "Amortization Cash Flow": 973000000.0,
      "Depreciation": 684000000.0,
      "Gain Loss On Investment Securities": -1743000000.0,
      "Net Income From Continuing Operations": 7752000000.0
    },
    "2022-12-31T00:00:00": {
      "Free Cash Flow": 100428000000.0,
      "Repurchase Of Capital Stock": -1118000000.0,
      "Issuance Of Capital Stock": 616000000.0,
      "Capital Expenditure": -1848000000.0,
      "End Cash Position": 112924000000.0,
      "Beginning Cash Position": 14756000000.0,
      "Effect Of Exchange Rate Changes": -52000000.0,
      "Changes In Cash": 98220000000.0,
      "Financing Cash Flow": -3518000000.0,
      "Net Other Financing Charges": -50000000.0,
      "Cash Dividends Paid": -2966000000.0,
      "Common Stock Dividend Paid": -2966000000.0,
      "Net Common Stock Issuance": -502000000.0,
      "Common Stock Payments": -1118000000.0,
      "Common Stock Issuance": 616000000.0,
      "Investing Cash Flow": -538000000.0,
      "Dividends Received Cfi": 79000000.0,
      "Net Business Purchase And Sale": 1150000000.0,
      "Sale Of Business": 1367000000.0,
      "Purchase Of Business": -217000000.0,
      "Net Intangibles Purchase And Sale": -1269000000.0,
      "Sale Of Intangibles": 3000000.0,
      "Purchase Of Intangibles": -1272000000.0,
      "Net PPE Purchase And Sale": -498000000.0,
      "Sale Of PPE": 78000000.0,
      "Purchase Of PPE": -576000000.0,
      "Operating Cash Flow": 102276000000.0,
      "Change In Working Capital": 91108000000.0,
      "Change In Other Current Liabilities": null,
      "Change In Other Current Assets": -18545000000.0,
      "Other Non Cash Items": -889000000.0,
      "Provisionand Write Offof Assets": 4065000000.0,
      "Deferred Tax": 1373000000.0,
      "Depreciation And Amortization": 1684000000.0,
      "Amortization Cash Flow": null,
      "Depreciation": 1684000000.0,
      "Gain Loss On Investment Securities": 533000000.0,
      "Net Income From Continuing Operations": 4402000000.0
    },
    "2021-12-31T00:00:00": {
      "Free Cash Flow": 6913000000.0,
      "Repurchase Of Capital Stock": -1538000000.0,
      "Issuance Of Capital Stock": null,
      "Capital Expenditure": -1892000000.0,
      "End Cash Position": 14756000000.0,
      "Beginning Cash Position": 13733000000.0,
      "Effect Of Exchange Rate Changes": 37000000.0,
      "Changes In Cash": 986000000.0,
      "Financing Cash Flow": -5593000000.0,
      "Net Other Financing Charges": -14000000.0,
      "Cash Dividends Paid": -4041000000.0,
      "Common Stock Dividend Paid": -4041000000.0,
      "Net Common Stock Issuance": -1538000000.0,
      "Common Stock Payments": -1538000000.0,
      "Common Stock Issuance": null,
      "Investing Cash Flow": -2226000000.0,
      "Dividends Received Cfi": 48000000.0,
      "Net Business Purchase And Sale": -496000000.0,
      "Sale Of Business": 4000000.0,
      "Purchase Of Business": -500000000.0,
      "Net Intangibles Purchase And Sale": -1021000000.0,
      "Sale Of Intangibles": 96000000.0,
      "Purchase Of Intangibles": -1117000000.0,
      "Net PPE Purchase And Sale": -757000000.0,
      "Sale Of PPE": 18000000.0,
      "Purchase Of PPE": -775000000.0,
      "Operating Cash Flow": 8805000000.0,
      "Change In Working Capital": -2049000000.0,
      "Change In Other Current Liabilities": -9061000000.0,
      "Change In Other Current Assets": -3958000000.0,
      "Other Non Cash Items": -329000000.0,
      "Provisionand Write Offof Assets": 3995000000.0,
      "Deferred Tax": 1638000000.0,
      "Depreciation And Amortization": 1592000000.0,
      "Amortization Cash Flow": null,
      "Depreciation": 1592000000.0,
      "Gain Loss On Investment Securities": -85000000.0,
      "Net Income From Continuing Operations": 4043000000.0
    }
  },
  "earnings_estimate": {
    "avg": {
      "0q": 0.16132,
      "+1q": 0.15881,
      "0y": 0.57637,
      "+1y": 0.62312
    },
    "low": {
      "0q": 0.1551,
      "+1q": 0.15391,
      "0y": 0.54,
      "+1y": 0.5
    },
    "high": {
      "0q": 0.16755,
      "+1q": 0.16371,
      "0y": 0.62132,
      "+1y": 0.67927
    },
    "numberOfAnalysts": {
      "0q": 2,
      "+1q": 2,
      "0y": 12,
      "+1y": 13
    },
    "yearAgoEps": {
      "0q": null,
      "+1q": 0.147,
      "0y": 0.53,
      "+1y": 0.57637
    },
    "growth": {
      "0q": null,
      "+1q": 0.080299996,
      "0y": 0.0875,
      "+1y": 0.081099994
    }
  },
  "revenue_estimate": {
    "avg": {
      "0q": 6934940340,
      "+1q": 7023032870,
      "0y": 28165454410,
      "+1y": 28918820090
    },
    "low": {
      "0q": 6859976000,
      "+1q": 7001503000,
      "0y": 27901000000,
      "+1y": 26064000000
    },
    "high": {
      "0q": 7009904680,
      "+1q": 7044562740,
      "0y": 28490008190,
      "+1y": 29693058290
    },
    "numberOfAnalysts": {
      "0q": 2,
      "+1q": 2,
      "0y": 16,
      "+1y": 17
    },
    "yearAgoRevenue": {
      "0q": 6792000000,
      "+1q": 6997000000,
      "0y": 27270000000,
      "+1y": 28165454410
    },
    "growth": {
      "0q": 0.021,
      "+1q": 0.0037,
      "0y": 0.0328,
      "+1y": 0.026700001
    }
  },
  "growth_estimates": {
    "stockTrend": {
      "0q": null,
      "+1q": 0.080299996,
      "0y": 0.0875,
      "+1y": 0.081099994,
      "LTG": null
    },
    "indexTrend": {
      "0q": 0.1273,
      "+1q": 0.103599995,
      "0y": 0.14310001,
      "+1y": 0.1557,
      "LTG": 0.122
    }
  },
  "revenue_forecasts": null,
  "dividend_rate": 0.38,
  "trailing_dividend_rate": 0.0
}