{
  "ticker": "JNJ",
  "name": "Johnson & Johnson",
  "country": "usa",
  "currency": "USD",
  "last_fetched": "2026-02-26T20:45:15.978282",
  "market_cap": 585593389056,
  "revenue": 94193000448,
  "net_income": 26804000768,
  "pe_ratio": 22.030373,
  "forward_pe": 19.374239,
  "dividend_yield": 2.12,
  "profit_margin": 0.28456,
  "roe": 0.35029998,
  "debt_to_equity": 60.499,
  "beta": 0.347,
  "ev_to_ebitda": 18.326,
  "sector": "Healthcare",
  "industry": "Drug Manufacturers - General",
  "summary": "Johnson & Johnson, together with its subsidiaries, engages in the research and development, manufacture, and sale of a range of products in the healthcare field worldwide. It operates in two segments, Innovative Medicine and MedTech. The Innovative Medicine segment offers products for various therapeutic areas, such as oncology, immunology, neuroscience, pulmonary hypertension, infectious diseases, and cardiovascular and metabolism distributed through retailers, wholesalers, distributors, hospitals, and healthcare professionals for prescription use. The MedTech segment provides a portfolio of products used in the surgery, orthopedic, cardiovascular, and vision fields distributed through wholesalers, hospitals and retailers, and used in the professional fields by physicians, nurses, hospitals, eye care professionals and clinics. This segment also offers products and enabling technologies that support joint reconstruction, trauma, spine, sports related injuries, and others, as well as open, laparoscopic, and robotic surgical procedures; instrumentation, energy devices, stapling systems, wound closure, biosurgery products, and digital and robotic technologies; breast aesthetics and reconstruction; contact lenses under the ACUVUE brand; intraocular lenses for cataract surgery, and other products used in cataract and refractive procedures under the TECNIS brand. The company was founded in 1886 and is based in New Brunswick, New Jersey.",
  "website": "https://www.jnj.com",
  "employees": 138200,
  "target_high": 265.0,
  "target_low": 155.0,
  "target_mean": 232.50166,
  "target_median": 237.0,
  "recommendation": "buy",
  "num_analysts": 24,
  "income_stmt": {
    "2025-12-31T00:00:00": {
      "Tax Effect Of Unusual Items": 1044544581.197631,
      "Tax Rate For Calcs": 0.177312,
      "Normalized EBITDA": 35164000000.0,
      "Total Unusual Items": 5891000000.0,
      "Total Unusual Items Excluding Goodwill": 5891000000.0,
      "Net Income From Continuing Operation Net Minority Interest": 26804000000.0,
      "Reconciled Depreciation": 7503000000.0,
      "Reconciled Cost Of Revenue": 30256000000.0,
      "EBITDA": 41055000000.0,
      "EBIT": 33552000000.0,
      "Net Interest Income": 85000000.0,
      "Interest Expense": 971000000.0,
      "Interest Income": 1056000000.0,
      "Normalized Income": 21957544581.19763,
      "Net Income From Continuing And Discontinued Operation": 26804000000.0,
      "Total Expenses": 68597000000.0,
      "Diluted Average Shares": 2429400000.0,
      "Basic Average Shares": 2407939000.0,
      "Diluted EPS": 11.03,
      "Basic EPS": 11.131511,
      "Diluted NI Availto Com Stockholders": 26804000000.0,
      "Net Income Common Stockholders": 26804000000.0,
      "Net Income": 26804000000.0,
      "Net Income Including Noncontrolling Interests": 26804000000.0,
      "Net Income Discontinuous Operations": 0.0,
      "Net Income Continuous Operations": 26804000000.0,
      "Tax Provision": 5777000000.0,
      "Pretax Income": 32581000000.0,
      "Other Income Expense": 6891000000.0,
      "Other Non Operating Income Expenses": 1000000000.0,
      "Special Income Charges": 5491000000.0,
      "Other Special Charges": -6000000000.0,
      "Impairment Of Capital Assets": 81000000.0,
      "Restructuring And Mergern Acquisition": 428000000.0,
      "Gain On Sale Of Security": 400000000.0,
      "Net Non Operating Interest Income Expense": 85000000.0,
      "Interest Expense Non Operating": 971000000.0,
      "Interest Income Non Operating": 1056000000.0,
      "Operating Income": 25596000000.0,
      "Operating Expense": 38341000000.0,
      "Research And Development": 14665000000.0,
      "Selling General And Administration": 23676000000.0,
      "General And Administrative Expense": null,
      "Other Gand A": null,
      "Salaries And Wages": null,
      "Gross Profit": 63937000000.0,
      "Cost Of Revenue": 30256000000.0,
      "Total Revenue": 94193000000.0,
      "Operating Revenue": 94193000000.0
    },
    "2024-12-31T00:00:00": {
      "Tax Effect Of Unusual Items": -1106546713.010128,
      "Tax Rate For Calcs": 0.157068,
      "Normalized EBITDA": 31826000000.0,
      "Total Unusual Items": -7045000000.0,
      "Total Unusual Items Excluding Goodwill": -7045000000.0,
      "Net Income From Continuing Operation Net Minority Interest": 14066000000.0,
      "Reconciled Depreciation": 7339000000.0,
      "Reconciled Cost Of Revenue": 27471000000.0,
      "EBITDA": 24781000000.0,
      "EBIT": 17442000000.0,
      "Net Interest Income": 577000000.0,
      "Interest Expense": 755000000.0,
      "Interest Income": 1332000000.0,
      "Normalized Income": 20004453286.989872,
      "Net Income From Continuing And Discontinued Operation": 14066000000.0,
      "Total Expenses": 67572000000.0,
      "Diluted Average Shares": 2429400000.0,
      "Basic Average Shares": 2407300000.0,
      "Diluted EPS": 5.79,
      "Basic EPS": 5.84,
      "Diluted NI Availto Com Stockholders": 14066000000.0,
      "Net Income Common Stockholders": 14066000000.0,
      "Net Income": 14066000000.0,
      "Net Income Including Noncontrolling Interests": 14066000000.0,
      "Net Income Discontinuous Operations": 0.0,
      "Net Income Continuous Operations": 14066000000.0,
      "Tax Provision": 2621000000.0,
      "Pretax Income": 16687000000.0,
      "Other Income Expense": -5145000000.0,
      "Other Non Operating Income Expenses": 1900000000.0,
      "Special Income Charges": -6745000000.0,
      "Other Special Charges": 5500000000.0,
      "Impairment Of Capital Assets": 211000000.0,
      "Restructuring And Mergern Acquisition": 1034000000.0,
      "Gain On Sale Of Security": -300000000.0,
      "Net Non Operating Interest Income Expense": 577000000.0,
      "Interest Expense Non Operating": 755000000.0,
      "Interest Income Non Operating": 1332000000.0,
      "Operating Income": 21249000000.0,
      "Operating Expense": 40101000000.0,
      "Research And Development": 17232000000.0,
      "Selling General And Administration": 22869000000.0,
      "General And Administrative Expense": 22869000000.0,
      "Other Gand A": 22869000000.0,
      "Salaries And Wages": -900000000.0,
      "Gross Profit": 61350000000.0,
      "Cost Of Revenue": 27471000000.0,
      "Total Revenue": 88821000000.0,
      "Operating Revenue": 88821000000.0
    },
    "2023-12-31T00:00:00": {
      "Tax Effect Of Unusual Items": -92230000.0,
      "Tax Rate For Calcs": 0.115,
      "Normalized EBITDA": 24122000000.0,
      "Total Unusual Items": -802000000.0,
      "Total Unusual Items Excluding Goodwill": -802000000.0,
      "Net Income From Continuing Operation Net Minority Interest": 13326000000.0,
      "Reconciled Depreciation": 7486000000.0,
      "Reconciled Cost Of Revenue": 26553000000.0,
      "EBITDA": 23320000000.0,
      "EBIT": 15834000000.0,
      "Net Interest Income": 489000000.0,
      "Interest Expense": 772000000.0,
      "Interest Income": 1261000000.0,
      "Normalized Income": 14035770000.0,
      "Net Income From Continuing And Discontinued Operation": 35153000000.0,
      "Total Expenses": 63150000000.0,
      "Diluted Average Shares": 2560400000.0,
      "Basic Average Shares": 2533500000.0,
      "Diluted EPS": 13.72,
      "Basic EPS": 13.88,
      "Diluted NI Availto Com Stockholders": 35153000000.0,
      "Net Income Common Stockholders": 35153000000.0,
      "Net Income": 35153000000.0,
      "Net Income Including Noncontrolling Interests": 35153000000.0,
      "Net Income Discontinuous Operations": 21827000000.0,
      "Net Income Continuous Operations": 13326000000.0,
      "Tax Provision": 1736000000.0,
      "Pretax Income": 15062000000.0,
      "Other Income Expense": -7436000000.0,
      "Other Non Operating Income Expenses": -6634000000.0,
      "Special Income Charges": -802000000.0,
      "Other Special Charges": 7300000000.0,
      "Impairment Of Capital Assets": 313000000.0,
      "Restructuring And Mergern Acquisition": 489000000.0,
      "Gain On Sale Of Security": -600000000.0,
      "Net Non Operating Interest Income Expense": 489000000.0,
      "Interest Expense Non Operating": 772000000.0,
      "Interest Income Non Operating": 1261000000.0,
      "Operating Income": 22009000000.0,
      "Operating Expense": 36597000000.0,
      "Research And Development": 15085000000.0,
      "Selling General And Administration": 21512000000.0,
      "General And Administrative Expense": 21512000000.0,
      "Other Gand A": 21512000000.0,
      "Salaries And Wages": -1400000000.0,
      "Gross Profit": 58606000000.0,
      "Cost Of Revenue": 26553000000.0,
      "Total Revenue": 85159000000.0,
      "Operating Revenue": 85159000000.0
    },
    "2022-12-31T00:00:00": {
      "Tax Effect Of Unusual Items": -162932000.0,
      "Tax Rate For Calcs": 0.154,
      "Normalized EBITDA": 27663000000.0,
      "Total Unusual Items": -1058000000.0,
      "Total Unusual Items Excluding Goodwill": -1058000000.0,
      "Net Income From Continuing Operation Net Minority Interest": 16370000000.0,
      "Reconciled Depreciation": 6970000000.0,
      "Reconciled Cost Of Revenue": 24596000000.0,
      "EBITDA": 26605000000.0,
      "EBIT": 19635000000.0,
      "Net Interest Income": 214000000.0,
      "Interest Expense": 276000000.0,
      "Interest Income": 490000000.0,
      "Normalized Income": 17265068000.0,
      "Net Income From Continuing And Discontinued Operation": 17941000000.0,
      "Total Expenses": 58977000000.0,
      "Diluted Average Shares": 2663900000.0,
      "Basic Average Shares": 2613597000.0,
      "Diluted EPS": 6.73,
      "Basic EPS": 6.862158,
      "Diluted NI Availto Com Stockholders": 17941000000.0,
      "Net Income Common Stockholders": 17941000000.0,
      "Net Income": 17941000000.0,
      "Net Income Including Noncontrolling Interests": 17941000000.0,
      "Net Income Discontinuous Operations": 1571000000.0,
      "Net Income Continuous Operations": 16370000000.0,
      "Tax Provision": 2989000000.0,
      "Pretax Income": 19359000000.0,
      "Other Income Expense": -1868000000.0,
      "Other Non Operating Income Expenses": -810000000.0,
      "Special Income Charges": -1058000000.0,
      "Other Special Charges": 2600000000.0,
      "Impairment Of Capital Assets": 783000000.0,
      "Restructuring And Mergern Acquisition": 275000000.0,
      "Gain On Sale Of Security": -700000000.0,
      "Net Non Operating Interest Income Expense": 214000000.0,
      "Interest Expense Non Operating": 276000000.0,
      "Interest Income Non Operating": 490000000.0,
      "Operating Income": 21013000000.0,
      "Operating Expense": 34381000000.0,
      "Research And Development": 14135000000.0,
      "Selling General And Administration": 20246000000.0,
      "General And Administrative Expense": 20246000000.0,
      "Other Gand A": 20246000000.0,
      "Salaries And Wages": -1200000000.0,
      "Gross Profit": 55394000000.0,
      "Cost Of Revenue": 24596000000.0,
      "Total Revenue": 79990000000.0,
      "Operating Revenue": 79990000000.0
    },
    "2021-12-31T00:00:00": {
      "Tax Effect Of Unusual Items": null,
      "Tax Rate For Calcs": null,
      "Normalized EBITDA": null,
      "Total Unusual Items": null,
      "Total Unusual Items Excluding Goodwill": null,
      "Net Income From Continuing Operation Net Minority Interest": null,
      "Reconciled Depreciation": null,
      "Reconciled Cost Of Revenue": null,
      "EBITDA": null,
      "EBIT": null,
      "Net Interest Income": null,
      "Interest Expense": null,
      "Interest Income": null,
      "Normalized Income": null,
      "Net Income From Continuing And Discontinued Operation": null,
      "Total Expenses": null,
      "Diluted Average Shares": null,
      "Basic Average Shares": null,
      "Diluted EPS": null,
      "Basic EPS": null,
      "Diluted NI Availto Com Stockholders": null,
      "Net Income Common Stockholders": null,
      "Net Income": null,
      "Net Income Including Noncontrolling Interests": null,
      "Net Income Discontinuous Operations": null,
      "Net Income Continuous Operations": null,
      "Tax Provision": null,
      "Pretax Income": null,
      "Other Income Expense": null,
      "Other Non Operating Income Expenses": null,
      "Special Income Charges": null,
      "Other Special Charges": null,
      "Impairment Of Capital Assets": null,
      "Restructuring And Mergern Acquisition": null,
      "Gain On Sale Of Security": null,
      "Net Non Operating Interest Income Expense": null,
      "Interest Expense Non Operating": null,
      "Interest Income Non Operating": null,
      "Operating Income": null,
      "Operating Expense": null,
      "Research And Development": null,
      "Selling General And Administration": null,
      "General And Administrative Expense": 20118000000.0,
      "Other Gand A": 20118000000.0,
      "Salaries And Wages": -600000000.0,
      "Gross Profit": null,
      "Cost Of Revenue": null,
      "Total Revenue": null,
      "Operating Revenue": null
    }
  },
  "quarterly_income": {
    "2025-12-31T00:00:00": {
      "Tax Effect Of Unusual Items": -160650000.0,
      "Tax Rate For Calcs": 0.21,
      "Normalized EBITDA": 7956000000.0,
      "Total Unusual Items": -765000000.0,
      "Total Unusual Items Excluding Goodwill": -765000000.0,
      "Net Income From Continuing Operation Net Minority Interest": 5116000000.0,
      "Reconciled Depreciation": 2011000000.0,
      "Reconciled Cost Of Revenue": 7968000000.0,
      "EBITDA": 7191000000.0,
      "EBIT": 5180000000.0,
      "Net Interest Income": 23000000.0,
      "Interest Expense": 214000000.0,
      "Interest Income": 237000000.0,
      "Normalized Income": 5720350000.0,
      "Net Income From Continuing And Discontinued Operation": 5116000000.0,
      "Total Expenses": 18973000000.0,
      "Diluted Average Shares": 2439000000.0,
      "Basic Average Shares": 2407939000.0,
      "Diluted EPS": 2.1,
      "Basic EPS": 2.124639,
      "Diluted NI Availto Com Stockholders": 5116000000.0,
      "Net Income Common Stockholders": 5116000000.0,
      "Net Income": 5116000000.0,
      "Net Income Including Noncontrolling Interests": 5116000000.0,
      "Net Income Discontinuous Operations": null,
      "Net Income Continuous Operations": 5116000000.0,
      "Tax Provision": -150000000.0,
      "Pretax Income": 4966000000.0,
      "Other Income Expense": -665000000.0,
      "Other Non Operating Income Expenses": 100000000.0,
      "Special Income Charges": -865000000.0,
      "Other Special Charges": 900000000.0,
      "Write Off": null,
      "Restructuring And Mergern Acquisition": -116000000.0,
      "Gain On Sale Of Security": 100000000.0,
      "Net Non Operating Interest Income Expense": 23000000.0,
      "Interest Expense Non Operating": 214000000.0,
      "Interest Income Non Operating": 237000000.0,
      "Operating Income": 5591000000.0,
      "Operating Expense": 11005000000.0,
      "Research And Development": 4252000000.0,
      "Selling General And Administration": 6753000000.0,
      "General And Administrative Expense": null,
      "Other Gand A": null,
      "Salaries And Wages": null,
      "Gross Profit": 16596000000.0,
      "Cost Of Revenue": 7968000000.0,
      "Total Revenue": 24564000000.0,
      "Operating Revenue": 24564000000.0
    },
    "2025-09-30T00:00:00": {
      "Tax Effect Of Unusual Items": 74044708.394502,
      "Tax Rate For Calcs": 0.312425,
      "Normalized EBITDA": 9278000000.0,
      "Total Unusual Items": 237000000.0,
      "Total Unusual Items Excluding Goodwill": 237000000.0,
      "Net Income From Continuing Operation Net Minority Interest": 5152000000.0,
      "Reconciled Depreciation": 1777000000.0,
      "Reconciled Cost Of Revenue": 7303000000.0,
      "EBITDA": 9515000000.0,
      "EBIT": 7738000000.0,
      "Net Interest Income": -18000000.0,
      "Interest Expense": 245000000.0,
      "Interest Income": 227000000.0,
      "Normalized Income": 4989044708.394502,
      "Net Income From Continuing And Discontinued Operation": 5152000000.0,
      "Total Expenses": 16897000000.0,
      "Diluted Average Shares": 2428600000.0,
      "Basic Average Shares": 2406195000.0,
      "Diluted EPS": 2.12,
      "Basic EPS": 2.14114,
      "Diluted NI Availto Com Stockholders": 5152000000.0,
      "Net Income Common Stockholders": 5152000000.0,
      "Net Income": 5152000000.0,
      "Net Income Including Noncontrolling Interests": 5152000000.0,
      "Net Income Discontinuous Operations": null,
      "Net Income Continuous Operations": 5152000000.0,
      "Tax Provision": 2341000000.0,
      "Pretax Income": 7493000000.0,
      "Other Income Expense": 437000000.0,
      "Other Non Operating Income Expenses": 200000000.0,
      "Special Income Charges": -163000000.0,
      "Other Special Charges": null,
      "Write Off": null,
      "Restructuring And Mergern Acquisition": 163000000.0,
      "Gain On Sale Of Security": 400000000.0,
      "Net Non Operating Interest Income Expense": -18000000.0,
      "Interest Expense Non Operating": 245000000.0,
      "Interest Income Non Operating": 227000000.0,
      "Operating Income": 7096000000.0,
      "Operating Expense": 9594000000.0,
      "Research And Development": 3672000000.0,
      "Selling General And Administration": 5922000000.0,
      "General And Administrative Expense": 5922000000.0,
      "Other Gand A": 5922000000.0,
      "Salaries And Wages": -100000000.0,
      "Gross Profit": 16690000000.0,
      "Cost Of Revenue": 7303000000.0,
      "Total Revenue": 23993000000.0,
      "Operating Revenue": 23993000000.0
    },
    "2025-06-30T00:00:00": {
      "Tax Effect Of Unusual Items": -68195347.404098,
      "Tax Rate For Calcs": 0.146973,
      "Normalized EBITDA": 9206000000.0,
      "Total Unusual Items": -464000000.0,
      "Total Unusual Items Excluding Goodwill": -464000000.0,
      "Net Income From Continuing Operation Net Minority Interest": 5537000000.0,
      "Reconciled Depreciation": 1943000000.0,
      "Reconciled Cost Of Revenue": 7628000000.0,
      "EBITDA": 8742000000.0,
      "EBIT": 6799000000.0,
      "Net Interest Income": -48000000.0,
      "Interest Expense": 308000000.0,
      "Interest Income": 260000000.0,
      "Normalized Income": 5932804652.595902,
      "Net Income From Continuing And Discontinued Operation": 5537000000.0,
      "Total Expenses": 17033000000.0,
      "Diluted Average Shares": 2419100000.0,
      "Basic Average Shares": 2406779000.0,
      "Diluted EPS": 2.29,
      "Basic EPS": 2.300585,
      "Diluted NI Availto Com Stockholders": 5537000000.0,
      "Net Income Common Stockholders": 5537000000.0,
      "Net Income": 5537000000.0,
      "Net Income Including Noncontrolling Interests": 5537000000.0,
      "Net Income Discontinuous Operations": null,
      "Net Income Continuous Operations": 5537000000.0,
      "Tax Provision": 954000000.0,
      "Pretax Income": 6491000000.0,
      "Other Income Expense": -164000000.0,
      "Other Non Operating Income Expenses": 300000000.0,
      "Special Income Charges": -464000000.0,
      "Other Special Charges": 300000000.0,
      "Write Off": 0.0,
      "Restructuring And Mergern Acquisition": 164000000.0,
      "Gain On Sale Of Security": null,
      "Net Non Operating Interest Income Expense": -48000000.0,
      "Interest Expense Non Operating": 308000000.0,
      "Interest Income Non Operating": 260000000.0,
      "Operating Income": 6710000000.0,
      "Operating Expense": 9405000000.0,
      "Research And Development": 3516000000.0,
      "Selling General And Administration": 5889000000.0,
      "General And Administrative Expense": 5889000000.0,
      "Other Gand A": 5889000000.0,
      "Salaries And Wages": -100000000.0,
      "Gross Profit": 16115000000.0,
      "Cost Of Revenue": 7628000000.0,
      "Total Revenue": 23743000000.0,
      "Operating Revenue": 23743000000.0
    },
    "2025-03-31T00:00:00": {
      "Tax Effect Of Unusual Items": 1328419000.0,
      "Tax Rate For Calcs": 0.193,
      "Normalized EBITDA": 8724000000.0,
      "Total Unusual Items": 6883000000.0,
      "Total Unusual Items Excluding Goodwill": 6883000000.0,
      "Net Income From Continuing Operation Net Minority Interest": 10999000000.0,
      "Reconciled Depreciation": 1772000000.0,
      "Reconciled Cost Of Revenue": 7357000000.0,
      "EBITDA": 15607000000.0,
      "EBIT": 13835000000.0,
      "Net Interest Income": 128000000.0,
      "Interest Expense": 204000000.0,
      "Interest Income": 332000000.0,
      "Normalized Income": 5444419000.0,
      "Net Income From Continuing And Discontinued Operation": 10999000000.0,
      "Total Expenses": 15694000000.0,
      "Diluted Average Shares": 2423800000.0,
      "Basic Average Shares": 2405625000.0,
      "Diluted EPS": 4.54,
      "Basic EPS": 4.572201,
      "Diluted NI Availto Com Stockholders": 10999000000.0,
      "Net Income Common Stockholders": 10999000000.0,
      "Net Income": 10999000000.0,
      "Net Income Including Noncontrolling Interests": 10999000000.0,
      "Net Income Discontinuous Operations": null,
      "Net Income Continuous Operations": 10999000000.0,
      "Tax Provision": 2632000000.0,
      "Pretax Income": 13631000000.0,
      "Other Income Expense": 7304000000.0,
      "Other Non Operating Income Expenses": 421000000.0,
      "Special Income Charges": 6883000000.0,
      "Other Special Charges": -7000000000.0,
      "Write Off": null,
      "Restructuring And Mergern Acquisition": 117000000.0,
      "Gain On Sale Of Security": null,
      "Net Non Operating Interest Income Expense": 128000000.0,
      "Interest Expense Non Operating": 204000000.0,
      "Interest Income Non Operating": 332000000.0,
      "Operating Income": 6199000000.0,
      "Operating Expense": 8337000000.0,
      "Research And Development": 3225000000.0,
      "Selling General And Administration": 5112000000.0,
      "General And Administrative Expense": 5112000000.0,
      "Other Gand A": 5112000000.0,
      "Salaries And Wages": -100000000.0,
      "Gross Profit": 14536000000.0,
      "Cost Of Revenue": 7357000000.0,
      "Total Revenue": 21893000000.0,
      "Operating Revenue": 21893000000.0
    },
    "2024-12-31T00:00:00": {
      "Tax Effect Of Unusual Items": -6921533.316182,
      "Tax Rate For Calcs": 0.117314,
      "Normalized EBITDA": 5979000000.0,
      "Total Unusual Items": -59000000.0,
      "Total Unusual Items Excluding Goodwill": -59000000.0,
      "Net Income From Continuing Operation Net Minority Interest": 3431000000.0,
      "Reconciled Depreciation": 1896000000.0,
      "Reconciled Cost Of Revenue": 7128000000.0,
      "EBITDA": 5920000000.0,
      "EBIT": 4024000000.0,
      "Net Interest Income": 144000000.0,
      "Interest Expense": 137000000.0,
      "Interest Income": 281000000.0,
      "Normalized Income": 3483078466.683818,
      "Net Income From Continuing And Discontinued Operation": 3431000000.0,
      "Total Expenses": 18879000000.0,
      "Diluted Average Shares": 2427100000.0,
      "Basic Average Shares": 2406922000.0,
      "Diluted EPS": 1.41,
      "Basic EPS": 1.425472,
      "Diluted NI Availto Com Stockholders": 3431000000.0,
      "Net Income Common Stockholders": 3431000000.0,
      "Net Income": 3431000000.0,
      "Net Income Including Noncontrolling Interests": 3431000000.0,
      "Net Income Discontinuous Operations": 0.0,
      "Net Income Continuous Operations": 3431000000.0,
      "Tax Provision": 456000000.0,
      "Pretax Income": 3887000000.0,
      "Other Income Expense": 141000000.0,
      "Other Non Operating Income Expenses": 200000000.0,
      "Special Income Charges": -159000000.0,
      "Other Special Charges": 0.0,
      "Write Off": null,
      "Restructuring And Mergern Acquisition": 142000000.0,
      "Gain On Sale Of Security": 100000000.0,
      "Net Non Operating Interest Income Expense": 144000000.0,
      "Interest Expense Non Operating": 137000000.0,
      "Interest Income Non Operating": 281000000.0,
      "Operating Income": 3641000000.0,
      "Operating Expense": 11751000000.0,
      "Research And Development": 5298000000.0,
      "Selling General And Administration": 6453000000.0,
      "General And Administrative Expense": 6453000000.0,
      "Other Gand A": 6453000000.0,
      "Salaries And Wages": -200000000.0,
      "Gross Profit": 15392000000.0,
      "Cost Of Revenue": 7128000000.0,
      "Total Revenue": 22520000000.0,
      "Operating Revenue": 22520000000.0
    },
    "2024-09-30T00:00:00": {
      "Tax Effect Of Unusual Items": null,
      "Tax Rate For Calcs": null,
      "Normalized EBITDA": null,
      "Total Unusual Items": null,
      "Total Unusual Items Excluding Goodwill": null,
      "Net Income From Continuing Operation Net Minority Interest": null,
      "Reconciled Depreciation": null,
      "Reconciled Cost Of Revenue": null,
      "EBITDA": null,
      "EBIT": null,
      "Net Interest Income": null,
      "Interest Expense": null,
      "Interest Income": null,
      "Normalized Income": null,
      "Net Income From Continuing And Discontinued Operation": null,
      "Total Expenses": null,
      "Diluted Average Shares": null,
      "Basic Average Shares": null,
      "Diluted EPS": null,
      "Basic EPS": null,
      "Diluted NI Availto Com Stockholders": null,
      "Net Income Common Stockholders": null,
      "Net Income": null,
      "Net Income Including Noncontrolling Interests": null,
      "Net Income Discontinuous Operations": 0.0,
      "Net Income Continuous Operations": null,
      "Tax Provision": null,
      "Pretax Income": null,
      "Other Income Expense": null,
      "Other Non Operating Income Expenses": null,
      "Special Income Charges": null,
      "Other Special Charges": 2400000000.0,
      "Write Off": 0.0,
      "Restructuring And Mergern Acquisition": null,
      "Gain On Sale Of Security": null,
      "Net Non Operating Interest Income Expense": null,
      "Interest Expense Non Operating": null,
      "Interest Income Non Operating": null,
      "Operating Income": null,
      "Operating Expense": null,
      "Research And Development": null,
      "Selling General And Administration": null,
      "General And Administrative Expense": 5478000000.0,
      "Other Gand A": 5478000000.0,
      "Salaries And Wages": -200000000.0,
      "Gross Profit": null,
      "Cost Of Revenue": null,
      "Total Revenue": null,
      "Operating Revenue": null
    },
    "2024-06-30T00:00:00": {
      "Tax Effect Of Unusual Items": null,
      "Tax Rate For Calcs": null,
      "Normalized EBITDA": null,
      "Total Unusual Items": null,
      "Total Unusual Items Excluding Goodwill": null,
      "Net Income From Continuing Operation Net Minority Interest": null,
      "Reconciled Depreciation": null,
      "Reconciled Cost Of Revenue": null,
      "EBITDA": null,
      "EBIT": null,
      "Net Interest Income": null,
      "Interest Expense": null,
      "Interest Income": null,
      "Normalized Income": null,
      "Net Income From Continuing And Discontinued Operation": null,
      "Total Expenses": null,
      "Diluted Average Shares": null,
      "Basic Average Shares": null,
      "Diluted EPS": null,
      "Basic EPS": null,
      "Diluted NI Availto Com Stockholders": null,
      "Net Income Common Stockholders": null,
      "Net Income": null,
      "Net Income Including Noncontrolling Interests": null,
      "Net Income Discontinuous Operations": 0.0,
      "Net Income Continuous Operations": null,
      "Tax Provision": null,
      "Pretax Income": null,
      "Other Income Expense": null,
      "Other Non Operating Income Expenses": null,
      "Special Income Charges": null,
      "Other Special Charges": null,
      "Write Off": 194000000.0,
      "Restructuring And Mergern Acquisition": null,
      "Gain On Sale Of Security": -400000000.0,
      "Net Non Operating Interest Income Expense": null,
      "Interest Expense Non Operating": null,
      "Interest Income Non Operating": null,
      "Operating Income": null,
      "Operating Expense": null,
      "Research And Development": null,
      "Selling General And Administration": null,
      "General And Administrative Expense": null,
      "Other Gand A": null,
      "Salaries And Wages": null,
      "Gross Profit": null,
      "Cost Of Revenue": null,
      "Total Revenue": null,
      "Operating Revenue": null
    }
  },
  "balance_sheet": {
    "2025-12-31T00:00:00": {
      "Treasury Shares Number": 711904000.0,
      "Ordinary Shares Number": 2407939000.0,
      "Share Issued": 3119843000.0,
      "Net Debt": 28224000000.0,
      "Total Debt": 47933000000.0,
      "Tangible Book Value": -17631000000.0,
      "Invested Capital": 129477000000.0,
      "Working Capital": 1498000000.0,
      "Net Tangible Assets": -17631000000.0,
      "Common Stock Equity": 81544000000.0,
      "Total Capitalization": 120982000000.0,
      "Total Equity Gross Minority Interest": 81544000000.0,
      "Stockholders Equity": 81544000000.0,
      "Gains Losses Not Affecting Retained Earnings": -14930000000.0,
      "Other Equity Adjustments": -14930000000.0,
      "Treasury Stock": 75624000000.0,
      "Retained Earnings": null,
      "Additional Paid In Capital": 168978000000.0,
      "Capital Stock": 3120000000.0,
      "Common Stock": 3120000000.0,
      "Preferred Stock": 0.0,
      "Total Liabilities Net Minority Interest": 117666000000.0,
      "Total Non Current Liabilities Net Minority Interest": 63540000000.0,
      "Other Non Current Liabilities": 9868000000.0,
      "Liabilities Heldfor Sale Non Current": null,
      "Employee Benefits": 6957000000.0,
      "Tradeand Other Payables Non Current": 486000000.0,
      "Non Current Deferred Liabilities": 6791000000.0,
      "Non Current Deferred Taxes Liabilities": 6791000000.0,
      "Long Term Debt And Capital Lease Obligation": 39438000000.0,
      "Long Term Debt": 39438000000.0,
      "Current Liabilities": 54126000000.0,
      "Other Current Liabilities": null,
      "Current Debt And Capital Lease Obligation": 8495000000.0,
      "Current Debt": 8495000000.0,
      "Other Current Borrowings": 8495000000.0,
      "Pensionand Other Post Retirement Benefit Plans Current": 4534000000.0,
      "Payables And Accrued Expenses": 41097000000.0,
      "Current Accrued Expenses": 27718000000.0,
      "Payables": 13379000000.0,
      "Total Tax Payable": 1388000000.0,
      "Income Tax Payable": 1388000000.0,
      "Accounts Payable": 11991000000.0,
      "Total Assets": 199210000000.0,
      "Total Non Current Assets": 143586000000.0,
      "Other Non Current Assets": 14368000000.0,
      "Non Current Deferred Assets": 6874000000.0,
      "Non Current Deferred Taxes Assets": 6874000000.0,
      "Goodwill And Other Intangible Assets": 99175000000.0,
      "Other Intangible Assets": 50403000000.0,
      "Goodwill": 48772000000.0,
      "Net PPE": 23169000000.0,
      "Accumulated Depreciation": -31195000000.0,
      "Gross PPE": 54364000000.0,
      "Construction In Progress": 7361000000.0,
      "Machinery Furniture Equipment": 32873000000.0,
      "Buildings And Improvements": 13429000000.0,
      "Land And Improvements": 701000000.0,
      "Properties": 0.0,
      "Current Assets": 55624000000.0,
      "Other Current Assets": null,
      "Assets Held For Sale Current": null,
      "Prepaid Assets": null,
      "Inventory": 14191000000.0,
      "Finished Goods": 7833000000.0,
      "Work In Process": 3828000000.0,
      "Raw Materials": 2530000000.0,
      "Receivables": 21331000000.0,
      "Other Receivables": 4153000000.0,
      "Accounts Receivable": 17178000000.0,
      "Allowance For Doubtful Accounts Receivable": -183000000.0,
      "Gross Accounts Receivable": 17361000000.0,
      "Cash Cash Equivalents And Short Term Investments": 20102000000.0,
      "Other Short Term Investments": 393000000.0,
      "Cash And Cash Equivalents": 19709000000.0,
      "Cash Equivalents": 16410000000.0,
      "Cash Financial": 3299000000.0
    },
    "2024-12-31T00:00:00": {
      "Treasury Shares Number": 712921000.0,
      "Ordinary Shares Number": 2406922000.0,
      "Share Issued": 3119843000.0,
      "Net Debt": 12529000000.0,
      "Total Debt": 36634000000.0,
      "Tangible Book Value": -10328000000.0,
      "Invested Capital": 108124000000.0,
      "Working Capital": 5572000000.0,
      "Net Tangible Assets": -10328000000.0,
      "Common Stock Equity": 71490000000.0,
      "Total Capitalization": 102141000000.0,
      "Total Equity Gross Minority Interest": 71490000000.0,
      "Stockholders Equity": 71490000000.0,
      "Gains Losses Not Affecting Retained Earnings": -11741000000.0,
      "Other Equity Adjustments": -11741000000.0,
      "Treasury Stock": 75680000000.0,
      "Retained Earnings": null,
      "Additional Paid In Capital": 155791000000.0,
      "Capital Stock": 3120000000.0,
      "Common Stock": 3120000000.0,
      "Preferred Stock": 0.0,
      "Total Liabilities Net Minority Interest": 108614000000.0,
      "Total Non Current Liabilities Net Minority Interest": 58293000000.0,
      "Other Non Current Liabilities": 17549000000.0,
      "Liabilities Heldfor Sale Non Current": null,
      "Employee Benefits": 7255000000.0,
      "Tradeand Other Payables Non Current": 390000000.0,
      "Non Current Deferred Liabilities": 2448000000.0,
      "Non Current Deferred Taxes Liabilities": 2448000000.0,
      "Long Term Debt And Capital Lease Obligation": 30651000000.0,
      "Long Term Debt": 30651000000.0,
      "Current Liabilities": 50321000000.0,
      "Other Current Liabilities": null,
      "Current Debt And Capital Lease Obligation": 5983000000.0,
      "Current Debt": 5983000000.0,
      "Other Current Borrowings": 5983000000.0,
      "Pensionand Other Post Retirement Benefit Plans Current": 4126000000.0,
      "Payables And Accrued Expenses": 40212000000.0,
      "Current Accrued Expenses": 26129000000.0,
      "Payables": 14083000000.0,
      "Total Tax Payable": 3772000000.0,
      "Income Tax Payable": 3772000000.0,
      "Accounts Payable": 10311000000.0,
      "Total Assets": 180104000000.0,
      "Total Non Current Assets": 124211000000.0,
      "Other Non Current Assets": 11414000000.0,
      "Non Current Deferred Assets": 10461000000.0,
      "Non Current Deferred Taxes Assets": 10461000000.0,
      "Goodwill And Other Intangible Assets": 81818000000.0,
      "Other Intangible Assets": 37618000000.0,
      "Goodwill": 44200000000.0,
      "Net PPE": 20518000000.0,
      "Accumulated Depreciation": -28250000000.0,
      "Gross PPE": 48768000000.0,
      "Construction In Progress": 6289000000.0,
      "Machinery Furniture Equipment": 29444000000.0,
      "Buildings And Improvements": 12317000000.0,
      "Land And Improvements": 718000000.0,
      "Properties": 0.0,
      "Current Assets": 55893000000.0,
      "Other Current Assets": null,
      "Assets Held For Sale Current": null,
      "Prepaid Assets": null,
      "Inventory": 12444000000.0,
      "Finished Goods": 7292000000.0,
      "Work In Process": 2815000000.0,
      "Raw Materials": 2337000000.0,
      "Receivables": 18927000000.0,
      "Other Receivables": 4085000000.0,
      "Accounts Receivable": 14842000000.0,
      "Allowance For Doubtful Accounts Receivable": -167000000.0,
      "Gross Accounts Receivable": 15009000000.0,
      "Cash Cash Equivalents And Short Term Investments": 24522000000.0,
      "Other Short Term Investments": 417000000.0,
      "Cash And Cash Equivalents": 24105000000.0,
      "Cash Equivalents": 21187000000.0,
      "Cash Financial": 2918000000.0
    },
    "2023-12-31T00:00:00": {
      "Treasury Shares Number": 712765000.0,
      "Ordinary Shares Number": 2407078000.0,
      "Share Issued": 3119843000.0,
      "Net Debt": 7473000000.0,
      "Total Debt": 29332000000.0,
      "Tangible Book Value": -1959000000.0,
      "Invested Capital": 98106000000.0,
      "Working Capital": 7213000000.0,
      "Net Tangible Assets": -1959000000.0,
      "Common Stock Equity": 68774000000.0,
      "Total Capitalization": 94655000000.0,
      "Total Equity Gross Minority Interest": 68774000000.0,
      "Stockholders Equity": 68774000000.0,
      "Gains Losses Not Affecting Retained Earnings": -12527000000.0,
      "Other Equity Adjustments": -12527000000.0,
      "Treasury Stock": 75662000000.0,
      "Retained Earnings": 153843000000.0,
      "Additional Paid In Capital": 153843000000.0,
      "Capital Stock": 3120000000.0,
      "Common Stock": 3120000000.0,
      "Preferred Stock": 0.0,
      "Total Liabilities Net Minority Interest": 98784000000.0,
      "Total Non Current Liabilities Net Minority Interest": 52502000000.0,
      "Other Non Current Liabilities": 13398000000.0,
      "Liabilities Heldfor Sale Non Current": 0.0,
      "Employee Benefits": 7149000000.0,
      "Tradeand Other Payables Non Current": 2881000000.0,
      "Non Current Deferred Liabilities": 3193000000.0,
      "Non Current Deferred Taxes Liabilities": 3193000000.0,
      "Long Term Debt And Capital Lease Obligation": 25881000000.0,
      "Long Term Debt": 25881000000.0,
      "Current Liabilities": 46282000000.0,
      "Other Current Liabilities": null,
      "Current Debt And Capital Lease Obligation": 3451000000.0,
      "Current Debt": 3451000000.0,
      "Other Current Borrowings": null,
      "Pensionand Other Post Retirement Benefit Plans Current": 3993000000.0,
      "Payables And Accrued Expenses": 38838000000.0,
      "Current Accrued Expenses": 26213000000.0,
      "Payables": 12625000000.0,
      "Total Tax Payable": 2993000000.0,
      "Income Tax Payable": 2993000000.0,
      "Accounts Payable": 9632000000.0,
      "Total Assets": 167558000000.0,
      "Total Non Current Assets": 114063000000.0,
      "Other Non Current Assets": 14153000000.0,
      "Non Current Deferred Assets": 9279000000.0,
      "Non Current Deferred Taxes Assets": 9279000000.0,
      "Goodwill And Other Intangible Assets": 70733000000.0,
      "Other Intangible Assets": 34175000000.0,
      "Goodwill": 36558000000.0,
      "Net PPE": 19898000000.0,
      "Accumulated Depreciation": -27878000000.0,
      "Gross PPE": 47776000000.0,
      "Construction In Progress": 5627000000.0,
      "Machinery Furniture Equipment": 28979000000.0,
      "Buildings And Improvements": 12375000000.0,
      "Land And Improvements": 795000000.0,
      "Properties": 0.0,
      "Current Assets": 53495000000.0,
      "Other Current Assets": null,
      "Assets Held For Sale Current": 0.0,
      "Prepaid Assets": null,
      "Inventory": 11181000000.0,
      "Finished Goods": 6874000000.0,
      "Work In Process": 1952000000.0,
      "Raw Materials": 2355000000.0,
      "Receivables": 19387000000.0,
      "Other Receivables": 4514000000.0,
      "Accounts Receivable": 14873000000.0,
      "Allowance For Doubtful Accounts Receivable": -166000000.0,
      "Gross Accounts Receivable": 15039000000.0,
      "Cash Cash Equivalents And Short Term Investments": 22927000000.0,
      "Other Short Term Investments": 1068000000.0,
      "Cash And Cash Equivalents": 21859000000.0,
      "Cash Equivalents": 18519000000.0,
      "Cash Financial": 3340000000.0
    },
    "2022-12-31T00:00:00": {
      "Treasury Shares Number": 506246000.0,
      "Ordinary Shares Number": 2613597000.0,
      "Share Issued": 3119843000.0,
      "Net Debt": 26753000000.0,
      "Total Debt": 39642000000.0,
      "Tangible Book Value": 2268000000.0,
      "Invested Capital": 116446000000.0,
      "Working Capital": -508000000.0,
      "Net Tangible Assets": 2268000000.0,
      "Common Stock Equity": 76804000000.0,
      "Total Capitalization": 103690000000.0,
      "Total Equity Gross Minority Interest": 76804000000.0,
      "Stockholders Equity": 76804000000.0,
      "Gains Losses Not Affecting Retained Earnings": -12967000000.0,
      "Other Equity Adjustments": -12967000000.0,
      "Treasury Stock": 41694000000.0,
      "Retained Earnings": 128345000000.0,
      "Additional Paid In Capital": 128345000000.0,
      "Capital Stock": 3120000000.0,
      "Common Stock": 3120000000.0,
      "Preferred Stock": 0.0,
      "Total Liabilities Net Minority Interest": 110574000000.0,
      "Total Non Current Liabilities Net Minority Interest": 54772000000.0,
      "Other Non Current Liabilities": 10146000000.0,
      "Liabilities Heldfor Sale Non Current": 2901000000.0,
      "Employee Benefits": 6542000000.0,
      "Tradeand Other Payables Non Current": 4306000000.0,
      "Non Current Deferred Liabilities": 3991000000.0,
      "Non Current Deferred Taxes Liabilities": 3991000000.0,
      "Long Term Debt And Capital Lease Obligation": 26886000000.0,
      "Long Term Debt": 26886000000.0,
      "Current Liabilities": 55802000000.0,
      "Other Current Liabilities": 3590000000.0,
      "Current Debt And Capital Lease Obligation": 12756000000.0,
      "Current Debt": 12756000000.0,
      "Other Current Borrowings": null,
      "Pensionand Other Post Retirement Benefit Plans Current": 3049000000.0,
      "Payables And Accrued Expenses": 36407000000.0,
      "Current Accrued Expenses": 24298000000.0,
      "Payables": 12109000000.0,
      "Total Tax Payable": 2220000000.0,
      "Income Tax Payable": 2220000000.0,
      "Accounts Payable": 9889000000.0,
      "Total Assets": 187378000000.0,
      "Total Non Current Assets": 132084000000.0,
      "Other Non Current Assets": 30619000000.0,
      "Non Current Deferred Assets": 8947000000.0,
      "Non Current Deferred Taxes Assets": 8947000000.0,
      "Goodwill And Other Intangible Assets": 74536000000.0,
      "Other Intangible Assets": 38489000000.0,
      "Goodwill": 36047000000.0,
      "Net PPE": 17982000000.0,
      "Accumulated Depreciation": -25552000000.0,
      "Gross PPE": 43534000000.0,
      "Construction In Progress": 4677000000.0,
      "Machinery Furniture Equipment": 26603000000.0,
      "Buildings And Improvements": 11470000000.0,
      "Land And Improvements": 784000000.0,
      "Properties": 0.0,
      "Current Assets": 55294000000.0,
      "Other Current Assets": null,
      "Assets Held For Sale Current": 5830000000.0,
      "Prepaid Assets": null,
      "Inventory": 10268000000.0,
      "Finished Goods": 6972000000.0,
      "Work In Process": 1577000000.0,
      "Raw Materials": 1719000000.0,
      "Receivables": 16915000000.0,
      "Other Receivables": 2876000000.0,
      "Accounts Receivable": 14039000000.0,
      "Allowance For Doubtful Accounts Receivable": -169000000.0,
      "Gross Accounts Receivable": 14208000000.0,
      "Cash Cash Equivalents And Short Term Investments": 22281000000.0,
      "Other Short Term Investments": 9392000000.0,
      "Cash And Cash Equivalents": 12889000000.0,
      "Cash Equivalents": 9198000000.0,
      "Cash Financial": 3691000000.0
    },
    "2021-12-31T00:00:00": {
      "Treasury Shares Number": null,
      "Ordinary Shares Number": null,
      "Share Issued": null,
      "Net Debt": null,
      "Total Debt": null,
      "Tangible Book Value": null,
      "Invested Capital": null,
      "Working Capital": null,
      "Net Tangible Assets": null,
      "Common Stock Equity": null,
      "Total Capitalization": null,
      "Total Equity Gross Minority Interest": null,
      "Stockholders Equity": null,
      "Gains Losses Not Affecting Retained Earnings": null,
      "Other Equity Adjustments": null,
      "Treasury Stock": null,
      "Retained Earnings": 123060000000.0,
      "Additional Paid In Capital": null,
      "Capital Stock": null,
      "Common Stock": null,
      "Preferred Stock": null,
      "Total Liabilities Net Minority Interest": null,
      "Total Non Current Liabilities Net Minority Interest": null,
      "Other Non Current Liabilities": null,
      "Liabilities Heldfor Sale Non Current": null,
      "Employee Benefits": null,
      "Tradeand Other Payables Non Current": null,
      "Non Current Deferred Liabilities": null,
      "Non Current Deferred Taxes Liabilities": null,
      "Long Term Debt And Capital Lease Obligation": null,
      "Long Term Debt": null,
      "Current Liabilities": null,
      "Other Current Liabilities": null,
      "Current Debt And Capital Lease Obligation": null,
      "Current Debt": null,
      "Other Current Borrowings": null,
      "Pensionand Other Post Retirement Benefit Plans Current": null,
      "Payables And Accrued Expenses": null,
      "Current Accrued Expenses": null,
      "Payables": null,
      "Total Tax Payable": null,
      "Income Tax Payable": null,
      "Accounts Payable": null,
      "Total Assets": null,
      "Total Non Current Assets": null,
      "Other Non Current Assets": null,
      "Non Current Deferred Assets": null,
      "Non Current Deferred Taxes Assets": null,
      "Goodwill And Other Intangible Assets": null,
      "Other Intangible Assets": null,
      "Goodwill": null,
      "Net PPE": null,
      "Accumulated Depreciation": null,
      "Gross PPE": null,
      "Construction In Progress": null,
      "Machinery Furniture Equipment": null,
      "Buildings And Improvements": null,
      "Land And Improvements": null,
      "Properties": null,
      "Current Assets": null,
      "Other Current Assets": 3701000000.0,
      "Assets Held For Sale Current": null,
      "Prepaid Assets": 3701000000.0,
      "Inventory": null,
      "Finished Goods": null,
      "Work In Process": null,
      "Raw Materials": null,
      "Receivables": null,
      "Other Receivables": null,
      "Accounts Receivable": null,
      "Allowance For Doubtful Accounts Receivable": null,
      "Gross Accounts Receivable": null,
      "Cash Cash Equivalents And Short Term Investments": null,
      "Other Short Term Investments": null,
      "Cash And Cash Equivalents": null,
      "Cash Equivalents": null,
      "Cash Financial": null
    }
  },
  "cashflow": {
    "2025-12-31T00:00:00": {
      "Free Cash Flow": 19313000000.0,
      "Repurchase Of Capital Stock": -5953000000.0,
      "Repayment Of Debt": -14087000000.0,
      "Issuance Of Debt": 23724000000.0,
      "Issuance Of Capital Stock": 0.0,
      "Capital Expenditure": -5217000000.0,
      "Interest Paid Supplemental Data": 1977000000.0,
      "Income Tax Paid Supplemental Data": 6539000000.0,
      "End Cash Position": 19709000000.0,
      "Beginning Cash Position": 24105000000.0,
      "Effect Of Exchange Rate Changes": 201000000.0,
      "Changes In Cash": -4597000000.0,
      "Financing Cash Flow": -5539000000.0,
      "Cash Flow From Continuing Financing Activities": -5539000000.0,
      "Net Other Financing Charges": -260000000.0,
      "Proceeds From Stock Option Exercised": 3418000000.0,
      "Cash Dividends Paid": -12381000000.0,
      "Common Stock Dividend Paid": -12381000000.0,
      "Net Common Stock Issuance": -5953000000.0,
      "Common Stock Payments": -5953000000.0,
      "Common Stock Issuance": 0.0,
      "Net Issuance Payments Of Debt": 9637000000.0,
      "Net Short Term Debt Issuance": 2256000000.0,
      "Short Term Debt Payments": -12330000000.0,
      "Short Term Debt Issuance": 14586000000.0,
      "Net Long Term Debt Issuance": 7381000000.0,
      "Long Term Debt Payments": -1757000000.0,
      "Long Term Debt Issuance": 9138000000.0,
      "Investing Cash Flow": -23588000000.0,
      "Cash Flow From Continuing Investing Activities": -23588000000.0,
      "Net Other Investing Changes": -1571000000.0,
      "Net Investment Purchase And Sale": 741000000.0,
      "Sale Of Investment": 1661000000.0,
      "Purchase Of Investment": -920000000.0,
      "Net Business Purchase And Sale": -17541000000.0,
      "Purchase Of Business": -17541000000.0,
      "Net Intangibles Purchase And Sale": -385000000.0,
      "Purchase Of Intangibles": -385000000.0,
      "Net PPE Purchase And Sale": -4832000000.0,
      "Purchase Of PPE": -4832000000.0,
      "Operating Cash Flow": 24530000000.0,
      "Cash Flow From Continuing Operating Activities": 24530000000.0,
      "Change In Working Capital": -12718000000.0,
      "Change In Other Current Liabilities": -5697000000.0,
      "Change In Other Current Assets": -6167000000.0,
      "Change In Payables And Accrued Expense": 2377000000.0,
      "Change In Inventory": -1450000000.0,
      "Change In Receivables": -1781000000.0,
      "Changes In Account Receivables": -1781000000.0,
      "Other Non Cash Items": 109000000.0,
      "Stock Based Compensation": 1354000000.0,
      "Provisionand Write Offof Assets": -1000000.0,
      "Asset Impairment Charge": 204000000.0,
      "Deferred Tax": 1538000000.0,
      "Deferred Income Tax": 1538000000.0,
      "Depreciation Amortization Depletion": 7503000000.0,
      "Depreciation And Amortization": 7503000000.0,
      "Operating Gains Losses": -263000000.0,
      "Gain Loss On Sale Of Business": -263000000.0,
      "Net Income From Continuing Operations": 26804000000.0
    },
    "2024-12-31T00:00:00": {
      "Free Cash Flow": 18059000000.0,
      "Repurchase Of Capital Stock": -2432000000.0,
      "Repayment Of Debt": -11886000000.0,
      "Issuance Of Debt": 21937000000.0,
      "Issuance Of Capital Stock": 0.0,
      "Capital Expenditure": -6207000000.0,
      "Interest Paid Supplemental Data": 1990000000.0,
      "Income Tax Paid Supplemental Data": 6714000000.0,
      "End Cash Position": 24105000000.0,
      "Beginning Cash Position": 21859000000.0,
      "Effect Of Exchange Rate Changes": -289000000.0,
      "Changes In Cash": 2535000000.0,
      "Financing Cash Flow": -3132000000.0,
      "Cash Flow From Continuing Financing Activities": -3132000000.0,
      "Net Other Financing Charges": 234000000.0,
      "Proceeds From Stock Option Exercised": 838000000.0,
      "Cash Dividends Paid": -11823000000.0,
      "Common Stock Dividend Paid": -11823000000.0,
      "Net Common Stock Issuance": -2432000000.0,
      "Common Stock Payments": -2432000000.0,
      "Common Stock Issuance": 0.0,
      "Net Issuance Payments Of Debt": 10051000000.0,
      "Net Short Term Debt Issuance": 5814000000.0,
      "Short Term Debt Payments": -9463000000.0,
      "Short Term Debt Issuance": 15277000000.0,
      "Net Long Term Debt Issuance": 4237000000.0,
      "Long Term Debt Payments": -2423000000.0,
      "Long Term Debt Issuance": 6660000000.0,
      "Investing Cash Flow": -18599000000.0,
      "Cash Flow From Continuing Investing Activities": -18599000000.0,
      "Net Other Investing Changes": 2018000000.0,
      "Net Investment Purchase And Sale": 736000000.0,
      "Sale Of Investment": 2462000000.0,
      "Purchase Of Investment": -1726000000.0,
      "Net Business Purchase And Sale": -15146000000.0,
      "Purchase Of Business": -15146000000.0,
      "Net Intangibles Purchase And Sale": -1783000000.0,
      "Purchase Of Intangibles": -1783000000.0,
      "Net PPE Purchase And Sale": -4424000000.0,
      "Purchase Of PPE": -4424000000.0,
      "Operating Cash Flow": 24266000000.0,
      "Cash Flow From Continuing Operating Activities": 24266000000.0,
      "Change In Working Capital": 1837000000.0,
      "Change In Other Current Liabilities": 33000000.0,
      "Change In Other Current Assets": 1717000000.0,
      "Change In Payables And Accrued Expense": 1621000000.0,
      "Change In Inventory": -1128000000.0,
      "Change In Receivables": -406000000.0,
      "Changes In Account Receivables": -406000000.0,
      "Other Non Cash Items": 1841000000.0,
      "Stock Based Compensation": 1176000000.0,
      "Provisionand Write Offof Assets": 11000000.0,
      "Asset Impairment Charge": 405000000.0,
      "Deferred Tax": -2183000000.0,
      "Deferred Income Tax": -2183000000.0,
      "Depreciation Amortization Depletion": 7339000000.0,
      "Depreciation And Amortization": 7339000000.0,
      "Operating Gains Losses": -226000000.0,
      "Gain Loss On Sale Of Business": -226000000.0,
      "Net Income From Continuing Operations": 14066000000.0
    },
    "2023-12-31T00:00:00": {
      "Free Cash Flow": 17778000000.0,
      "Repurchase Of Capital Stock": -5054000000.0,
      "Repayment Of Debt": -24524000000.0,
      "Issuance Of Debt": 21790000000.0,
      "Issuance Of Capital Stock": 4241000000.0,
      "Capital Expenditure": -5013000000.0,
      "Interest Paid Supplemental Data": 1836000000.0,
      "Income Tax Paid Supplemental Data": 8574000000.0,
      "End Cash Position": 21859000000.0,
      "Beginning Cash Position": 14127000000.0,
      "Effect Of Exchange Rate Changes": -112000000.0,
      "Changes In Cash": 7844000000.0,
      "Financing Cash Flow": -15825000000.0,
      "Cash Flow From Continuing Financing Activities": -15825000000.0,
      "Net Other Financing Charges": -1602000000.0,
      "Proceeds From Stock Option Exercised": 1094000000.0,
      "Cash Dividends Paid": -11770000000.0,
      "Common Stock Dividend Paid": -11770000000.0,
      "Net Common Stock Issuance": -813000000.0,
      "Common Stock Payments": -5054000000.0,
      "Common Stock Issuance": 4241000000.0,
      "Net Issuance Payments Of Debt": -2734000000.0,
      "Net Short Term Debt Issuance": -1183000000.0,
      "Short Term Debt Payments": -22973000000.0,
      "Short Term Debt Issuance": 21790000000.0,
      "Net Long Term Debt Issuance": -1551000000.0,
      "Long Term Debt Payments": -1551000000.0,
      "Long Term Debt Issuance": 0.0,
      "Investing Cash Flow": 878000000.0,
      "Cash Flow From Continuing Investing Activities": 878000000.0,
      "Net Other Investing Changes": -2593000000.0,
      "Net Investment Purchase And Sale": 8484000000.0,
      "Sale Of Investment": 19390000000.0,
      "Purchase Of Investment": -10906000000.0,
      "Net Business Purchase And Sale": 0.0,
      "Purchase Of Business": 0.0,
      "Net Intangibles Purchase And Sale": -470000000.0,
      "Purchase Of Intangibles": -470000000.0,
      "Net PPE Purchase And Sale": -4543000000.0,
      "Purchase Of PPE": -4543000000.0,
      "Operating Cash Flow": 22791000000.0,
      "Cash Flow From Continuing Operating Activities": 22791000000.0,
      "Change In Working Capital": 2507000000.0,
      "Change In Other Current Liabilities": 5588000000.0,
      "Change In Other Current Assets": -3480000000.0,
      "Change In Payables And Accrued Expense": 2346000000.0,
      "Change In Inventory": -1323000000.0,
      "Change In Receivables": -624000000.0,
      "Changes In Account Receivables": -624000000.0,
      "Other Non Cash Items": 483000000.0,
      "Stock Based Compensation": 1162000000.0,
      "Provisionand Write Offof Assets": 0.0,
      "Asset Impairment Charge": 1295000000.0,
      "Deferred Tax": -4194000000.0,
      "Deferred Income Tax": -4194000000.0,
      "Depreciation Amortization Depletion": 7486000000.0,
      "Depreciation And Amortization": 7486000000.0,
      "Operating Gains Losses": -21101000000.0,
      "Gain Loss On Sale Of Business": -21101000000.0,
      "Net Income From Continuing Operations": 35153000000.0
    },
    "2022-12-31T00:00:00": {
      "Free Cash Flow": 17185000000.0,
      "Repurchase Of Capital Stock": -6035000000.0,
      "Repayment Of Debt": -8684000000.0,
      "Issuance Of Debt": 16136000000.0,
      "Issuance Of Capital Stock": 0.0,
      "Capital Expenditure": -4009000000.0,
      "Interest Paid Supplemental Data": 982000000.0,
      "Income Tax Paid Supplemental Data": 5223000000.0,
      "End Cash Position": 14127000000.0,
      "Beginning Cash Position": 14487000000.0,
      "Effect Of Exchange Rate Changes": -312000000.0,
      "Changes In Cash": -48000000.0,
      "Financing Cash Flow": -8871000000.0,
      "Cash Flow From Continuing Financing Activities": -8871000000.0,
      "Net Other Financing Charges": 65000000.0,
      "Proceeds From Stock Option Exercised": 1329000000.0,
      "Cash Dividends Paid": -11682000000.0,
      "Common Stock Dividend Paid": -11682000000.0,
      "Net Common Stock Issuance": -6035000000.0,
      "Common Stock Payments": -6035000000.0,
      "Common Stock Issuance": 0.0,
      "Net Issuance Payments Of Debt": 7452000000.0,
      "Net Short Term Debt Issuance": 9584000000.0,
      "Short Term Debt Payments": -6550000000.0,
      "Short Term Debt Issuance": 16134000000.0,
      "Net Long Term Debt Issuance": -2132000000.0,
      "Long Term Debt Payments": -2134000000.0,
      "Long Term Debt Issuance": 2000000.0,
      "Investing Cash Flow": -12371000000.0,
      "Cash Flow From Continuing Investing Activities": -12371000000.0,
      "Net Other Investing Changes": 65000000.0,
      "Net Investment Purchase And Sale": 9225000000.0,
      "Sale Of Investment": 41609000000.0,
      "Purchase Of Investment": -32384000000.0,
      "Net Business Purchase And Sale": -17652000000.0,
      "Purchase Of Business": -17652000000.0,
      "Net Intangibles Purchase And Sale": 0.0,
      "Purchase Of Intangibles": 0.0,
      "Net PPE Purchase And Sale": -4009000000.0,
      "Purchase Of PPE": -4009000000.0,
      "Operating Cash Flow": 21194000000.0,
      "Cash Flow From Continuing Operating Activities": 21194000000.0,
      "Change In Working Capital": -4011000000.0,
      "Change In Other Current Liabilities": -1979000000.0,
      "Change In Other Current Assets": 687000000.0,
      "Change In Payables And Accrued Expense": 1098000000.0,
      "Change In Inventory": -2527000000.0,
      "Change In Receivables": -1290000000.0,
      "Changes In Account Receivables": -1290000000.0,
      "Other Non Cash Items": null,
      "Stock Based Compensation": 1138000000.0,
      "Provisionand Write Offof Assets": -17000000.0,
      "Asset Impairment Charge": 1216000000.0,
      "Deferred Tax": -1663000000.0,
      "Deferred Income Tax": -1663000000.0,
      "Depreciation Amortization Depletion": 6970000000.0,
      "Depreciation And Amortization": 6970000000.0,
      "Operating Gains Losses": -380000000.0,
      "Gain Loss On Sale Of Business": -380000000.0,
      "Net Income From Continuing Operations": 17941000000.0
    }
  },
  "earnings_estimate": {
    "avg": {
      "0q": 2.68547,
      "+1q": 2.88274,
      "0y": 11.53282,
      "+1y": 12.54217
    },
    "low": {
      "0q": 2.14,
      "+1q": 2.58,
      "0y": 11.43,
      "+1y": 11.78
    },
    "high": {
      "0q": 2.9,
      "+1q": 3.0,
      "0y": 11.68,
      "+1y": 13.14
    },
    "yearAgoEps": {
      "0q": 2.77,
      "+1q": 2.77,
      "0y": 10.79,
      "+1y": 11.53282
    },
    "numberOfAnalysts": {
      "0q": 16,
      "+1q": 16,
      "0y": 24,
      "+1y": 25
    },
    "growth": {
      "0q": -0.0305,
      "+1q": 0.040700004,
      "0y": 0.0688,
      "+1y": 0.0875
    }
  },
  "revenue_estimate": {
    "avg": {
      "0q": 23600479740,
      "+1q": 25063286430,
      "0y": 100587893820,
      "+1y": 105939378420
    },
    "low": {
      "0q": 22408000000,
      "+1q": 23973000000,
      "0y": 99977000000,
      "+1y": 99928437510
    },
    "high": {
      "0q": 24230000000,
      "+1q": 25498000000,
      "0y": 102059000000,
      "+1y": 110999000000
    },
    "numberOfAnalysts": {
      "0q": 14,
      "+1q": 14,
      "0y": 21,
      "+1y": 23
    },
    "yearAgoRevenue": {
      "0q": 21893000000,
      "+1q": 23743000000,
      "0y": 94193000000,
      "+1y": 100587893820
    },
    "growth": {
      "0q": 0.078,
      "+1q": 0.0556,
      "0y": 0.0679,
      "+1y": 0.053200003
    }
  },
  "growth_estimates": {
    "stockTrend": {
      "0q": -0.0305,
      "+1q": 0.040700004,
      "0y": 0.0688,
      "+1y": 0.0875,
      "LTG": null
    },
    "indexTrend": {
      "0q": 0.1273,
      "+1q": 0.103599995,
      "0y": 0.14310001,
      "+1y": 0.1557,
      "LTG": 0.122
    }
  },
  "revenue_forecasts": null,
  "dividend_rate": 5.2,
  "trailing_dividend_rate": 5.14
}