{
  "ticker": "JPM",
  "name": "JPMorgan Chase",
  "country": "usa",
  "currency": "USD",
  "last_fetched": "2026-02-26T20:45:06.243434",
  "market_cap": 826977550336,
  "revenue": 168235008000,
  "net_income": 55680999424,
  "pe_ratio": 15.315934,
  "forward_pe": 13.052138,
  "dividend_yield": 1.98,
  "profit_margin": 0.3391,
  "roe": 0.16134001,
  "debt_to_equity": null,
  "beta": 1.053,
  "ev_to_ebitda": null,
  "sector": "Financial Services",
  "industry": "Banks - Diversified",
  "summary": "JPMorgan Chase & Co. operates as a bank and financial holding company in the United States, rest of North America, Europe, the Middle East, Africa, the Asia Pacific, Latin America, and the Caribbean. It operates in three segments: Consumer & Community Banking, Commercial & Investment Bank, and Asset & Wealth Management. The company offers deposit, investment and lending products, and cash management; mortgage origination and servicing activities; residential mortgages and home equity loans; and credit cards, payment solutions, travel services, merchant offers, lifestyle benefits, auto loans, and leases to consumers and small businesses through bank branches, ATMs, and digital and telephone banking. It also provides investment banking, market-making, financing, custody, and securities products and services; corporate strategy and structure advisory, equity and debt market capital-raising, and loan origination and syndication services; cash and derivative instruments, risk management solutions, prime brokerage, clearing, and research; and fund services, liquidity and trading services, and data solutions products for large corporations, financial institutions, merchants, start-ups, small and midsized companies, local governments, municipalities, nonprofits, and commercial real estate clients. In addition, the company offers multi-asset investment management solutions in equities, fixed income, alternatives, and money market funds to institutional clients and retail investors; retirement products and services, estate planning, lending, deposits, and investment management products to high-net-worth clients; and financial transaction processing. JPMorgan Chase & Co. was founded in 1799 and is headquartered in New York, New York.",
  "website": "https://www.jpmorganchase.com",
  "employees": 318512,
  "target_high": 400.0,
  "target_low": 280.0,
  "target_mean": 344.34784,
  "target_median": 345.0,
  "recommendation": "buy",
  "num_analysts": 23,
  "income_stmt": {
    "2025-12-31T00:00:00": {
      "Tax Effect Of Unusual Items": -106223734.416971,
      "Tax Rate For Calcs": 0.214161,
      "Total Unusual Items": -496000000.0,
      "Total Unusual Items Excluding Goodwill": -496000000.0,
      "Net Income From Continuing Operation Net Minority Interest": 57048000000.0,
      "Reconciled Depreciation": 8821000000.0,
      "Net Interest Income": 95443000000.0,
      "Interest Expense": 97898000000.0,
      "Interest Income": 193341000000.0,
      "Normalized Income": 57437776265.58303,
      "Net Income From Continuing And Discontinued Operation": 57048000000.0,
      "Diluted Average Shares": 2781500000.0,
      "Basic Average Shares": 2776500000.0,
      "Diluted EPS": 20.02,
      "Basic EPS": 20.05,
      "Diluted NI Availto Com Stockholders": 55681000000.0,
      "Net Income Common Stockholders": 55681000000.0,
      "Otherunder Preferred Stock Dividend": 268000000.0,
      "Preferred Stock Dividends": 1099000000.0,
      "Net Income": 57048000000.0,
      "Net Income Including Noncontrolling Interests": 57048000000.0,
      "Net Income Continuous Operations": 57048000000.0,
      "Tax Provision": 15547000000.0,
      "Pretax Income": 72595000000.0,
      "Special Income Charges": -496000000.0,
      "Other Special Charges": 1124000000.0,
      "Restructuring And Mergern Acquisition": -628000000.0,
      "Gain On Sale Of Security": -29000000.0,
      "Selling General And Administration": 60018000000.0,
      "Selling And Marketing Expense": 5531000000.0,
      "General And Administrative Expense": 54487000000.0,
      "Salaries And Wages": 54487000000.0,
      "Total Revenue": 181847000000.0,
      "Operating Revenue": 181847000000.0,
      "Occupancy And Equipment": 16490000000.0,
      "Professional Expense And Contract Services Expense": 12356000000.0,
      "Other Non Interest Expense": 5652000000.0
    },
    "2024-12-31T00:00:00": {
      "Tax Effect Of Unusual Items": 1466297465.40403,
      "Tax Rate For Calcs": 0.221228,
      "Total Unusual Items": 6628000000.0,
      "Total Unusual Items Excluding Goodwill": 6628000000.0,
      "Net Income From Continuing Operation Net Minority Interest": 58471000000.0,
      "Reconciled Depreciation": 7938000000.0,
      "Net Interest Income": 92583000000.0,
      "Interest Expense": 101350000000.0,
      "Interest Income": 193933000000.0,
      "Normalized Income": 53309297465.40403,
      "Net Income From Continuing And Discontinued Operation": 58471000000.0,
      "Diluted Average Shares": 2879000000.0,
      "Basic Average Shares": 2873900000.0,
      "Diluted EPS": 19.75,
      "Basic EPS": 19.79,
      "Diluted NI Availto Com Stockholders": 56868000000.0,
      "Net Income Common Stockholders": 56868000000.0,
      "Otherunder Preferred Stock Dividend": 344000000.0,
      "Preferred Stock Dividends": 1259000000.0,
      "Net Income": 58471000000.0,
      "Net Income Including Noncontrolling Interests": 58471000000.0,
      "Net Income Continuous Operations": 58471000000.0,
      "Tax Provision": 16610000000.0,
      "Pretax Income": 75081000000.0,
      "Special Income Charges": 6628000000.0,
      "Other Special Charges": -6525000000.0,
      "Restructuring And Mergern Acquisition": -103000000.0,
      "Gain On Sale Of Security": -1045000000.0,
      "Selling General And Administration": 56331000000.0,
      "Selling And Marketing Expense": 4974000000.0,
      "General And Administrative Expense": 51357000000.0,
      "Salaries And Wages": 51357000000.0,
      "Total Revenue": 169439000000.0,
      "Operating Revenue": 169439000000.0,
      "Occupancy And Equipment": 14857000000.0,
      "Professional Expense And Contract Services Expense": 11057000000.0,
      "Other Non Interest Expense": 8087000000.0
    },
    "2023-12-31T00:00:00": {
      "Tax Effect Of Unusual Items": -239512000.0,
      "Tax Rate For Calcs": 0.196,
      "Total Unusual Items": -1222000000.0,
      "Total Unusual Items Excluding Goodwill": -1222000000.0,
      "Net Income From Continuing Operation Net Minority Interest": 49552000000.0,
      "Reconciled Depreciation": 7512000000.0,
      "Net Interest Income": 89267000000.0,
      "Interest Expense": 81321000000.0,
      "Interest Income": 170588000000.0,
      "Normalized Income": 50534488000.0,
      "Net Income From Continuing And Discontinued Operation": 49552000000.0,
      "Diluted Average Shares": 2943100000.0,
      "Basic Average Shares": 2938600000.0,
      "Diluted EPS": 16.23,
      "Basic EPS": 16.25,
      "Diluted NI Availto Com Stockholders": 47760000000.0,
      "Net Income Common Stockholders": 47760000000.0,
      "Otherunder Preferred Stock Dividend": 291000000.0,
      "Preferred Stock Dividends": 1501000000.0,
      "Net Income": 49552000000.0,
      "Net Income Including Noncontrolling Interests": 49552000000.0,
      "Net Income Continuous Operations": 49552000000.0,
      "Tax Provision": 12060000000.0,
      "Pretax Income": 61612000000.0,
      "Special Income Charges": -1222000000.0,
      "Other Special Charges": 4336000000.0,
      "Restructuring And Mergern Acquisition": -3114000000.0,
      "Gain On Sale Of Security": -3218000000.0,
      "Selling General And Administration": 51056000000.0,
      "Selling And Marketing Expense": 4591000000.0,
      "General And Administrative Expense": 46465000000.0,
      "Salaries And Wages": 46465000000.0,
      "Total Revenue": 154952000000.0,
      "Operating Revenue": 154952000000.0,
      "Occupancy And Equipment": 13836000000.0,
      "Professional Expense And Contract Services Expense": 10235000000.0,
      "Other Non Interest Expense": 7709000000.0
    },
    "2022-12-31T00:00:00": {
      "Tax Effect Of Unusual Items": 119232000.0,
      "Tax Rate For Calcs": 0.184,
      "Total Unusual Items": 648000000.0,
      "Total Unusual Items Excluding Goodwill": 648000000.0,
      "Net Income From Continuing Operation Net Minority Interest": 37676000000.0,
      "Reconciled Depreciation": 7051000000.0,
      "Net Interest Income": 66710000000.0,
      "Interest Expense": 26097000000.0,
      "Interest Income": 92807000000.0,
      "Normalized Income": 37147232000.0,
      "Net Income From Continuing And Discontinued Operation": 37676000000.0,
      "Diluted Average Shares": 2970000000.0,
      "Basic Average Shares": 2965800000.0,
      "Diluted EPS": 12.09,
      "Basic EPS": 12.1,
      "Diluted NI Availto Com Stockholders": 35892000000.0,
      "Net Income Common Stockholders": 35892000000.0,
      "Otherunder Preferred Stock Dividend": 189000000.0,
      "Preferred Stock Dividends": 1595000000.0,
      "Net Income": 37676000000.0,
      "Net Income Including Noncontrolling Interests": 37676000000.0,
      "Net Income Continuous Operations": 37676000000.0,
      "Tax Provision": 8490000000.0,
      "Pretax Income": 46166000000.0,
      "Special Income Charges": 648000000.0,
      "Other Special Charges": -648000000.0,
      "Restructuring And Mergern Acquisition": 0.0,
      "Gain On Sale Of Security": -2434000000.0,
      "Selling General And Administration": 45547000000.0,
      "Selling And Marketing Expense": 3911000000.0,
      "General And Administrative Expense": 41636000000.0,
      "Salaries And Wages": 41636000000.0,
      "Total Revenue": 127727000000.0,
      "Operating Revenue": 127727000000.0,
      "Occupancy And Equipment": 14054000000.0,
      "Professional Expense And Contract Services Expense": 10174000000.0,
      "Other Non Interest Expense": 6099000000.0
    }
  },
  "quarterly_income": {
    "2025-12-31T00:00:00": {
      "Tax Effect Of Unusual Items": -270847319.347319,
      "Tax Rate For Calcs": 0.240967,
      "Total Unusual Items": -1124000000.0,
      "Total Unusual Items Excluding Goodwill": -1124000000.0,
      "Net Income From Continuing Operation Net Minority Interest": 13025000000.0,
      "Reconciled Depreciation": 2312000000.0,
      "Net Interest Income": 24995000000.0,
      "Interest Expense": 23813000000.0,
      "Interest Income": 48808000000.0,
      "Normalized Income": 13878152680.652681,
      "Net Income From Continuing And Discontinued Operation": 13025000000.0,
      "Diluted Average Shares": 2740500000.0,
      "Basic Average Shares": 2735300000.0,
      "Diluted EPS": 4.63,
      "Basic EPS": 4.64,
      "Diluted NI Availto Com Stockholders": 12690000000.0,
      "Net Income Common Stockholders": 12690000000.0,
      "Otherunder Preferred Stock Dividend": 55000000.0,
      "Preferred Stock Dividends": 280000000.0,
      "Net Income": 13025000000.0,
      "Net Income Including Noncontrolling Interests": 13025000000.0,
      "Net Income Continuous Operations": 13025000000.0,
      "Tax Provision": 4135000000.0,
      "Pretax Income": 17160000000.0,
      "Special Income Charges": -1124000000.0,
      "Other Special Charges": null,
      "Restructuring And Mergern Acquisition": 0.0,
      "Gain On Sale Of Security": -73000000.0,
      "Selling General And Administration": 14586000000.0,
      "Selling And Marketing Expense": 1468000000.0,
      "General And Administrative Expense": 13118000000.0,
      "Insurance And Claims": null,
      "Salaries And Wages": 13118000000.0,
      "Total Revenue": 45796000000.0,
      "Operating Revenue": 45796000000.0,
      "Occupancy And Equipment": 4383000000.0,
      "Professional Expense And Contract Services Expense": 3338000000.0,
      "Other Non Interest Expense": 552000000.0
    },
    "2025-09-30T00:00:00": {
      "Tax Effect Of Unusual Items": 0.0,
      "Tax Rate For Calcs": 0.232087,
      "Total Unusual Items": 0.0,
      "Total Unusual Items Excluding Goodwill": 0.0,
      "Net Income From Continuing Operation Net Minority Interest": 14393000000.0,
      "Reconciled Depreciation": 2269000000.0,
      "Net Interest Income": 23966000000.0,
      "Interest Expense": 25473000000.0,
      "Interest Income": 49439000000.0,
      "Normalized Income": 14393000000.0,
      "Net Income From Continuing And Discontinued Operation": 14393000000.0,
      "Diluted Average Shares": 2767600000.0,
      "Basic Average Shares": 2762400000.0,
      "Diluted EPS": 5.07,
      "Basic EPS": 5.08,
      "Diluted NI Availto Com Stockholders": 14043000000.0,
      "Net Income Common Stockholders": 14043000000.0,
      "Otherunder Preferred Stock Dividend": 68000000.0,
      "Preferred Stock Dividends": 282000000.0,
      "Net Income": 14393000000.0,
      "Net Income Including Noncontrolling Interests": 14393000000.0,
      "Net Income Continuous Operations": 14393000000.0,
      "Tax Provision": 4350000000.0,
      "Pretax Income": 18743000000.0,
      "Special Income Charges": 0.0,
      "Other Special Charges": null,
      "Restructuring And Mergern Acquisition": 0.0,
      "Gain On Sale Of Security": 108000000.0,
      "Selling General And Administration": 15046000000.0,
      "Selling And Marketing Expense": 1480000000.0,
      "General And Administrative Expense": 13566000000.0,
      "Insurance And Claims": null,
      "Salaries And Wages": 13566000000.0,
      "Total Revenue": 46430000000.0,
      "Operating Revenue": 46430000000.0,
      "Occupancy And Equipment": 4259000000.0,
      "Professional Expense And Contract Services Expense": 3173000000.0,
      "Other Non Interest Expense": 1803000000.0
    },
    "2025-06-30T00:00:00": {
      "Tax Effect Of Unusual Items": -14065084.226646,
      "Tax Rate For Calcs": 0.180322,
      "Total Unusual Items": -78000000.0,
      "Total Unusual Items Excluding Goodwill": -78000000.0,
      "Net Income From Continuing Operation Net Minority Interest": 14987000000.0,
      "Reconciled Depreciation": 2210000000.0,
      "Net Interest Income": 23209000000.0,
      "Interest Expense": 25032000000.0,
      "Interest Income": 48241000000.0,
      "Normalized Income": 15050934915.773354,
      "Net Income From Continuing And Discontinued Operation": 14987000000.0,
      "Diluted Average Shares": 2793700000.0,
      "Basic Average Shares": 2788700000.0,
      "Diluted EPS": 5.24,
      "Basic EPS": 5.25,
      "Diluted NI Availto Com Stockholders": 14630000000.0,
      "Net Income Common Stockholders": 14630000000.0,
      "Otherunder Preferred Stock Dividend": 75000000.0,
      "Preferred Stock Dividends": 282000000.0,
      "Net Income": 14987000000.0,
      "Net Income Including Noncontrolling Interests": 14987000000.0,
      "Net Income Continuous Operations": 14987000000.0,
      "Tax Provision": 3297000000.0,
      "Pretax Income": 18284000000.0,
      "Special Income Charges": -78000000.0,
      "Other Special Charges": 78000000.0,
      "Restructuring And Mergern Acquisition": null,
      "Gain On Sale Of Security": -44000000.0,
      "Selling General And Administration": 14989000000.0,
      "Selling And Marketing Expense": 1279000000.0,
      "General And Administrative Expense": 13710000000.0,
      "Insurance And Claims": null,
      "Salaries And Wages": 13710000000.0,
      "Total Revenue": 44882000000.0,
      "Operating Revenue": 44882000000.0,
      "Occupancy And Equipment": 3968000000.0,
      "Professional Expense And Contract Services Expense": 3006000000.0,
      "Other Non Interest Expense": 1698000000.0
    },
    "2025-03-31T00:00:00": {
      "Tax Effect Of Unusual Items": -91020000.0,
      "Tax Rate For Calcs": 0.205,
      "Total Unusual Items": -444000000.0,
      "Total Unusual Items Excluding Goodwill": -444000000.0,
      "Net Income From Continuing Operation Net Minority Interest": 14643000000.0,
      "Reconciled Depreciation": 2030000000.0,
      "Net Interest Income": 23273000000.0,
      "Interest Expense": 23580000000.0,
      "Interest Income": 46853000000.0,
      "Normalized Income": 14995980000.0,
      "Net Income From Continuing And Discontinued Operation": 14643000000.0,
      "Diluted Average Shares": 2824300000.0,
      "Basic Average Shares": 2819400000.0,
      "Diluted EPS": 5.07,
      "Basic EPS": 5.08,
      "Diluted NI Availto Com Stockholders": 14317000000.0,
      "Net Income Common Stockholders": 14317000000.0,
      "Otherunder Preferred Stock Dividend": 71000000.0,
      "Preferred Stock Dividends": 255000000.0,
      "Net Income": 14643000000.0,
      "Net Income Including Noncontrolling Interests": 14643000000.0,
      "Net Income Continuous Operations": 14643000000.0,
      "Tax Provision": 3765000000.0,
      "Pretax Income": 18408000000.0,
      "Special Income Charges": -444000000.0,
      "Other Special Charges": 444000000.0,
      "Restructuring And Mergern Acquisition": null,
      "Gain On Sale Of Security": -20000000.0,
      "Selling General And Administration": 15731000000.0,
      "Selling And Marketing Expense": 1304000000.0,
      "General And Administrative Expense": 14427000000.0,
      "Insurance And Claims": 334000000.0,
      "Salaries And Wages": 14093000000.0,
      "Total Revenue": 45327000000.0,
      "Operating Revenue": 45327000000.0,
      "Occupancy And Equipment": 3880000000.0,
      "Professional Expense And Contract Services Expense": 2839000000.0,
      "Other Non Interest Expense": 703000000.0
    },
    "2024-12-31T00:00:00": {
      "Tax Effect Of Unusual Items": -217813525.179856,
      "Tax Rate For Calcs": 0.193957,
      "Total Unusual Items": -1123000000.0,
      "Total Unusual Items Excluding Goodwill": -1123000000.0,
      "Net Income From Continuing Operation Net Minority Interest": 14005000000.0,
      "Reconciled Depreciation": 1965000000.0,
      "Net Interest Income": 23350000000.0,
      "Interest Expense": 24216000000.0,
      "Interest Income": 47566000000.0,
      "Normalized Income": 14910186474.820145,
      "Net Income From Continuing And Discontinued Operation": 14005000000.0,
      "Diluted Average Shares": 2842400000.0,
      "Basic Average Shares": 2836900000.0,
      "Diluted EPS": 4.81,
      "Basic EPS": 4.82,
      "Diluted NI Availto Com Stockholders": 13669000000.0,
      "Net Income Common Stockholders": 13669000000.0,
      "Otherunder Preferred Stock Dividend": 77000000.0,
      "Preferred Stock Dividends": 259000000.0,
      "Net Income": 14005000000.0,
      "Net Income Including Noncontrolling Interests": 14005000000.0,
      "Net Income Continuous Operations": 14005000000.0,
      "Tax Provision": 3370000000.0,
      "Pretax Income": 17375000000.0,
      "Special Income Charges": -1123000000.0,
      "Other Special Charges": 961000000.0,
      "Restructuring And Mergern Acquisition": 162000000.0,
      "Gain On Sale Of Security": -69000000.0,
      "Selling General And Administration": 13804000000.0,
      "Selling And Marketing Expense": 1335000000.0,
      "General And Administrative Expense": 12469000000.0,
      "Insurance And Claims": null,
      "Salaries And Wages": 12469000000.0,
      "Total Revenue": 42791000000.0,
      "Operating Revenue": 42791000000.0,
      "Occupancy And Equipment": 3825000000.0,
      "Professional Expense And Contract Services Expense": 3007000000.0,
      "Other Non Interest Expense": 1003000000.0
    },
    "2024-09-30T00:00:00": {
      "Tax Effect Of Unusual Items": null,
      "Tax Rate For Calcs": null,
      "Total Unusual Items": null,
      "Total Unusual Items Excluding Goodwill": null,
      "Net Income From Continuing Operation Net Minority Interest": null,
      "Reconciled Depreciation": null,
      "Net Interest Income": null,
      "Interest Expense": null,
      "Interest Income": null,
      "Normalized Income": null,
      "Net Income From Continuing And Discontinued Operation": null,
      "Diluted Average Shares": null,
      "Basic Average Shares": null,
      "Diluted EPS": null,
      "Basic EPS": null,
      "Diluted NI Availto Com Stockholders": null,
      "Net Income Common Stockholders": null,
      "Otherunder Preferred Stock Dividend": null,
      "Preferred Stock Dividends": null,
      "Net Income": null,
      "Net Income Including Noncontrolling Interests": null,
      "Net Income Continuous Operations": null,
      "Tax Provision": null,
      "Pretax Income": null,
      "Special Income Charges": null,
      "Other Special Charges": 259000000.0,
      "Restructuring And Mergern Acquisition": 0.0,
      "Gain On Sale Of Security": null,
      "Selling General And Administration": null,
      "Selling And Marketing Expense": null,
      "General And Administrative Expense": null,
      "Insurance And Claims": null,
      "Salaries And Wages": null,
      "Total Revenue": null,
      "Operating Revenue": null,
      "Occupancy And Equipment": null,
      "Professional Expense And Contract Services Expense": null,
      "Other Non Interest Expense": null
    },
    "2024-06-30T00:00:00": {
      "Tax Effect Of Unusual Items": null,
      "Tax Rate For Calcs": null,
      "Total Unusual Items": null,
      "Total Unusual Items Excluding Goodwill": null,
      "Net Income From Continuing Operation Net Minority Interest": null,
      "Reconciled Depreciation": null,
      "Net Interest Income": null,
      "Interest Expense": null,
      "Interest Income": null,
      "Normalized Income": null,
      "Net Income From Continuing And Discontinued Operation": null,
      "Diluted Average Shares": null,
      "Basic Average Shares": null,
      "Diluted EPS": null,
      "Basic EPS": null,
      "Diluted NI Availto Com Stockholders": null,
      "Net Income Common Stockholders": null,
      "Otherunder Preferred Stock Dividend": null,
      "Preferred Stock Dividends": null,
      "Net Income": null,
      "Net Income Including Noncontrolling Interests": null,
      "Net Income Continuous Operations": null,
      "Tax Provision": null,
      "Pretax Income": null,
      "Special Income Charges": null,
      "Other Special Charges": -7673000000.0,
      "Restructuring And Mergern Acquisition": -119000000.0,
      "Gain On Sale Of Security": null,
      "Selling General And Administration": null,
      "Selling And Marketing Expense": null,
      "General And Administrative Expense": null,
      "Insurance And Claims": null,
      "Salaries And Wages": null,
      "Total Revenue": null,
      "Operating Revenue": null,
      "Occupancy And Equipment": null,
      "Professional Expense And Contract Services Expense": null,
      "Other Non Interest Expense": null
    }
  },
  "balance_sheet": {
    "2025-12-31T00:00:00": {
      "Treasury Shares Number": 1408671600.0,
      "Preferred Shares Number": 391850000.0,
      "Ordinary Shares Number": 2696200000.0,
      "Share Issued": 4104871600.0,
      "Net Debt": 156644000000.0,
      "Total Debt": 499982000000.0,
      "Tangible Book Value": 277935000000.0,
      "Invested Capital": 842375000000.0,
      "Net Tangible Assets": 297980000000.0,
      "Common Stock Equity": 342393000000.0,
      "Preferred Stock Equity": 20045000000.0,
      "Total Capitalization": 796408000000.0,
      "Total Equity Gross Minority Interest": 362438000000.0,
      "Stockholders Equity": 362438000000.0,
      "Gains Losses Not Affecting Retained Earnings": -4290000000.0,
      "Other Equity Adjustments": -4290000000.0,
      "Treasury Stock": 164591000000.0,
      "Retained Earnings": 416055000000.0,
      "Additional Paid In Capital": 91114000000.0,
      "Capital Stock": 24150000000.0,
      "Common Stock": 4105000000.0,
      "Preferred Stock": 20045000000.0,
      "Total Liabilities Net Minority Interest": 4062462000000.0,
      "Long Term Debt And Capital Lease Obligation": 433970000000.0,
      "Long Term Debt": 433970000000.0,
      "Current Debt And Capital Lease Obligation": 66012000000.0,
      "Current Debt": 66012000000.0,
      "Other Current Borrowings": 66012000000.0,
      "Payables And Accrued Expenses": 347123000000.0,
      "Payables": 347123000000.0,
      "Other Payable": 160465000000.0,
      "Accounts Payable": 186658000000.0,
      "Total Assets": 4424900000000.0,
      "Investments And Advances": 1406543000000.0,
      "Held To Maturity Securities": 270134000000.0,
      "Trading Securities": 636946000000.0,
      "Goodwill And Other Intangible Assets": 64458000000.0,
      "Other Intangible Assets": 11727000000.0,
      "Goodwill": 52731000000.0,
      "Net PPE": 36244000000.0,
      "Gross PPE": 36244000000.0,
      "Other Properties": 17203000000.0,
      "Properties": 19041000000.0,
      "Receivables": 111599000000.0,
      "Accounts Receivable": 111599000000.0,
      "Other Short Term Investments": 499463000000.0,
      "Cash And Cash Equivalents": 343338000000.0,
      "Cash Financial": 21742000000.0,
      "Cash Cash Equivalents And Federal Funds Sold": 679764000000.0
    },
    "2024-12-31T00:00:00": {
      "Treasury Shares Number": 1307313494.0,
      "Preferred Shares Number": 391850000.0,
      "Ordinary Shares Number": 2797620401.0,
      "Share Issued": 4104933895.0,
      "Net Debt": null,
      "Total Debt": 454311000000.0,
      "Tangible Book Value": 260148000000.0,
      "Invested Capital": 779019000000.0,
      "Net Tangible Assets": 280198000000.0,
      "Common Stock Equity": 324708000000.0,
      "Preferred Stock Equity": 20050000000.0,
      "Total Capitalization": 746176000000.0,
      "Total Equity Gross Minority Interest": 344758000000.0,
      "Stockholders Equity": 344758000000.0,
      "Gains Losses Not Affecting Retained Earnings": -12456000000.0,
      "Other Equity Adjustments": -12456000000.0,
      "Treasury Stock": 134018000000.0,
      "Retained Earnings": 376166000000.0,
      "Additional Paid In Capital": 90911000000.0,
      "Capital Stock": 24155000000.0,
      "Common Stock": 4105000000.0,
      "Preferred Stock": 20050000000.0,
      "Total Liabilities Net Minority Interest": 3658056000000.0,
      "Long Term Debt And Capital Lease Obligation": 401418000000.0,
      "Long Term Debt": 401418000000.0,
      "Current Debt And Capital Lease Obligation": 52893000000.0,
      "Current Debt": 52893000000.0,
      "Other Current Borrowings": 52893000000.0,
      "Payables And Accrued Expenses": 305933000000.0,
      "Payables": 305933000000.0,
      "Other Payable": 152780000000.0,
      "Accounts Payable": 153153000000.0,
      "Total Assets": 4002814000000.0,
      "Investments And Advances": 1172872000000.0,
      "Held To Maturity Securities": 274468000000.0,
      "Trading Securities": 501714000000.0,
      "Goodwill And Other Intangible Assets": 64560000000.0,
      "Other Intangible Assets": 11995000000.0,
      "Goodwill": 52565000000.0,
      "Net PPE": 32223000000.0,
      "Gross PPE": 32223000000.0,
      "Other Properties": 15349000000.0,
      "Properties": 16874000000.0,
      "Receivables": 101223000000.0,
      "Accounts Receivable": 101223000000.0,
      "Other Short Term Investments": 396690000000.0,
      "Cash And Cash Equivalents": 469317000000.0,
      "Cash Financial": 23372000000.0,
      "Cash Cash Equivalents And Federal Funds Sold": 764318000000.0
    },
    "2023-12-31T00:00:00": {
      "Treasury Shares Number": 1228275301.0,
      "Preferred Shares Number": 391850000.0,
      "Ordinary Shares Number": 2876658594.0,
      "Share Issued": 4104933895.0,
      "Net Debt": null,
      "Total Debt": 436537000000.0,
      "Tangible Book Value": 236093000000.0,
      "Invested Capital": 737011000000.0,
      "Net Tangible Assets": 263497000000.0,
      "Common Stock Equity": 300474000000.0,
      "Preferred Stock Equity": 27404000000.0,
      "Total Capitalization": 719703000000.0,
      "Total Equity Gross Minority Interest": 327878000000.0,
      "Stockholders Equity": 327878000000.0,
      "Gains Losses Not Affecting Retained Earnings": -10443000000.0,
      "Other Equity Adjustments": -10443000000.0,
      "Treasury Stock": 116217000000.0,
      "Retained Earnings": 332901000000.0,
      "Additional Paid In Capital": 90128000000.0,
      "Capital Stock": 31509000000.0,
      "Common Stock": 4105000000.0,
      "Preferred Stock": 27404000000.0,
      "Total Liabilities Net Minority Interest": 3547515000000.0,
      "Long Term Debt And Capital Lease Obligation": 391825000000.0,
      "Long Term Debt": 391825000000.0,
      "Current Debt And Capital Lease Obligation": 44712000000.0,
      "Current Debt": 44712000000.0,
      "Other Current Borrowings": 44712000000.0,
      "Payables And Accrued Expenses": 317954000000.0,
      "Payables": 317954000000.0,
      "Other Payable": 155994000000.0,
      "Accounts Payable": 161960000000.0,
      "Total Assets": 3875393000000.0,
      "Investments And Advances": 973946000000.0,
      "Held To Maturity Securities": 369848000000.0,
      "Trading Securities": 411613000000.0,
      "Goodwill And Other Intangible Assets": 64381000000.0,
      "Other Intangible Assets": 11747000000.0,
      "Goodwill": 52634000000.0,
      "Net PPE": 30157000000.0,
      "Gross PPE": 30157000000.0,
      "Other Properties": 15295000000.0,
      "Properties": 14862000000.0,
      "Receivables": 107363000000.0,
      "Accounts Receivable": 107363000000.0,
      "Other Short Term Investments": 192485000000.0,
      "Cash And Cash Equivalents": 624151000000.0,
      "Cash Financial": 29066000000.0,
      "Cash Cash Equivalents And Federal Funds Sold": 900303000000.0
    },
    "2022-12-31T00:00:00": {
      "Treasury Shares Number": 1170676094.0,
      "Preferred Shares Number": 391850000.0,
      "Ordinary Shares Number": 2934257801.0,
      "Share Issued": 4104933895.0,
      "Net Debt": null,
      "Total Debt": 339892000000.0,
      "Tangible Book Value": 204069000000.0,
      "Invested Capital": 604820000000.0,
      "Net Tangible Assets": 231473000000.0,
      "Common Stock Equity": 264928000000.0,
      "Preferred Stock Equity": 27404000000.0,
      "Total Capitalization": 588197000000.0,
      "Total Equity Gross Minority Interest": 292332000000.0,
      "Stockholders Equity": 292332000000.0,
      "Gains Losses Not Affecting Retained Earnings": -17341000000.0,
      "Other Equity Adjustments": -17341000000.0,
      "Treasury Stock": 107336000000.0,
      "Retained Earnings": 296456000000.0,
      "Additional Paid In Capital": 89044000000.0,
      "Capital Stock": 31509000000.0,
      "Common Stock": 4105000000.0,
      "Preferred Stock": 27404000000.0,
      "Total Liabilities Net Minority Interest": 3373411000000.0,
      "Long Term Debt And Capital Lease Obligation": 295865000000.0,
      "Long Term Debt": 295865000000.0,
      "Current Debt And Capital Lease Obligation": 44027000000.0,
      "Current Debt": 44027000000.0,
      "Other Current Borrowings": 44027000000.0,
      "Payables And Accrued Expenses": 339982000000.0,
      "Payables": 339982000000.0,
      "Other Payable": 151290000000.0,
      "Accounts Payable": 188692000000.0,
      "Total Assets": 3665743000000.0,
      "Investments And Advances": 982116000000.0,
      "Held To Maturity Securities": 425305000000.0,
      "Trading Securities": 360112000000.0,
      "Goodwill And Other Intangible Assets": 60859000000.0,
      "Other Intangible Assets": 9197000000.0,
      "Goodwill": 51662000000.0,
      "Net PPE": 27734000000.0,
      "Gross PPE": 27734000000.0,
      "Other Properties": 14248000000.0,
      "Properties": 13486000000.0,
      "Receivables": 125189000000.0,
      "Accounts Receivable": 125189000000.0,
      "Other Short Term Investments": 196699000000.0,
      "Cash And Cash Equivalents": 567234000000.0,
      "Cash Financial": 27697000000.0,
      "Cash Cash Equivalents And Federal Funds Sold": 882826000000.0
    }
  },
  "cashflow": {
    "2025-12-31T00:00:00": {
      "Free Cash Flow": -147782000000.0,
      "Repurchase Of Capital Stock": -34591000000.0,
      "Repayment Of Debt": -108100000000.0,
      "Issuance Of Debt": 120761000000.0,
      "Issuance Of Capital Stock": 3000000000.0,
      "Interest Paid Supplemental Data": 96436000000.0,
      "Income Tax Paid Supplemental Data": 5309000000.0,
      "End Cash Position": 343338000000.0,
      "Beginning Cash Position": 469317000000.0,
      "Effect Of Exchange Rate Changes": 17835000000.0,
      "Changes In Cash": -143814000000.0,
      "Financing Cash Flow": 269533000000.0,
      "Cash Flow From Continuing Financing Activities": 269533000000.0,
      "Net Other Financing Charges": -3037000000.0,
      "Cash Dividends Paid": -16625000000.0,
      "Net Preferred Stock Issuance": 0.0,
      "Preferred Stock Payments": -3000000000.0,
      "Preferred Stock Issuance": 3000000000.0,
      "Net Common Stock Issuance": -31591000000.0,
      "Common Stock Payments": -31591000000.0,
      "Net Issuance Payments Of Debt": 22083000000.0,
      "Net Short Term Debt Issuance": 9422000000.0,
      "Net Long Term Debt Issuance": 12661000000.0,
      "Long Term Debt Payments": -108100000000.0,
      "Long Term Debt Issuance": 120761000000.0,
      "Investing Cash Flow": -265565000000.0,
      "Cash Flow From Continuing Investing Activities": -265565000000.0,
      "Net Other Investing Changes": -12665000000.0,
      "Net Investment Purchase And Sale": -80704000000.0,
      "Sale Of Investment": 233500000000.0,
      "Purchase Of Investment": -314204000000.0,
      "Net Business Purchase And Sale": 0.0,
      "Purchase Of Business": 0.0,
      "Operating Cash Flow": -147782000000.0,
      "Cash Flow From Continuing Operating Activities": -147782000000.0,
      "Change In Working Capital": -218801000000.0,
      "Change In Other Working Capital": -199975000000.0,
      "Change In Other Current Assets": -12582000000.0,
      "Change In Payables And Accrued Expense": 5270000000.0,
      "Change In Payable": 5270000000.0,
      "Change In Account Payable": 5270000000.0,
      "Change In Receivables": -11514000000.0,
      "Changes In Account Receivables": -11514000000.0,
      "Other Non Cash Items": -14673000000.0,
      "Deferred Tax": 5611000000.0,
      "Deferred Income Tax": 5611000000.0,
      "Depreciation Amortization Depletion": 8821000000.0,
      "Depreciation And Amortization": 8821000000.0,
      "Operating Gains Losses": null,
      "Gain Loss On Investment Securities": 0.0,
      "Gain Loss On Sale Of Business": null,
      "Net Income From Continuing Operations": 57048000000.0
    },
    "2024-12-31T00:00:00": {
      "Free Cash Flow": -42012000000.0,
      "Repurchase Of Capital Stock": -28680000000.0,
      "Repayment Of Debt": -96605000000.0,
      "Issuance Of Debt": 109915000000.0,
      "Issuance Of Capital Stock": 2500000000.0,
      "Interest Paid Supplemental Data": 99642000000.0,
      "Income Tax Paid Supplemental Data": 11715000000.0,
      "End Cash Position": 469317000000.0,
      "Beginning Cash Position": 624151000000.0,
      "Effect Of Exchange Rate Changes": -12866000000.0,
      "Changes In Cash": -141968000000.0,
      "Financing Cash Flow": 63447000000.0,
      "Cash Flow From Continuing Financing Activities": 63447000000.0,
      "Net Other Financing Charges": 74000000.0,
      "Cash Dividends Paid": -14783000000.0,
      "Net Preferred Stock Issuance": -7350000000.0,
      "Preferred Stock Payments": -9850000000.0,
      "Preferred Stock Issuance": 2500000000.0,
      "Net Common Stock Issuance": -18830000000.0,
      "Common Stock Payments": -18830000000.0,
      "Net Issuance Payments Of Debt": 20749000000.0,
      "Net Short Term Debt Issuance": 7439000000.0,
      "Net Long Term Debt Issuance": 13310000000.0,
      "Long Term Debt Payments": -96605000000.0,
      "Long Term Debt Issuance": 109915000000.0,
      "Investing Cash Flow": -163403000000.0,
      "Cash Flow From Continuing Investing Activities": -163403000000.0,
      "Net Other Investing Changes": -2146000000.0,
      "Net Investment Purchase And Sale": -114934000000.0,
      "Sale Of Investment": 242487000000.0,
      "Purchase Of Investment": -357421000000.0,
      "Net Business Purchase And Sale": -2362000000.0,
      "Purchase Of Business": -2362000000.0,
      "Operating Cash Flow": -42012000000.0,
      "Cash Flow From Continuing Operating Activities": -42012000000.0,
      "Change In Working Capital": -114220000000.0,
      "Change In Other Working Capital": -112215000000.0,
      "Change In Other Current Assets": -7650000000.0,
      "Change In Payables And Accrued Expense": -90000000.0,
      "Change In Payable": -90000000.0,
      "Change In Account Payable": -90000000.0,
      "Change In Receivables": 5735000000.0,
      "Changes In Account Receivables": 5735000000.0,
      "Other Non Cash Items": 1107000000.0,
      "Deferred Tax": 2004000000.0,
      "Deferred Income Tax": 2004000000.0,
      "Depreciation Amortization Depletion": 7938000000.0,
      "Depreciation And Amortization": 7938000000.0,
      "Operating Gains Losses": -7990000000.0,
      "Gain Loss On Investment Securities": -7990000000.0,
      "Gain Loss On Sale Of Business": null,
      "Net Income From Continuing Operations": 58471000000.0
    },
    "2023-12-31T00:00:00": {
      "Free Cash Flow": 12974000000.0,
      "Repurchase Of Capital Stock": -9824000000.0,
      "Repayment Of Debt": -64880000000.0,
      "Issuance Of Debt": 75417000000.0,
      "Issuance Of Capital Stock": 0.0,
      "Interest Paid Supplemental Data": 77114000000.0,
      "Income Tax Paid Supplemental Data": 9908000000.0,
      "End Cash Position": 624151000000.0,
      "Beginning Cash Position": 567234000000.0,
      "Effect Of Exchange Rate Changes": 1871000000.0,
      "Changes In Cash": 55046000000.0,
      "Financing Cash Flow": -25571000000.0,
      "Cash Flow From Continuing Financing Activities": -25571000000.0,
      "Net Other Financing Charges": 7508000000.0,
      "Cash Dividends Paid": -13463000000.0,
      "Net Preferred Stock Issuance": 0.0,
      "Preferred Stock Payments": 0.0,
      "Preferred Stock Issuance": 0.0,
      "Net Common Stock Issuance": -9824000000.0,
      "Common Stock Payments": -9824000000.0,
      "Net Issuance Payments Of Debt": 8603000000.0,
      "Net Short Term Debt Issuance": -1934000000.0,
      "Net Long Term Debt Issuance": 10537000000.0,
      "Long Term Debt Payments": -64880000000.0,
      "Long Term Debt Issuance": 75417000000.0,
      "Investing Cash Flow": 67643000000.0,
      "Cash Flow From Continuing Investing Activities": 67643000000.0,
      "Net Other Investing Changes": -16740000000.0,
      "Net Investment Purchase And Sale": 95594000000.0,
      "Sale Of Investment": 215234000000.0,
      "Purchase Of Investment": -119640000000.0,
      "Net Business Purchase And Sale": -9920000000.0,
      "Purchase Of Business": -9920000000.0,
      "Operating Cash Flow": 12974000000.0,
      "Cash Flow From Continuing Operating Activities": 12974000000.0,
      "Change In Working Capital": -56168000000.0,
      "Change In Other Working Capital": -83678000000.0,
      "Change In Other Current Assets": 32970000000.0,
      "Change In Payables And Accrued Expense": -25388000000.0,
      "Change In Payable": -25388000000.0,
      "Change In Account Payable": -25388000000.0,
      "Change In Receivables": 19928000000.0,
      "Changes In Account Receivables": 19928000000.0,
      "Other Non Cash Items": 7292000000.0,
      "Deferred Tax": -4534000000.0,
      "Deferred Income Tax": -4534000000.0,
      "Depreciation Amortization Depletion": 7512000000.0,
      "Depreciation And Amortization": 7512000000.0,
      "Operating Gains Losses": -2775000000.0,
      "Gain Loss On Investment Securities": 0.0,
      "Gain Loss On Sale Of Business": -2775000000.0,
      "Net Income From Continuing Operations": 49552000000.0
    },
    "2022-12-31T00:00:00": {
      "Free Cash Flow": 107119000000.0,
      "Repurchase Of Capital Stock": -10596000000.0,
      "Repayment Of Debt": -45556000000.0,
      "Issuance Of Debt": 78442000000.0,
      "Issuance Of Capital Stock": 0.0,
      "Interest Paid Supplemental Data": 23143000000.0,
      "Income Tax Paid Supplemental Data": 4355000000.0,
      "End Cash Position": 567234000000.0,
      "Beginning Cash Position": 740834000000.0,
      "Effect Of Exchange Rate Changes": -16643000000.0,
      "Changes In Cash": -156957000000.0,
      "Financing Cash Flow": -126257000000.0,
      "Cash Flow From Continuing Financing Activities": -126257000000.0,
      "Net Other Financing Charges": 2439000000.0,
      "Cash Dividends Paid": -13562000000.0,
      "Net Preferred Stock Issuance": -7434000000.0,
      "Preferred Stock Payments": -7434000000.0,
      "Preferred Stock Issuance": 0.0,
      "Net Common Stock Issuance": -3162000000.0,
      "Common Stock Payments": -3162000000.0,
      "Net Issuance Payments Of Debt": 23902000000.0,
      "Net Short Term Debt Issuance": -8984000000.0,
      "Net Long Term Debt Issuance": 32886000000.0,
      "Long Term Debt Payments": -45556000000.0,
      "Long Term Debt Issuance": 78442000000.0,
      "Investing Cash Flow": -137819000000.0,
      "Cash Flow From Continuing Investing Activities": -137819000000.0,
      "Net Other Investing Changes": -11932000000.0,
      "Net Investment Purchase And Sale": 12467000000.0,
      "Sale Of Investment": 172401000000.0,
      "Purchase Of Investment": -159934000000.0,
      "Net Business Purchase And Sale": 0.0,
      "Purchase Of Business": 0.0,
      "Operating Cash Flow": 107119000000.0,
      "Cash Flow From Continuing Operating Activities": 107119000000.0,
      "Change In Working Capital": 32686000000.0,
      "Change In Other Working Capital": -76000000.0,
      "Change In Other Current Assets": -2882000000.0,
      "Change In Payables And Accrued Expense": 58614000000.0,
      "Change In Payable": 58614000000.0,
      "Change In Account Payable": 58614000000.0,
      "Change In Receivables": -22970000000.0,
      "Changes In Account Receivables": -22970000000.0,
      "Other Non Cash Items": 26055000000.0,
      "Deferred Tax": -2738000000.0,
      "Deferred Income Tax": -2738000000.0,
      "Depreciation Amortization Depletion": 7051000000.0,
      "Depreciation And Amortization": 7051000000.0,
      "Operating Gains Losses": null,
      "Gain Loss On Investment Securities": 0.0,
      "Gain Loss On Sale Of Business": 0.0,
      "Net Income From Continuing Operations": 37676000000.0
    },
    "2021-12-31T00:00:00": {
      "Free Cash Flow": null,
      "Repurchase Of Capital Stock": null,
      "Repayment Of Debt": null,
      "Issuance Of Debt": null,
      "Issuance Of Capital Stock": null,
      "Interest Paid Supplemental Data": null,
      "Income Tax Paid Supplemental Data": null,
      "End Cash Position": null,
      "Beginning Cash Position": null,
      "Effect Of Exchange Rate Changes": null,
      "Changes In Cash": null,
      "Financing Cash Flow": null,
      "Cash Flow From Continuing Financing Activities": null,
      "Net Other Financing Charges": null,
      "Cash Dividends Paid": null,
      "Net Preferred Stock Issuance": null,
      "Preferred Stock Payments": null,
      "Preferred Stock Issuance": null,
      "Net Common Stock Issuance": null,
      "Common Stock Payments": null,
      "Net Issuance Payments Of Debt": null,
      "Net Short Term Debt Issuance": null,
      "Net Long Term Debt Issuance": null,
      "Long Term Debt Payments": null,
      "Long Term Debt Issuance": null,
      "Investing Cash Flow": null,
      "Cash Flow From Continuing Investing Activities": null,
      "Net Other Investing Changes": null,
      "Net Investment Purchase And Sale": null,
      "Sale Of Investment": null,
      "Purchase Of Investment": null,
      "Net Business Purchase And Sale": null,
      "Purchase Of Business": null,
      "Operating Cash Flow": null,
      "Cash Flow From Continuing Operating Activities": null,
      "Change In Working Capital": null,
      "Change In Other Working Capital": null,
      "Change In Other Current Assets": null,
      "Change In Payables And Accrued Expense": null,
      "Change In Payable": null,
      "Change In Account Payable": null,
      "Change In Receivables": null,
      "Changes In Account Receivables": null,
      "Other Non Cash Items": null,
      "Deferred Tax": null,
      "Deferred Income Tax": null,
      "Depreciation Amortization Depletion": null,
      "Depreciation And Amortization": null,
      "Operating Gains Losses": null,
      "Gain Loss On Investment Securities": null,
      "Gain Loss On Sale Of Business": 0.0,
      "Net Income From Continuing Operations": null
    }
  },
  "earnings_estimate": {
    "avg": {
      "0q": 5.49765,
      "+1q": 5.44972,
      "0y": 21.90712,
      "+1y": 23.49232
    },
    "low": {
      "0q": 5.01646,
      "+1q": 5.16717,
      "0y": 21.14,
      "+1y": 21.84
    },
    "high": {
      "0q": 6.01,
      "+1q": 6.05,
      "0y": 22.74,
      "+1y": 25.32
    },
    "yearAgoEps": {
      "0q": 5.07,
      "+1q": 4.96,
      "0y": 19.73,
      "+1y": 21.90712
    },
    "numberOfAnalysts": {
      "0q": 10,
      "+1q": 10,
      "0y": 12,
      "+1y": 12
    },
    "growth": {
      "0q": 0.084300004,
      "+1q": 0.0987,
      "0y": 0.1103,
      "+1y": 0.072399996
    }
  },
  "revenue_estimate": {
    "avg": {
      "0q": 48303202190,
      "+1q": 48230509560,
      "0y": 194566979640,
      "+1y": 202335751600
    },
    "low": {
      "0q": 46566000000,
      "+1q": 46843000000,
      "0y": 190248000000,
      "+1y": 199081000000
    },
    "high": {
      "0q": 50143000000,
      "+1q": 49727000000,
      "0y": 198000000000,
      "+1y": 207000000000
    },
    "numberOfAnalysts": {
      "0q": 8,
      "+1q": 8,
      "0y": 11,
      "+1y": 10
    },
    "yearAgoRevenue": {
      "0q": 45310000000,
      "+1q": 44912000000,
      "0y": 182447000000,
      "+1y": 194566979640
    },
    "growth": {
      "0q": 0.0661,
      "+1q": 0.0739,
      "0y": 0.0664,
      "+1y": 0.0399
    }
  },
  "growth_estimates": {
    "stockTrend": {
      "0q": 0.084300004,
      "+1q": 0.0987,
      "0y": 0.1103,
      "+1y": 0.072399996,
      "LTG": null
    },
    "indexTrend": {
      "0q": 0.1273,
      "+1q": 0.103599995,
      "0y": 0.14310001,
      "+1y": 0.1557,
      "LTG": 0.122
    }
  },
  "revenue_forecasts": null,
  "dividend_rate": 6.0,
  "trailing_dividend_rate": 5.8
}