{
  "ticker": "L.TO",
  "name": "Loblaw",
  "country": "canada",
  "currency": "CAD",
  "last_fetched": "2026-02-26T20:52:11.097970",
  "market_cap": 75394269184,
  "revenue": 63902998528,
  "net_income": 2531000064,
  "pe_ratio": 31.136587,
  "forward_pe": 22.534147,
  "dividend_yield": 0.88,
  "profit_margin": 0.041739997,
  "roe": 0.23172002,
  "debt_to_equity": 145.684,
  "beta": null,
  "ev_to_ebitda": 12.645,
  "sector": "Consumer Defensive",
  "industry": "Grocery Stores",
  "summary": "Loblaw Companies Limited, a food and pharmacy company, provides grocery, pharmacy and healthcare services, health and beauty products, apparel, general merchandise, financial services, and wireless mobile products and services in Canada and the United States. It operates through two segments, Retail and Financial Services. The Retail segment operates corporate and franchise-owned retail food, and associate-owned drug stores. This segment also includes in-store pharmacies, health care services, other health and beauty product stores, apparel stores, and other general merchandise stores. Its Financial Services segment provides credit card and banking services, the PC Optimum loyalty program, insurance brokerage services, and telecommunication services. The company offers PC Health app, which provides healthcare resources and support services; specialty drug distribution and patient support services; long-term care facility services; electronic medical records technology for physicians and other health care providers; wellness solutions; vaccinations and point-of-care testing services; and outpatient physiotherapy, massage and occupational therapy, chiropractic, mental health, and other rehabilitation services. It sells its products and services under the President's Choice, PC, Life Brand, no name, Farmer's Market, and Joe Fresh brands through its hard discount format stores under the No Frills and Maxi brands; supermarket format stores under the Loblaws, Zehrs, Your Independent Grocer, Real Canadian Superstore, Real Atlantic Superstore, Dominion, Provigo, City Market, and Valu-Mart brands; and stand-alone drug stores under the Shoppers Drug Mart and Pharmaprix brands. The company also operates T&T Supermarket stores serving Asian grocery markets; provides online grocery ordering and pickup services through PC Express; and offers banking and financial services through PC Financial. The company was founded in 1919 and is headquartered in Brampton, Canada. Loblaw Companies Limited is a subsidiary of George Weston Limited.",
  "website": "https://www.loblaw.ca",
  "employees": null,
  "target_high": 75.0,
  "target_low": 39.0,
  "target_mean": 66.36364,
  "target_median": 67.0,
  "recommendation": "buy",
  "num_analysts": 11,
  "income_stmt": {
    "2024-12-31T00:00:00": {
      "Tax Effect Of Unusual Items": 0.0,
      "Tax Rate For Calcs": 0.262,
      "Normalized EBITDA": 6906000000.0,
      "Net Income From Continuing Operation Net Minority Interest": 2171000000.0,
      "Reconciled Depreciation": 2966000000.0,
      "Reconciled Cost Of Revenue": 41288000000.0,
      "EBITDA": 6906000000.0,
      "EBIT": 3940000000.0,
      "Net Interest Income": -821000000.0,
      "Interest Expense": 859000000.0,
      "Interest Income": 38000000.0,
      "Normalized Income": 2171000000.0,
      "Net Income From Continuing And Discontinued Operation": 2171000000.0,
      "Total Expenses": 57112000000.0,
      "Total Operating Income As Reported": 3902000000.0,
      "Diluted Average Shares": 1234000000.0,
      "Basic Average Shares": 1220400000.0,
      "Diluted EPS": 1.7475,
      "Basic EPS": 1.765,
      "Diluted NI Availto Com Stockholders": 2155000000.0,
      "Net Income Common Stockholders": 2155000000.0,
      "Otherunder Preferred Stock Dividend": 4000000.0,
      "Preferred Stock Dividends": 12000000.0,
      "Net Income": 2171000000.0,
      "Minority Interests": -104000000.0,
      "Net Income Including Noncontrolling Interests": 2275000000.0,
      "Net Income Continuous Operations": 2275000000.0,
      "Tax Provision": 806000000.0,
      "Pretax Income": 3081000000.0,
      "Net Non Operating Interest Income Expense": -821000000.0,
      "Total Other Finance Cost": null,
      "Interest Expense Non Operating": 859000000.0,
      "Interest Income Non Operating": 38000000.0,
      "Operating Income": 3902000000.0,
      "Operating Expense": 15824000000.0,
      "Selling General And Administration": 15824000000.0,
      "Gross Profit": 19726000000.0,
      "Cost Of Revenue": 41288000000.0,
      "Total Revenue": 61014000000.0,
      "Operating Revenue": 61014000000.0
    },
    "2023-12-31T00:00:00": {
      "Tax Effect Of Unusual Items": 0.0,
      "Tax Rate For Calcs": 0.246,
      "Normalized EBITDA": 6644000000.0,
      "Net Income From Continuing Operation Net Minority Interest": 2100000000.0,
      "Reconciled Depreciation": 2906000000.0,
      "Reconciled Cost Of Revenue": 40492000000.0,
      "EBITDA": 6644000000.0,
      "EBIT": 3738000000.0,
      "Net Interest Income": -803000000.0,
      "Interest Expense": 837000000.0,
      "Interest Income": 34000000.0,
      "Normalized Income": 2100000000.0,
      "Net Income From Continuing And Discontinued Operation": 2100000000.0,
      "Total Expenses": 55825000000.0,
      "Total Operating Income As Reported": 3704000000.0,
      "Diluted Average Shares": 1280000000.0,
      "Basic Average Shares": 1266800000.0,
      "Diluted EPS": 1.63,
      "Basic EPS": 1.6475,
      "Diluted NI Availto Com Stockholders": 2088000000.0,
      "Net Income Common Stockholders": 2088000000.0,
      "Otherunder Preferred Stock Dividend": 0.0,
      "Preferred Stock Dividends": 12000000.0,
      "Net Income": 2100000000.0,
      "Minority Interests": -87000000.0,
      "Net Income Including Noncontrolling Interests": 2187000000.0,
      "Net Income Continuous Operations": 2187000000.0,
      "Tax Provision": 714000000.0,
      "Pretax Income": 2901000000.0,
      "Net Non Operating Interest Income Expense": -803000000.0,
      "Total Other Finance Cost": 12000000.0,
      "Interest Expense Non Operating": 837000000.0,
      "Interest Income Non Operating": 34000000.0,
      "Operating Income": 3704000000.0,
      "Operating Expense": 15333000000.0,
      "Selling General And Administration": 15333000000.0,
      "Gross Profit": 19037000000.0,
      "Cost Of Revenue": 40492000000.0,
      "Total Revenue": 59529000000.0,
      "Operating Revenue": 59529000000.0
    },
    "2022-12-31T00:00:00": {
      "Tax Effect Of Unusual Items": 0.0,
      "Tax Rate For Calcs": 0.25,
      "Normalized EBITDA": 6170000000.0,
      "Net Income From Continuing Operation Net Minority Interest": 1921000000.0,
      "Reconciled Depreciation": 2795000000.0,
      "Reconciled Cost Of Revenue": 38528000000.0,
      "EBITDA": 6170000000.0,
      "EBIT": 3375000000.0,
      "Net Interest Income": -683000000.0,
      "Interest Expense": 716000000.0,
      "Interest Income": 33000000.0,
      "Normalized Income": 1921000000.0,
      "Net Income From Continuing And Discontinued Operation": 1921000000.0,
      "Total Expenses": 53162000000.0,
      "Total Operating Income As Reported": 3342000000.0,
      "Diluted Average Shares": 1326800000.0,
      "Basic Average Shares": 1312400000.0,
      "Diluted EPS": 1.4375,
      "Basic EPS": 1.455,
      "Diluted NI Availto Com Stockholders": 1909000000.0,
      "Net Income Common Stockholders": 1909000000.0,
      "Otherunder Preferred Stock Dividend": null,
      "Preferred Stock Dividends": 12000000.0,
      "Net Income": 1921000000.0,
      "Minority Interests": -73000000.0,
      "Net Income Including Noncontrolling Interests": 1994000000.0,
      "Net Income Continuous Operations": 1994000000.0,
      "Tax Provision": 665000000.0,
      "Pretax Income": 2659000000.0,
      "Net Non Operating Interest Income Expense": -683000000.0,
      "Total Other Finance Cost": 5000000.0,
      "Interest Expense Non Operating": 716000000.0,
      "Interest Income Non Operating": 33000000.0,
      "Operating Income": 3342000000.0,
      "Operating Expense": 14634000000.0,
      "Selling General And Administration": 14634000000.0,
      "Gross Profit": 17976000000.0,
      "Cost Of Revenue": 38528000000.0,
      "Total Revenue": 56504000000.0,
      "Operating Revenue": 56504000000.0
    },
    "2021-12-31T00:00:00": {
      "Tax Effect Of Unusual Items": 0.0,
      "Tax Rate For Calcs": 0.191,
      "Normalized EBITDA": 5797000000.0,
      "Net Income From Continuing Operation Net Minority Interest": 1875000000.0,
      "Reconciled Depreciation": 2664000000.0,
      "Reconciled Cost Of Revenue": 36436000000.0,
      "EBITDA": 5797000000.0,
      "EBIT": 3133000000.0,
      "Net Interest Income": -495000000.0,
      "Interest Expense": 691000000.0,
      "Interest Income": 196000000.0,
      "Normalized Income": 1875000000.0,
      "Net Income From Continuing And Discontinued Operation": 1875000000.0,
      "Total Expenses": 50233000000.0,
      "Total Operating Income As Reported": 2937000000.0,
      "Diluted Average Shares": 1367200000.0,
      "Basic Average Shares": 1356400000.0,
      "Diluted EPS": 1.3625,
      "Basic EPS": 1.3725,
      "Diluted NI Availto Com Stockholders": 1863000000.0,
      "Net Income Common Stockholders": 1863000000.0,
      "Otherunder Preferred Stock Dividend": null,
      "Preferred Stock Dividends": 12000000.0,
      "Net Income": 1875000000.0,
      "Minority Interests": -101000000.0,
      "Net Income Including Noncontrolling Interests": 1976000000.0,
      "Net Income Continuous Operations": 1976000000.0,
      "Tax Provision": 466000000.0,
      "Pretax Income": 2442000000.0,
      "Net Non Operating Interest Income Expense": -495000000.0,
      "Total Other Finance Cost": 3000000.0,
      "Interest Expense Non Operating": 691000000.0,
      "Interest Income Non Operating": 196000000.0,
      "Operating Income": 2937000000.0,
      "Operating Expense": 13797000000.0,
      "Selling General And Administration": 13797000000.0,
      "Gross Profit": 16734000000.0,
      "Cost Of Revenue": 36436000000.0,
      "Total Revenue": 53170000000.0,
      "Operating Revenue": 53170000000.0
    }
  },
  "quarterly_income": {
    "2025-09-30T00:00:00": {
      "Tax Effect Of Unusual Items": 0.0,
      "Tax Rate For Calcs": 0.266,
      "Normalized EBITDA": 2188000000.0,
      "Net Income From Continuing Operation Net Minority Interest": 794000000.0,
      "Reconciled Depreciation": 810000000.0,
      "Reconciled Cost Of Revenue": 13193000000.0,
      "EBITDA": 2188000000.0,
      "EBIT": 1378000000.0,
      "Net Interest Income": -273000000.0,
      "Interest Expense": 275000000.0,
      "Interest Income": 7000000.0,
      "Normalized Income": 794000000.0,
      "Net Income From Continuing And Discontinued Operation": 794000000.0,
      "Total Expenses": 18019000000.0,
      "Total Operating Income As Reported": 1376000000.0,
      "Diluted Average Shares": 1195400000.0,
      "Basic Average Shares": 1184500000.0,
      "Diluted EPS": 0.66,
      "Basic EPS": 0.67,
      "Diluted NI Availto Com Stockholders": 794000000.0,
      "Net Income Common Stockholders": 794000000.0,
      "Preferred Stock Dividends": null,
      "Net Income": 794000000.0,
      "Minority Interests": -16000000.0,
      "Net Income Including Noncontrolling Interests": 810000000.0,
      "Net Income Continuous Operations": 810000000.0,
      "Tax Provision": 293000000.0,
      "Pretax Income": 1103000000.0,
      "Net Non Operating Interest Income Expense": -273000000.0,
      "Total Other Finance Cost": 5000000.0,
      "Interest Expense Non Operating": 275000000.0,
      "Interest Income Non Operating": 7000000.0,
      "Operating Income": 1376000000.0,
      "Operating Expense": 4826000000.0,
      "Selling General And Administration": 4826000000.0,
      "Gross Profit": 6202000000.0,
      "Cost Of Revenue": 13193000000.0,
      "Total Revenue": 19395000000.0,
      "Operating Revenue": 19395000000.0
    },
    "2025-06-30T00:00:00": {
      "Tax Effect Of Unusual Items": 0.0,
      "Tax Rate For Calcs": 0.263,
      "Normalized EBITDA": 1843000000.0,
      "Net Income From Continuing Operation Net Minority Interest": 714000000.0,
      "Reconciled Depreciation": 600000000.0,
      "Reconciled Cost Of Revenue": 9823000000.0,
      "EBITDA": 1843000000.0,
      "EBIT": 1243000000.0,
      "Net Interest Income": -212000000.0,
      "Interest Expense": 216000000.0,
      "Interest Income": 4000000.0,
      "Normalized Income": 714000000.0,
      "Net Income From Continuing And Discontinued Operation": 714000000.0,
      "Total Expenses": 13433000000.0,
      "Total Operating Income As Reported": 1239000000.0,
      "Diluted Average Shares": 1203600000.0,
      "Basic Average Shares": 1192800000.0,
      "Diluted EPS": 0.5925,
      "Basic EPS": 0.5975,
      "Diluted NI Availto Com Stockholders": 714000000.0,
      "Net Income Common Stockholders": 714000000.0,
      "Preferred Stock Dividends": null,
      "Net Income": 714000000.0,
      "Minority Interests": -43000000.0,
      "Net Income Including Noncontrolling Interests": 757000000.0,
      "Net Income Continuous Operations": 757000000.0,
      "Tax Provision": 270000000.0,
      "Pretax Income": 1027000000.0,
      "Net Non Operating Interest Income Expense": -212000000.0,
      "Total Other Finance Cost": null,
      "Interest Expense Non Operating": 216000000.0,
      "Interest Income Non Operating": 4000000.0,
      "Operating Income": 1239000000.0,
      "Operating Expense": 3610000000.0,
      "Selling General And Administration": 3610000000.0,
      "Gross Profit": 4849000000.0,
      "Cost Of Revenue": 9823000000.0,
      "Total Revenue": 14672000000.0,
      "Operating Revenue": 14672000000.0
    },
    "2025-03-31T00:00:00": {
      "Tax Effect Of Unusual Items": 0.0,
      "Tax Rate For Calcs": 0.263,
      "Normalized EBITDA": 1620000000.0,
      "Net Income From Continuing Operation Net Minority Interest": 503000000.0,
      "Reconciled Depreciation": 705000000.0,
      "Reconciled Cost Of Revenue": 9520000000.0,
      "EBITDA": 1620000000.0,
      "EBIT": 915000000.0,
      "Net Interest Income": -198000000.0,
      "Interest Expense": 207000000.0,
      "Interest Income": 9000000.0,
      "Normalized Income": 503000000.0,
      "Net Income From Continuing And Discontinued Operation": 503000000.0,
      "Total Expenses": 13229000000.0,
      "Total Operating Income As Reported": 906000000.0,
      "Diluted Average Shares": 1210400000.0,
      "Basic Average Shares": 1199600000.0,
      "Diluted EPS": 0.415,
      "Basic EPS": 0.42,
      "Diluted NI Availto Com Stockholders": 503000000.0,
      "Net Income Common Stockholders": 503000000.0,
      "Preferred Stock Dividends": null,
      "Net Income": 503000000.0,
      "Minority Interests": -19000000.0,
      "Net Income Including Noncontrolling Interests": 522000000.0,
      "Net Income Continuous Operations": 522000000.0,
      "Tax Provision": 186000000.0,
      "Pretax Income": 708000000.0,
      "Net Non Operating Interest Income Expense": -198000000.0,
      "Total Other Finance Cost": null,
      "Interest Expense Non Operating": 207000000.0,
      "Interest Income Non Operating": 9000000.0,
      "Operating Income": 906000000.0,
      "Operating Expense": 3709000000.0,
      "Selling General And Administration": 3709000000.0,
      "Gross Profit": 4615000000.0,
      "Cost Of Revenue": 9520000000.0,
      "Total Revenue": 14135000000.0,
      "Operating Revenue": 14135000000.0
    },
    "2024-12-31T00:00:00": {
      "Tax Effect Of Unusual Items": 0.0,
      "Tax Rate For Calcs": 0.283308,
      "Normalized EBITDA": 1561000000.0,
      "Net Income From Continuing Operation Net Minority Interest": 469000000.0,
      "Reconciled Depreciation": 694000000.0,
      "Reconciled Cost Of Revenue": 10171000000.0,
      "EBITDA": 1561000000.0,
      "EBIT": 867000000.0,
      "Net Interest Income": -199000000.0,
      "Interest Expense": 214000000.0,
      "Interest Income": 4000000.0,
      "Normalized Income": 469000000.0,
      "Net Income From Continuing And Discontinued Operation": 469000000.0,
      "Total Expenses": 14096000000.0,
      "Total Operating Income As Reported": 852000000.0,
      "Diluted Average Shares": 1217600000.0,
      "Basic Average Shares": 1206000000.0,
      "Diluted EPS": 0.38,
      "Basic EPS": 0.3825,
      "Diluted NI Availto Com Stockholders": 462000000.0,
      "Net Income Common Stockholders": 462000000.0,
      "Preferred Stock Dividends": 3000000.0,
      "Net Income": 469000000.0,
      "Minority Interests": 1000000.0,
      "Net Income Including Noncontrolling Interests": 468000000.0,
      "Net Income Continuous Operations": 468000000.0,
      "Tax Provision": 185000000.0,
      "Pretax Income": 653000000.0,
      "Net Non Operating Interest Income Expense": -199000000.0,
      "Total Other Finance Cost": null,
      "Interest Expense Non Operating": 214000000.0,
      "Interest Income Non Operating": 4000000.0,
      "Operating Income": 852000000.0,
      "Operating Expense": 3925000000.0,
      "Selling General And Administration": 3925000000.0,
      "Gross Profit": 4777000000.0,
      "Cost Of Revenue": 10171000000.0,
      "Total Revenue": 14948000000.0,
      "Operating Revenue": 14948000000.0
    },
    "2024-09-30T00:00:00": {
      "Tax Effect Of Unusual Items": 0.0,
      "Tax Rate For Calcs": 0.243,
      "Normalized EBITDA": 2236000000.0,
      "Net Income From Continuing Operation Net Minority Interest": 780000000.0,
      "Reconciled Depreciation": 903000000.0,
      "Reconciled Cost Of Revenue": 12665000000.0,
      "EBITDA": 2236000000.0,
      "EBIT": 1333000000.0,
      "Net Interest Income": -238000000.0,
      "Interest Expense": 250000000.0,
      "Interest Income": 17000000.0,
      "Normalized Income": 780000000.0,
      "Net Income From Continuing And Discontinued Operation": 780000000.0,
      "Total Expenses": 17217000000.0,
      "Total Operating Income As Reported": 1321000000.0,
      "Diluted Average Shares": 1227700000.0,
      "Basic Average Shares": 1216700000.0,
      "Diluted EPS": 0.63,
      "Basic EPS": 0.64,
      "Diluted NI Availto Com Stockholders": 777000000.0,
      "Net Income Common Stockholders": 777000000.0,
      "Preferred Stock Dividends": 3000000.0,
      "Net Income": 780000000.0,
      "Minority Interests": -40000000.0,
      "Net Income Including Noncontrolling Interests": 820000000.0,
      "Net Income Continuous Operations": 820000000.0,
      "Tax Provision": 263000000.0,
      "Pretax Income": 1083000000.0,
      "Net Non Operating Interest Income Expense": -238000000.0,
      "Total Other Finance Cost": 5000000.0,
      "Interest Expense Non Operating": 250000000.0,
      "Interest Income Non Operating": 17000000.0,
      "Operating Income": 1321000000.0,
      "Operating Expense": 4552000000.0,
      "Selling General And Administration": 4552000000.0,
      "Gross Profit": 5873000000.0,
      "Cost Of Revenue": 12665000000.0,
      "Total Revenue": 18538000000.0,
      "Operating Revenue": 18538000000.0
    },
    "2024-06-30T00:00:00": {
      "Tax Effect Of Unusual Items": null,
      "Tax Rate For Calcs": null,
      "Normalized EBITDA": null,
      "Net Income From Continuing Operation Net Minority Interest": null,
      "Reconciled Depreciation": null,
      "Reconciled Cost Of Revenue": null,
      "EBITDA": null,
      "EBIT": null,
      "Net Interest Income": null,
      "Interest Expense": null,
      "Interest Income": null,
      "Normalized Income": null,
      "Net Income From Continuing And Discontinued Operation": null,
      "Total Expenses": null,
      "Total Operating Income As Reported": null,
      "Diluted Average Shares": null,
      "Basic Average Shares": null,
      "Diluted EPS": null,
      "Basic EPS": null,
      "Diluted NI Availto Com Stockholders": null,
      "Net Income Common Stockholders": null,
      "Preferred Stock Dividends": 3000000.0,
      "Net Income": null,
      "Minority Interests": null,
      "Net Income Including Noncontrolling Interests": null,
      "Net Income Continuous Operations": null,
      "Tax Provision": null,
      "Pretax Income": null,
      "Net Non Operating Interest Income Expense": null,
      "Total Other Finance Cost": null,
      "Interest Expense Non Operating": null,
      "Interest Income Non Operating": null,
      "Operating Income": null,
      "Operating Expense": null,
      "Selling General And Administration": null,
      "Gross Profit": null,
      "Cost Of Revenue": null,
      "Total Revenue": null,
      "Operating Revenue": null
    }
  },
  "balance_sheet": {
    "2024-12-31T00:00:00": {
      "Treasury Shares Number": 3928496.0,
      "Preferred Shares Number": 9000000.0,
      "Ordinary Shares Number": 1203015716.0,
      "Share Issued": 1206944212.0,
      "Net Debt": 7539000000.0,
      "Total Debt": 19184000000.0,
      "Tangible Book Value": 1273000000.0,
      "Invested Capital": 20092000000.0,
      "Working Capital": 2780000000.0,
      "Net Tangible Assets": 1273000000.0,
      "Capital Lease Obligations": 10183000000.0,
      "Common Stock Equity": 11091000000.0,
      "Preferred Stock Equity": null,
      "Total Capitalization": 18661000000.0,
      "Total Equity Gross Minority Interest": 11266000000.0,
      "Minority Interest": 175000000.0,
      "Stockholders Equity": 11091000000.0,
      "Gains Losses Not Affecting Retained Earnings": 32000000.0,
      "Other Equity Adjustments": 32000000.0,
      "Retained Earnings": 4748000000.0,
      "Additional Paid In Capital": 115000000.0,
      "Capital Stock": 6196000000.0,
      "Common Stock": 6196000000.0,
      "Preferred Stock": 0.0,
      "Total Liabilities Net Minority Interest": 29614000000.0,
      "Total Non Current Liabilities Net Minority Interest": 17846000000.0,
      "Other Non Current Liabilities": 282000000.0,
      "Employee Benefits": 367000000.0,
      "Non Current Pension And Other Postretirement Benefit Plans": 231000000.0,
      "Non Current Deferred Liabilities": 957000000.0,
      "Non Current Deferred Taxes Liabilities": 957000000.0,
      "Long Term Debt And Capital Lease Obligation": 16105000000.0,
      "Long Term Capital Lease Obligation": 8535000000.0,
      "Long Term Debt": 7570000000.0,
      "Long Term Provisions": 135000000.0,
      "Current Liabilities": 11768000000.0,
      "Other Current Liabilities": null,
      "Current Deferred Liabilities": 565000000.0,
      "Current Deferred Revenue": 565000000.0,
      "Current Debt And Capital Lease Obligation": 3079000000.0,
      "Current Capital Lease Obligation": 1648000000.0,
      "Current Debt": 1431000000.0,
      "Other Current Borrowings": 1431000000.0,
      "Line Of Credit": 0.0,
      "Current Provisions": 252000000.0,
      "Payables And Accrued Expenses": 7872000000.0,
      "Payables": 7872000000.0,
      "Dueto Related Parties Current": 255000000.0,
      "Total Tax Payable": 86000000.0,
      "Income Tax Payable": 86000000.0,
      "Accounts Payable": 7531000000.0,
      "Total Assets": 40880000000.0,
      "Total Non Current Assets": 26332000000.0,
      "Other Non Current Assets": 222000000.0,
      "Defined Pension Benefit": 356000000.0,
      "Non Current Deferred Assets": 118000000.0,
      "Non Current Deferred Taxes Assets": 118000000.0,
      "Non Current Accounts Receivable": 194000000.0,
      "Investments And Advances": 231000000.0,
      "Other Investments": 26000000.0,
      "Investmentin Financial Assets": 120000000.0,
      "Long Term Equity Investment": 85000000.0,
      "Investments In Other Ventures Under Equity Method": 85000000.0,
      "Investmentsin Associatesat Cost": null,
      "Investment Properties": 56000000.0,
      "Goodwill And Other Intangible Assets": 9818000000.0,
      "Other Intangible Assets": 5446000000.0,
      "Goodwill": 4372000000.0,
      "Net PPE": 15337000000.0,
      "Accumulated Depreciation": -18736000000.0,
      "Gross PPE": 34073000000.0,
      "Leases": 19054000000.0,
      "Construction In Progress": 1436000000.0,
      "Other Properties": 195000000.0,
      "Machinery Furniture Equipment": 11724000000.0,
      "Buildings And Improvements": 1492000000.0,
      "Land And Improvements": 172000000.0,
      "Properties": 0.0,
      "Current Assets": 14548000000.0,
      "Other Current Assets": 376000000.0,
      "Assets Held For Sale Current": 47000000.0,
      "Prepaid Assets": null,
      "Inventory": 6330000000.0,
      "Inventories Adjustments Allowances": -32000000.0,
      "Other Inventories": 6362000000.0,
      "Receivables": 5685000000.0,
      "Taxes Receivable": null,
      "Accounts Receivable": 5685000000.0,
      "Allowance For Doubtful Accounts Receivable": -302000000.0,
      "Gross Accounts Receivable": 5987000000.0,
      "Cash Cash Equivalents And Short Term Investments": 2110000000.0,
      "Other Short Term Investments": 648000000.0,
      "Cash And Cash Equivalents": 1462000000.0,
      "Cash Equivalents": 222000000.0,
      "Cash Financial": 1240000000.0
    },
    "2023-12-31T00:00:00": {
      "Treasury Shares Number": 5076956.0,
      "Preferred Shares Number": 9000000.0,
      "Ordinary Shares Number": 1237028560.0,
      "Share Issued": 1242105516.0,
      "Net Debt": 7227000000.0,
      "Total Debt": 18173000000.0,
      "Tangible Book Value": 900000000.0,
      "Invested Capital": 19958000000.0,
      "Working Capital": 2731000000.0,
      "Net Tangible Assets": 1121000000.0,
      "Capital Lease Obligations": 9458000000.0,
      "Common Stock Equity": 11243000000.0,
      "Preferred Stock Equity": 221000000.0,
      "Total Capitalization": 18125000000.0,
      "Total Equity Gross Minority Interest": 11619000000.0,
      "Minority Interest": 155000000.0,
      "Stockholders Equity": 11464000000.0,
      "Gains Losses Not Affecting Retained Earnings": 35000000.0,
      "Other Equity Adjustments": 35000000.0,
      "Retained Earnings": 4816000000.0,
      "Additional Paid In Capital": 136000000.0,
      "Capital Stock": 6477000000.0,
      "Common Stock": 6256000000.0,
      "Preferred Stock": 221000000.0,
      "Total Liabilities Net Minority Interest": 27360000000.0,
      "Total Non Current Liabilities Net Minority Interest": 16513000000.0,
      "Other Non Current Liabilities": 221000000.0,
      "Employee Benefits": 373000000.0,
      "Non Current Pension And Other Postretirement Benefit Plans": 242000000.0,
      "Non Current Deferred Liabilities": 1132000000.0,
      "Non Current Deferred Taxes Liabilities": 1132000000.0,
      "Long Term Debt And Capital Lease Obligation": 14664000000.0,
      "Long Term Capital Lease Obligation": 8003000000.0,
      "Long Term Debt": 6661000000.0,
      "Long Term Provisions": 123000000.0,
      "Current Liabilities": 10847000000.0,
      "Other Current Liabilities": null,
      "Current Deferred Liabilities": 289000000.0,
      "Current Deferred Revenue": 289000000.0,
      "Current Debt And Capital Lease Obligation": 3509000000.0,
      "Current Capital Lease Obligation": 1455000000.0,
      "Current Debt": 2054000000.0,
      "Other Current Borrowings": 2041000000.0,
      "Line Of Credit": 13000000.0,
      "Current Provisions": 115000000.0,
      "Payables And Accrued Expenses": 6934000000.0,
      "Payables": 6934000000.0,
      "Dueto Related Parties Current": 370000000.0,
      "Total Tax Payable": 240000000.0,
      "Income Tax Payable": 240000000.0,
      "Accounts Payable": 6324000000.0,
      "Total Assets": 38979000000.0,
      "Total Non Current Assets": 25401000000.0,
      "Other Non Current Assets": 111000000.0,
      "Defined Pension Benefit": 297000000.0,
      "Non Current Deferred Assets": 125000000.0,
      "Non Current Deferred Taxes Assets": 125000000.0,
      "Non Current Accounts Receivable": 68000000.0,
      "Investments And Advances": 396000000.0,
      "Other Investments": 115000000.0,
      "Investmentin Financial Assets": 201000000.0,
      "Long Term Equity Investment": 80000000.0,
      "Investments In Other Ventures Under Equity Method": 80000000.0,
      "Investmentsin Associatesat Cost": null,
      "Investment Properties": 53000000.0,
      "Goodwill And Other Intangible Assets": 10343000000.0,
      "Other Intangible Assets": 5994000000.0,
      "Goodwill": 4349000000.0,
      "Net PPE": 14008000000.0,
      "Accumulated Depreciation": -16954000000.0,
      "Gross PPE": 30962000000.0,
      "Leases": 17166000000.0,
      "Construction In Progress": 986000000.0,
      "Other Properties": 181000000.0,
      "Machinery Furniture Equipment": 10740000000.0,
      "Buildings And Improvements": 1700000000.0,
      "Land And Improvements": 189000000.0,
      "Properties": 0.0,
      "Current Assets": 13578000000.0,
      "Other Current Assets": 324000000.0,
      "Assets Held For Sale Current": 52000000.0,
      "Prepaid Assets": null,
      "Inventory": 5820000000.0,
      "Inventories Adjustments Allowances": -46000000.0,
      "Other Inventories": 5866000000.0,
      "Receivables": 5430000000.0,
      "Taxes Receivable": null,
      "Accounts Receivable": 5430000000.0,
      "Allowance For Doubtful Accounts Receivable": -292000000.0,
      "Gross Accounts Receivable": 5722000000.0,
      "Cash Cash Equivalents And Short Term Investments": 1952000000.0,
      "Other Short Term Investments": 464000000.0,
      "Cash And Cash Equivalents": 1488000000.0,
      "Cash Equivalents": 541000000.0,
      "Cash Financial": 947000000.0
    },
    "2022-12-31T00:00:00": {
      "Treasury Shares Number": null,
      "Preferred Shares Number": 9000000.0,
      "Ordinary Shares Number": 1291361320.0,
      "Share Issued": 1291361320.0,
      "Net Debt": 6883000000.0,
      "Total Debt": 17606000000.0,
      "Tangible Book Value": 250000000.0,
      "Invested Capital": 19569000000.0,
      "Working Capital": 3278000000.0,
      "Net Tangible Assets": 471000000.0,
      "Capital Lease Obligations": 9115000000.0,
      "Common Stock Equity": 11078000000.0,
      "Preferred Stock Equity": 221000000.0,
      "Total Capitalization": 18355000000.0,
      "Total Equity Gross Minority Interest": 11456000000.0,
      "Minority Interest": 157000000.0,
      "Stockholders Equity": 11299000000.0,
      "Gains Losses Not Affecting Retained Earnings": 30000000.0,
      "Other Equity Adjustments": 30000000.0,
      "Retained Earnings": 4461000000.0,
      "Additional Paid In Capital": 122000000.0,
      "Capital Stock": 6686000000.0,
      "Common Stock": 6465000000.0,
      "Preferred Stock": 221000000.0,
      "Total Liabilities Net Minority Interest": 26691000000.0,
      "Total Non Current Liabilities Net Minority Interest": 16593000000.0,
      "Other Non Current Liabilities": 89000000.0,
      "Employee Benefits": 346000000.0,
      "Non Current Pension And Other Postretirement Benefit Plans": 237000000.0,
      "Non Current Deferred Liabilities": 1279000000.0,
      "Non Current Deferred Taxes Liabilities": 1279000000.0,
      "Long Term Debt And Capital Lease Obligation": 14770000000.0,
      "Long Term Capital Lease Obligation": 7714000000.0,
      "Long Term Debt": 7056000000.0,
      "Long Term Provisions": 109000000.0,
      "Current Liabilities": 10098000000.0,
      "Other Current Liabilities": 180000000.0,
      "Current Deferred Liabilities": 305000000.0,
      "Current Deferred Revenue": 305000000.0,
      "Current Debt And Capital Lease Obligation": 2836000000.0,
      "Current Capital Lease Obligation": 1401000000.0,
      "Current Debt": 1435000000.0,
      "Other Current Borrowings": 1427000000.0,
      "Line Of Credit": 8000000.0,
      "Current Provisions": 110000000.0,
      "Payables And Accrued Expenses": 6847000000.0,
      "Payables": 6847000000.0,
      "Dueto Related Parties Current": 434000000.0,
      "Total Tax Payable": 195000000.0,
      "Income Tax Payable": 195000000.0,
      "Accounts Payable": 6218000000.0,
      "Total Assets": 38147000000.0,
      "Total Non Current Assets": 24771000000.0,
      "Other Non Current Assets": 94000000.0,
      "Defined Pension Benefit": 52000000.0,
      "Non Current Deferred Assets": 86000000.0,
      "Non Current Deferred Taxes Assets": 86000000.0,
      "Non Current Accounts Receivable": 77000000.0,
      "Investments And Advances": 399000000.0,
      "Other Investments": 66000000.0,
      "Investmentin Financial Assets": 246000000.0,
      "Long Term Equity Investment": 87000000.0,
      "Investments In Other Ventures Under Equity Method": 87000000.0,
      "Investmentsin Associatesat Cost": 47000000.0,
      "Investment Properties": 60000000.0,
      "Goodwill And Other Intangible Assets": 10828000000.0,
      "Other Intangible Assets": 6505000000.0,
      "Goodwill": 4323000000.0,
      "Net PPE": 13175000000.0,
      "Accumulated Depreciation": -15253000000.0,
      "Gross PPE": 28428000000.0,
      "Leases": 15713000000.0,
      "Construction In Progress": 549000000.0,
      "Other Properties": 127000000.0,
      "Machinery Furniture Equipment": 9955000000.0,
      "Buildings And Improvements": 1872000000.0,
      "Land And Improvements": 212000000.0,
      "Properties": 0.0,
      "Current Assets": 13376000000.0,
      "Other Current Assets": 353000000.0,
      "Assets Held For Sale Current": 81000000.0,
      "Prepaid Assets": 353000000.0,
      "Inventory": 5855000000.0,
      "Inventories Adjustments Allowances": -43000000.0,
      "Other Inventories": 5898000000.0,
      "Receivables": 5153000000.0,
      "Taxes Receivable": 0.0,
      "Accounts Receivable": 5153000000.0,
      "Allowance For Doubtful Accounts Receivable": -237000000.0,
      "Gross Accounts Receivable": 5390000000.0,
      "Cash Cash Equivalents And Short Term Investments": 1934000000.0,
      "Other Short Term Investments": 326000000.0,
      "Cash And Cash Equivalents": 1608000000.0,
      "Cash Equivalents": 831000000.0,
      "Cash Financial": 777000000.0
    },
    "2021-12-31T00:00:00": {
      "Treasury Shares Number": null,
      "Preferred Shares Number": 9000000.0,
      "Ordinary Shares Number": 1334109476.0,
      "Share Issued": 1334109476.0,
      "Net Debt": 5739000000.0,
      "Total Debt": 16554000000.0,
      "Tangible Book Value": 1001000000.0,
      "Invested Capital": 19067000000.0,
      "Working Capital": 3441000000.0,
      "Net Tangible Assets": 1222000000.0,
      "Capital Lease Obligations": 8839000000.0,
      "Common Stock Equity": 11352000000.0,
      "Preferred Stock Equity": 221000000.0,
      "Total Capitalization": 17784000000.0,
      "Total Equity Gross Minority Interest": 11737000000.0,
      "Minority Interest": 164000000.0,
      "Stockholders Equity": 11573000000.0,
      "Gains Losses Not Affecting Retained Earnings": 14000000.0,
      "Other Equity Adjustments": 14000000.0,
      "Retained Earnings": 4591000000.0,
      "Additional Paid In Capital": 116000000.0,
      "Capital Stock": 6852000000.0,
      "Common Stock": 6631000000.0,
      "Preferred Stock": 221000000.0,
      "Total Liabilities Net Minority Interest": 24877000000.0,
      "Total Non Current Liabilities Net Minority Interest": 15681000000.0,
      "Other Non Current Liabilities": 61000000.0,
      "Employee Benefits": 407000000.0,
      "Non Current Pension And Other Postretirement Benefit Plans": 289000000.0,
      "Non Current Deferred Liabilities": 1346000000.0,
      "Non Current Deferred Taxes Liabilities": 1346000000.0,
      "Long Term Debt And Capital Lease Obligation": 13753000000.0,
      "Long Term Capital Lease Obligation": 7542000000.0,
      "Long Term Debt": 6211000000.0,
      "Long Term Provisions": 114000000.0,
      "Current Liabilities": 9196000000.0,
      "Other Current Liabilities": 190000000.0,
      "Current Deferred Liabilities": 265000000.0,
      "Current Deferred Revenue": 265000000.0,
      "Current Debt And Capital Lease Obligation": 2801000000.0,
      "Current Capital Lease Obligation": 1297000000.0,
      "Current Debt": 1504000000.0,
      "Other Current Borrowings": 1452000000.0,
      "Line Of Credit": 52000000.0,
      "Current Provisions": 111000000.0,
      "Payables And Accrued Expenses": 6019000000.0,
      "Payables": 6019000000.0,
      "Dueto Related Parties Current": 433000000.0,
      "Total Tax Payable": 153000000.0,
      "Income Tax Payable": 153000000.0,
      "Accounts Payable": 5433000000.0,
      "Total Assets": 36614000000.0,
      "Total Non Current Assets": 23977000000.0,
      "Other Non Current Assets": 35000000.0,
      "Defined Pension Benefit": 463000000.0,
      "Non Current Deferred Assets": 91000000.0,
      "Non Current Deferred Taxes Assets": 91000000.0,
      "Non Current Accounts Receivable": 78000000.0,
      "Investments And Advances": 222000000.0,
      "Other Investments": 54000000.0,
      "Investmentin Financial Assets": 66000000.0,
      "Long Term Equity Investment": 102000000.0,
      "Investments In Other Ventures Under Equity Method": 73000000.0,
      "Investmentsin Associatesat Cost": 29000000.0,
      "Investment Properties": 111000000.0,
      "Goodwill And Other Intangible Assets": 10351000000.0,
      "Other Intangible Assets": 6402000000.0,
      "Goodwill": 3949000000.0,
      "Net PPE": 12626000000.0,
      "Accumulated Depreciation": -13478000000.0,
      "Gross PPE": 26104000000.0,
      "Leases": 14245000000.0,
      "Construction In Progress": 365000000.0,
      "Other Properties": 98000000.0,
      "Machinery Furniture Equipment": 9343000000.0,
      "Buildings And Improvements": 1834000000.0,
      "Land And Improvements": 219000000.0,
      "Properties": 0.0,
      "Current Assets": 12637000000.0,
      "Other Current Assets": 249000000.0,
      "Assets Held For Sale Current": 91000000.0,
      "Prepaid Assets": 249000000.0,
      "Inventory": 5166000000.0,
      "Inventories Adjustments Allowances": -67000000.0,
      "Other Inventories": 5233000000.0,
      "Receivables": 4691000000.0,
      "Taxes Receivable": 301000000.0,
      "Accounts Receivable": 4390000000.0,
      "Allowance For Doubtful Accounts Receivable": -228000000.0,
      "Gross Accounts Receivable": 4618000000.0,
      "Cash Cash Equivalents And Short Term Investments": 2440000000.0,
      "Other Short Term Investments": 464000000.0,
      "Cash And Cash Equivalents": 1976000000.0,
      "Cash Equivalents": 1127000000.0,
      "Cash Financial": 849000000.0
    }
  },
  "cashflow": {
    "2024-12-31T00:00:00": {
      "Free Cash Flow": 3602000000.0,
      "Repurchase Of Capital Stock": -1826000000.0,
      "Repayment Of Debt": -2351000000.0,
      "Issuance Of Debt": 1557000000.0,
      "Issuance Of Capital Stock": 147000000.0,
      "Capital Expenditure": -2200000000.0,
      "End Cash Position": 1462000000.0,
      "Beginning Cash Position": 1488000000.0,
      "Effect Of Exchange Rate Changes": 9000000.0,
      "Changes In Cash": -35000000.0,
      "Financing Cash Flow": -3816000000.0,
      "Cash Flow From Continuing Financing Activities": -3816000000.0,
      "Net Other Financing Charges": -26000000.0,
      "Interest Paid Cff": -858000000.0,
      "Cash Dividends Paid": -459000000.0,
      "Preferred Stock Dividend Paid": null,
      "Common Stock Dividend Paid": null,
      "Net Common Stock Issuance": -1679000000.0,
      "Common Stock Payments": -1826000000.0,
      "Common Stock Issuance": 147000000.0,
      "Net Issuance Payments Of Debt": -794000000.0,
      "Net Short Term Debt Issuance": -63000000.0,
      "Short Term Debt Payments": -63000000.0,
      "Short Term Debt Issuance": null,
      "Net Long Term Debt Issuance": -731000000.0,
      "Long Term Debt Payments": -2288000000.0,
      "Long Term Debt Issuance": 1557000000.0,
      "Investing Cash Flow": -2021000000.0,
      "Cash Flow From Continuing Investing Activities": -2021000000.0,
      "Net Other Investing Changes": 282000000.0,
      "Net Investment Purchase And Sale": -103000000.0,
      "Sale Of Investment": 81000000.0,
      "Purchase Of Investment": -184000000.0,
      "Net Business Purchase And Sale": null,
      "Sale Of Business": null,
      "Purchase Of Business": null,
      "Net Intangibles Purchase And Sale": -377000000.0,
      "Purchase Of Intangibles": -377000000.0,
      "Net PPE Purchase And Sale": -1823000000.0,
      "Sale Of PPE": null,
      "Purchase Of PPE": -1823000000.0,
      "Operating Cash Flow": 5802000000.0,
      "Cash Flow From Continuing Operating Activities": 5802000000.0,
      "Taxes Refund Paid": -1143000000.0,
      "Interest Received Cfo": 25000000.0,
      "Change In Working Capital": 135000000.0,
      "Change In Other Working Capital": 133000000.0,
      "Change In Payables And Accrued Expense": 839000000.0,
      "Change In Payable": 839000000.0,
      "Change In Account Payable": 839000000.0,
      "Change In Prepaid Assets": -52000000.0,
      "Change In Inventory": -510000000.0,
      "Change In Receivables": -275000000.0,
      "Changes In Account Receivables": -275000000.0,
      "Other Non Cash Items": 679000000.0,
      "Unrealized Gain Loss On Investment Securities": null,
      "Provisionand Write Offof Assets": null,
      "Asset Impairment Charge": 32000000.0,
      "Deferred Tax": 806000000.0,
      "Deferred Income Tax": 806000000.0,
      "Depreciation Amortization Depletion": 2966000000.0,
      "Depreciation And Amortization": 2966000000.0,
      "Amortization Cash Flow": null,
      "Amortization Of Intangibles": null,
      "Depreciation": null,
      "Operating Gains Losses": 27000000.0,
      "Pension And Employee Benefit Expense": null,
      "Gain Loss On Investment Securities": 27000000.0,
      "Net Income From Continuing Operations": 2275000000.0
    },
    "2023-12-31T00:00:00": {
      "Free Cash Flow": 3582000000.0,
      "Repurchase Of Capital Stock": -1801000000.0,
      "Repayment Of Debt": -1833000000.0,
      "Issuance Of Debt": 988000000.0,
      "Issuance Of Capital Stock": 61000000.0,
      "Capital Expenditure": -2072000000.0,
      "End Cash Position": 1488000000.0,
      "Beginning Cash Position": 1608000000.0,
      "Effect Of Exchange Rate Changes": 3000000.0,
      "Changes In Cash": -123000000.0,
      "Financing Cash Flow": -3932000000.0,
      "Cash Flow From Continuing Financing Activities": -3932000000.0,
      "Net Other Financing Charges": 6000000.0,
      "Interest Paid Cff": -791000000.0,
      "Cash Dividends Paid": -562000000.0,
      "Preferred Stock Dividend Paid": -12000000.0,
      "Common Stock Dividend Paid": -550000000.0,
      "Net Common Stock Issuance": -1740000000.0,
      "Common Stock Payments": -1801000000.0,
      "Common Stock Issuance": 61000000.0,
      "Net Issuance Payments Of Debt": -845000000.0,
      "Net Short Term Debt Issuance": 155000000.0,
      "Short Term Debt Payments": null,
      "Short Term Debt Issuance": 155000000.0,
      "Net Long Term Debt Issuance": -1000000000.0,
      "Long Term Debt Payments": -1833000000.0,
      "Long Term Debt Issuance": 833000000.0,
      "Investing Cash Flow": -1845000000.0,
      "Cash Flow From Continuing Investing Activities": -1845000000.0,
      "Net Other Investing Changes": 320000000.0,
      "Net Investment Purchase And Sale": -93000000.0,
      "Sale Of Investment": 45000000.0,
      "Purchase Of Investment": -138000000.0,
      "Net Business Purchase And Sale": 0.0,
      "Sale Of Business": null,
      "Purchase Of Business": 0.0,
      "Net Intangibles Purchase And Sale": -407000000.0,
      "Purchase Of Intangibles": -407000000.0,
      "Net PPE Purchase And Sale": -1665000000.0,
      "Sale Of PPE": null,
      "Purchase Of PPE": -1665000000.0,
      "Operating Cash Flow": 5654000000.0,
      "Cash Flow From Continuing Operating Activities": 5654000000.0,
      "Taxes Refund Paid": -917000000.0,
      "Interest Received Cfo": 24000000.0,
      "Change In Working Capital": -168000000.0,
      "Change In Other Working Capital": 53000000.0,
      "Change In Payables And Accrued Expense": 116000000.0,
      "Change In Payable": 116000000.0,
      "Change In Account Payable": 116000000.0,
      "Change In Prepaid Assets": 19000000.0,
      "Change In Inventory": 35000000.0,
      "Change In Receivables": -391000000.0,
      "Changes In Account Receivables": -391000000.0,
      "Other Non Cash Items": 882000000.0,
      "Unrealized Gain Loss On Investment Securities": -3000000.0,
      "Provisionand Write Offof Assets": null,
      "Asset Impairment Charge": 17000000.0,
      "Deferred Tax": 714000000.0,
      "Deferred Income Tax": 714000000.0,
      "Depreciation Amortization Depletion": 2906000000.0,
      "Depreciation And Amortization": 2906000000.0,
      "Amortization Cash Flow": null,
      "Amortization Of Intangibles": null,
      "Depreciation": null,
      "Operating Gains Losses": 9000000.0,
      "Pension And Employee Benefit Expense": 14000000.0,
      "Gain Loss On Investment Securities": 9000000.0,
      "Net Income From Continuing Operations": 2187000000.0
    },
    "2022-12-31T00:00:00": {
      "Free Cash Flow": 3184000000.0,
      "Repurchase Of Capital Stock": -1396000000.0,
      "Repayment Of Debt": -2281000000.0,
      "Issuance Of Debt": 2068000000.0,
      "Issuance Of Capital Stock": 88000000.0,
      "Capital Expenditure": -1571000000.0,
      "End Cash Position": 1608000000.0,
      "Beginning Cash Position": 1976000000.0,
      "Effect Of Exchange Rate Changes": -4000000.0,
      "Changes In Cash": -364000000.0,
      "Financing Cash Flow": -2751000000.0,
      "Cash Flow From Continuing Financing Activities": -2751000000.0,
      "Net Other Financing Charges": -24000000.0,
      "Interest Paid Cff": -677000000.0,
      "Cash Dividends Paid": -529000000.0,
      "Preferred Stock Dividend Paid": -12000000.0,
      "Common Stock Dividend Paid": -517000000.0,
      "Net Common Stock Issuance": -1308000000.0,
      "Common Stock Payments": -1396000000.0,
      "Common Stock Issuance": 88000000.0,
      "Net Issuance Payments Of Debt": -213000000.0,
      "Net Short Term Debt Issuance": 206000000.0,
      "Short Term Debt Payments": -44000000.0,
      "Short Term Debt Issuance": 250000000.0,
      "Net Long Term Debt Issuance": -419000000.0,
      "Long Term Debt Payments": -2237000000.0,
      "Long Term Debt Issuance": 1818000000.0,
      "Investing Cash Flow": -2368000000.0,
      "Cash Flow From Continuing Investing Activities": -2368000000.0,
      "Net Other Investing Changes": 58000000.0,
      "Net Investment Purchase And Sale": -42000000.0,
      "Sale Of Investment": 138000000.0,
      "Purchase Of Investment": -180000000.0,
      "Net Business Purchase And Sale": -813000000.0,
      "Sale Of Business": null,
      "Purchase Of Business": -813000000.0,
      "Net Intangibles Purchase And Sale": -419000000.0,
      "Purchase Of Intangibles": -419000000.0,
      "Net PPE Purchase And Sale": -1152000000.0,
      "Sale Of PPE": null,
      "Purchase Of PPE": -1152000000.0,
      "Operating Cash Flow": 4755000000.0,
      "Cash Flow From Continuing Operating Activities": 4755000000.0,
      "Taxes Refund Paid": -439000000.0,
      "Interest Received Cfo": 38000000.0,
      "Change In Working Capital": -1007000000.0,
      "Change In Other Working Capital": -5000000.0,
      "Change In Payables And Accrued Expense": 507000000.0,
      "Change In Payable": 507000000.0,
      "Change In Account Payable": 507000000.0,
      "Change In Prepaid Assets": -94000000.0,
      "Change In Inventory": -689000000.0,
      "Change In Receivables": -726000000.0,
      "Changes In Account Receivables": -726000000.0,
      "Other Non Cash Items": 681000000.0,
      "Unrealized Gain Loss On Investment Securities": -4000000.0,
      "Provisionand Write Offof Assets": null,
      "Asset Impairment Charge": 34000000.0,
      "Deferred Tax": 665000000.0,
      "Deferred Income Tax": 665000000.0,
      "Depreciation Amortization Depletion": 2795000000.0,
      "Depreciation And Amortization": 2795000000.0,
      "Amortization Cash Flow": 887000000.0,
      "Amortization Of Intangibles": 887000000.0,
      "Depreciation": 1908000000.0,
      "Operating Gains Losses": -6000000.0,
      "Pension And Employee Benefit Expense": -4000000.0,
      "Gain Loss On Investment Securities": -6000000.0,
      "Net Income From Continuing Operations": 1994000000.0
    },
    "2021-12-31T00:00:00": {
      "Free Cash Flow": 3645000000.0,
      "Repurchase Of Capital Stock": -1250000000.0,
      "Repayment Of Debt": -1782000000.0,
      "Issuance Of Debt": 772000000.0,
      "Issuance Of Capital Stock": 102000000.0,
      "Capital Expenditure": -1182000000.0,
      "End Cash Position": 1976000000.0,
      "Beginning Cash Position": 1668000000.0,
      "Effect Of Exchange Rate Changes": 1000000.0,
      "Changes In Cash": 307000000.0,
      "Financing Cash Flow": -3249000000.0,
      "Cash Flow From Continuing Financing Activities": -3249000000.0,
      "Net Other Financing Charges": 72000000.0,
      "Interest Paid Cff": -679000000.0,
      "Cash Dividends Paid": -484000000.0,
      "Preferred Stock Dividend Paid": -12000000.0,
      "Common Stock Dividend Paid": -472000000.0,
      "Net Common Stock Issuance": -1148000000.0,
      "Common Stock Payments": -1250000000.0,
      "Common Stock Issuance": 102000000.0,
      "Net Issuance Payments Of Debt": -1010000000.0,
      "Net Short Term Debt Issuance": -159000000.0,
      "Short Term Debt Payments": -159000000.0,
      "Short Term Debt Issuance": null,
      "Net Long Term Debt Issuance": -851000000.0,
      "Long Term Debt Payments": -1623000000.0,
      "Long Term Debt Issuance": 772000000.0,
      "Investing Cash Flow": -1271000000.0,
      "Cash Flow From Continuing Investing Activities": -1271000000.0,
      "Net Other Investing Changes": 75000000.0,
      "Net Investment Purchase And Sale": -164000000.0,
      "Sale Of Investment": null,
      "Purchase Of Investment": -164000000.0,
      "Net Business Purchase And Sale": 0.0,
      "Sale Of Business": 0.0,
      "Purchase Of Business": 0.0,
      "Net Intangibles Purchase And Sale": -379000000.0,
      "Purchase Of Intangibles": -379000000.0,
      "Net PPE Purchase And Sale": -803000000.0,
      "Sale Of PPE": 14000000.0,
      "Purchase Of PPE": -803000000.0,
      "Operating Cash Flow": 4827000000.0,
      "Cash Flow From Continuing Operating Activities": 4827000000.0,
      "Taxes Refund Paid": -643000000.0,
      "Interest Received Cfo": 8000000.0,
      "Change In Working Capital": -232000000.0,
      "Change In Other Working Capital": 70000000.0,
      "Change In Payables And Accrued Expense": null,
      "Change In Payable": null,
      "Change In Account Payable": null,
      "Change In Prepaid Assets": null,
      "Change In Inventory": null,
      "Change In Receivables": -302000000.0,
      "Changes In Account Receivables": -302000000.0,
      "Other Non Cash Items": 536000000.0,
      "Unrealized Gain Loss On Investment Securities": null,
      "Provisionand Write Offof Assets": -20000000.0,
      "Asset Impairment Charge": 54000000.0,
      "Deferred Tax": 466000000.0,
      "Deferred Income Tax": 466000000.0,
      "Depreciation Amortization Depletion": 2664000000.0,
      "Depreciation And Amortization": 2664000000.0,
      "Amortization Cash Flow": 835000000.0,
      "Amortization Of Intangibles": 835000000.0,
      "Depreciation": 1829000000.0,
      "Operating Gains Losses": -2000000.0,
      "Pension And Employee Benefit Expense": null,
      "Gain Loss On Investment Securities": -2000000.0,
      "Net Income From Continuing Operations": 1976000000.0
    }
  },
  "earnings_estimate": {
    "avg": {
      "0q": 0.51741,
      "+1q": 0.66139,
      "0y": 2.60396,
      "+1y": 2.84416
    },
    "low": {
      "0q": 0.51,
      "+1q": 0.65,
      "0y": 2.54,
      "+1y": 2.77
    },
    "high": {
      "0q": 0.52186,
      "+1q": 0.67,
      "0y": 2.65,
      "+1y": 2.91
    },
    "yearAgoEps": {
      "0q": 0.47,
      "+1q": 0.6,
      "0y": 2.43,
      "+1y": 2.60396
    },
    "numberOfAnalysts": {
      "0q": 7,
      "+1q": 7,
      "0y": 10,
      "+1y": 8
    },
    "growth": {
      "0q": 0.1009,
      "+1q": 0.102299996,
      "0y": 0.0716,
      "+1y": 0.0922
    }
  },
  "revenue_estimate": {
    "avg": {
      "0q": 14639094190,
      "+1q": 15300000000,
      "0y": 66215100860,
      "+1y": 68737929940
    },
    "low": {
      "0q": 14470000000,
      "+1q": 15300000000,
      "0y": 65337000000,
      "+1y": 67510000000
    },
    "high": {
      "0q": 14762282560,
      "+1q": 15300000000,
      "0y": 66667000000,
      "+1y": 69649000000
    },
    "numberOfAnalysts": {
      "0q": 3,
      "+1q": 1,
      "0y": 8,
      "+1y": 7
    },
    "yearAgoRevenue": {
      "0q": 14135000000,
      "+1q": 14672000000,
      "0y": 64814000000,
      "+1y": 66215100860
    },
    "growth": {
      "0q": 0.0357,
      "+1q": 0.0428,
      "0y": 0.0216,
      "+1y": 0.0381
    }
  },
  "growth_estimates": {
    "stockTrend": {
      "0q": 0.1009,
      "+1q": 0.102299996,
      "0y": 0.0716,
      "+1y": 0.0922,
      "LTG": null
    },
    "indexTrend": {
      "0q": 0.1273,
      "+1q": 0.103599995,
      "0y": 0.14310001,
      "+1y": 0.1557,
      "LTG": 0.122
    }
  },
  "revenue_forecasts": null,
  "dividend_rate": 0.56,
  "trailing_dividend_rate": 0.0
}