{
  "ticker": "LDO.MI",
  "name": "Leonardo",
  "country": "italy",
  "currency": "EUR",
  "last_fetched": "2026-02-26T20:48:44.410168",
  "market_cap": 32532426752,
  "revenue": 19131000832,
  "net_income": 1057000000,
  "pe_ratio": 28.19,
  "forward_pe": 24.864609,
  "dividend_yield": 0.91,
  "profit_margin": 0.055359997,
  "roe": 0.11762,
  "debt_to_equity": 41.258,
  "beta": 0.491,
  "ev_to_ebitda": 18.151,
  "sector": "Industrials",
  "industry": "Aerospace & Defense",
  "summary": "Leonardo S.p.a., an industrial and technological company, engages in the helicopters, defense electronics and security, cyber security and solutions, aircraft, aerostructures, and space sectors in Italy, the United Kingdom, rest of Europe, the United States of America, and internationally. The company offers a range of helicopters for battlefield/personnel recovery, combat, maritime, training, VIP/executive transport, medical and rescue, energy, security, and utility services, as well as provides support and training services. It also provides trainers, fighters, multi-mission transport, and multi-mission surveillance aircraft; command and controls, radars and sensors, optronics, communication systems, electronic warfare, avionics, and air traffic management; defense systems comprising turrets and canons, munitions, and torpedoes; and cyber security and resilience, critical communications, digitalization, and monitoring solutions. In addition, the company offers geoinformation, satellite communications, ground systems, navigation, and satellite operations; interplanetary probes and orbiting modules; and robotics and drilling, electro-optics, laser transmitters, atomic clocks, photovoltaic panels, power distributors and amplifiers, attitude sensors, and orbital micropropulsion. Further, it engages in the production and assembly of major structural composite and metallic components for commercial and military aircraft, helicopters, and uncrewed aircraft, as well as provides systems and solutions for the automation of airport baggage handling, mail sorting centers, and courier logistics hubs. The company was formerly known as Leonardo Â– Finmeccanica S.p.a. and changed its name to Leonardo S.p.a. in January 2017. Leonardo S.p.a. was founded in 1948 and is headquartered in Rome, Italy.",
  "website": "https://www.leonardo.com/en/home",
  "employees": 62012,
  "target_high": 71.0,
  "target_low": 40.0,
  "target_mean": 59.82105,
  "target_median": 61.0,
  "recommendation": "buy",
  "num_analysts": 19,
  "income_stmt": {
    "2024-12-31T00:00:00": {
      "Tax Effect Of Unusual Items": -27181189.488243,
      "Tax Rate For Calcs": 0.199862,
      "Normalized EBITDA": 2386000000.0,
      "Total Unusual Items": -136000000.0,
      "Total Unusual Items Excluding Goodwill": -136000000.0,
      "Net Income From Continuing Operation Net Minority Interest": 1072000000.0,
      "Reconciled Depreciation": 663000000.0,
      "Reconciled Cost Of Revenue": 15747000000.0,
      "EBITDA": 2250000000.0,
      "EBIT": 1587000000.0,
      "Net Interest Income": 177000000.0,
      "Interest Expense": 141000000.0,
      "Interest Income": 53000000.0,
      "Normalized Income": 1180818810.511757,
      "Net Income From Continuing And Discontinued Operation": 1074000000.0,
      "Total Expenses": 16452000000.0,
      "Rent Expense Supplemental": 68000000.0,
      "Diluted Average Shares": 575777000.0,
      "Basic Average Shares": 575777000.0,
      "Diluted EPS": 1.865,
      "Basic EPS": 1.865,
      "Diluted NI Availto Com Stockholders": 1074000000.0,
      "Net Income Common Stockholders": 1074000000.0,
      "Otherunder Preferred Stock Dividend": 0.0,
      "Net Income": 1074000000.0,
      "Minority Interests": -85000000.0,
      "Net Income Including Noncontrolling Interests": 1159000000.0,
      "Net Income Discontinuous Operations": 2000000.0,
      "Net Income Continuous Operations": 1157000000.0,
      "Tax Provision": 289000000.0,
      "Pretax Income": 1446000000.0,
      "Special Income Charges": -61000000.0,
      "Other Special Charges": -2000000.0,
      "Write Off": 61000000.0,
      "Restructuring And Mergern Acquisition": 2000000.0,
      "Net Non Operating Interest Income Expense": 177000000.0,
      "Total Other Finance Cost": -265000000.0,
      "Interest Expense Non Operating": 141000000.0,
      "Interest Income Non Operating": 53000000.0,
      "Operating Income": 1311000000.0,
      "Operating Expense": 705000000.0,
      "Other Operating Expenses": 227000000.0,
      "Depreciation And Amortization In Income Statement": 663000000.0,
      "Amortization": 257000000.0,
      "Depreciation Income Statement": 406000000.0,
      "Gross Profit": 2016000000.0,
      "Cost Of Revenue": 15747000000.0,
      "Total Revenue": 17763000000.0,
      "Operating Revenue": 17763000000.0
    },
    "2023-12-31T00:00:00": {
      "Tax Effect Of Unusual Items": -12837378.640777,
      "Tax Rate For Calcs": 0.156553,
      "Normalized EBITDA": 1622000000.0,
      "Total Unusual Items": -82000000.0,
      "Total Unusual Items Excluding Goodwill": -82000000.0,
      "Net Income From Continuing Operation Net Minority Interest": 658000000.0,
      "Reconciled Depreciation": 569000000.0,
      "Reconciled Cost Of Revenue": 13641000000.0,
      "EBITDA": 1540000000.0,
      "EBIT": 971000000.0,
      "Net Interest Income": -253000000.0,
      "Interest Expense": 147000000.0,
      "Interest Income": 33000000.0,
      "Normalized Income": 727162621.359223,
      "Net Income From Continuing And Discontinued Operation": 658000000.0,
      "Total Expenses": 14288000000.0,
      "Rent Expense Supplemental": 68000000.0,
      "Diluted Average Shares": 575174825.0,
      "Basic Average Shares": 575174825.0,
      "Diluted EPS": 1.144,
      "Basic EPS": 1.144,
      "Diluted NI Availto Com Stockholders": 658000000.0,
      "Net Income Common Stockholders": 658000000.0,
      "Otherunder Preferred Stock Dividend": 0.0,
      "Net Income": 658000000.0,
      "Minority Interests": -37000000.0,
      "Net Income Including Noncontrolling Interests": 695000000.0,
      "Net Income Discontinuous Operations": 0.0,
      "Net Income Continuous Operations": 695000000.0,
      "Tax Provision": 129000000.0,
      "Pretax Income": 824000000.0,
      "Special Income Charges": -49000000.0,
      "Other Special Charges": 1000000.0,
      "Write Off": 45000000.0,
      "Restructuring And Mergern Acquisition": 3000000.0,
      "Net Non Operating Interest Income Expense": -253000000.0,
      "Total Other Finance Cost": 139000000.0,
      "Interest Expense Non Operating": 147000000.0,
      "Interest Income Non Operating": 33000000.0,
      "Operating Income": 1003000000.0,
      "Operating Expense": 647000000.0,
      "Other Operating Expenses": 261000000.0,
      "Depreciation And Amortization In Income Statement": 569000000.0,
      "Amortization": 188000000.0,
      "Depreciation Income Statement": 381000000.0,
      "Gross Profit": 1650000000.0,
      "Cost Of Revenue": 13641000000.0,
      "Total Revenue": 15291000000.0,
      "Operating Revenue": 15291000000.0
    },
    "2022-12-31T00:00:00": {
      "Tax Effect Of Unusual Items": -3237000.0,
      "Tax Rate For Calcs": 0.039,
      "Normalized EBITDA": 1733000000.0,
      "Total Unusual Items": -83000000.0,
      "Total Unusual Items Excluding Goodwill": -83000000.0,
      "Net Income From Continuing Operation Net Minority Interest": 927000000.0,
      "Reconciled Depreciation": 551000000.0,
      "Reconciled Cost Of Revenue": 13154000000.0,
      "EBITDA": 1650000000.0,
      "EBIT": 1099000000.0,
      "Net Interest Income": 20000000.0,
      "Interest Expense": 116000000.0,
      "Interest Income": 10000000.0,
      "Normalized Income": 1006763000.0,
      "Net Income From Continuing And Discontinued Operation": 927000000.0,
      "Total Expenses": 13814000000.0,
      "Rent Expense Supplemental": 67000000.0,
      "Diluted Average Shares": 575307000.0,
      "Basic Average Shares": 575307000.0,
      "Diluted EPS": 1.611,
      "Basic EPS": 1.611,
      "Diluted NI Availto Com Stockholders": 927000000.0,
      "Net Income Common Stockholders": 927000000.0,
      "Otherunder Preferred Stock Dividend": 0.0,
      "Net Income": 927000000.0,
      "Minority Interests": -5000000.0,
      "Net Income Including Noncontrolling Interests": 932000000.0,
      "Net Income Discontinuous Operations": 0.0,
      "Net Income Continuous Operations": 932000000.0,
      "Tax Provision": 51000000.0,
      "Pretax Income": 983000000.0,
      "Special Income Charges": -20000000.0,
      "Other Special Charges": null,
      "Write Off": 20000000.0,
      "Restructuring And Mergern Acquisition": 0.0,
      "Net Non Operating Interest Income Expense": 20000000.0,
      "Total Other Finance Cost": -126000000.0,
      "Interest Expense Non Operating": 116000000.0,
      "Interest Income Non Operating": 10000000.0,
      "Operating Income": 899000000.0,
      "Operating Expense": 660000000.0,
      "Other Operating Expenses": 267000000.0,
      "Depreciation And Amortization In Income Statement": 551000000.0,
      "Amortization": 187000000.0,
      "Depreciation Income Statement": 364000000.0,
      "Gross Profit": 1559000000.0,
      "Cost Of Revenue": 13154000000.0,
      "Total Revenue": 14713000000.0,
      "Operating Revenue": 14713000000.0
    },
    "2021-12-31T00:00:00": {
      "Tax Effect Of Unusual Items": -10140770.252324,
      "Tax Rate For Calcs": 0.220452,
      "Normalized EBITDA": 1421000000.0,
      "Total Unusual Items": -46000000.0,
      "Total Unusual Items Excluding Goodwill": -46000000.0,
      "Net Income From Continuing Operation Net Minority Interest": 586000000.0,
      "Reconciled Depreciation": 485000000.0,
      "Reconciled Cost Of Revenue": 12770000000.0,
      "EBITDA": 1375000000.0,
      "EBIT": 890000000.0,
      "Net Interest Income": -171000000.0,
      "Interest Expense": 137000000.0,
      "Interest Income": 1000000.0,
      "Normalized Income": 621859229.747676,
      "Net Income From Continuing And Discontinued Operation": 586000000.0,
      "Total Expenses": 13296000000.0,
      "Rent Expense Supplemental": 62000000.0,
      "Diluted Average Shares": 575229000.0,
      "Basic Average Shares": 575229000.0,
      "Diluted EPS": 1.019,
      "Basic EPS": 1.019,
      "Diluted NI Availto Com Stockholders": 586000000.0,
      "Net Income Common Stockholders": 586000000.0,
      "Otherunder Preferred Stock Dividend": 0.0,
      "Net Income": 586000000.0,
      "Minority Interests": -1000000.0,
      "Net Income Including Noncontrolling Interests": 587000000.0,
      "Net Income Discontinuous Operations": 0.0,
      "Net Income Continuous Operations": 587000000.0,
      "Tax Provision": 166000000.0,
      "Pretax Income": 753000000.0,
      "Special Income Charges": -42000000.0,
      "Other Special Charges": 1000000.0,
      "Write Off": 42000000.0,
      "Restructuring And Mergern Acquisition": 1000000.0,
      "Net Non Operating Interest Income Expense": -171000000.0,
      "Total Other Finance Cost": 35000000.0,
      "Interest Expense Non Operating": 137000000.0,
      "Interest Income Non Operating": 1000000.0,
      "Operating Income": 839000000.0,
      "Operating Expense": 526000000.0,
      "Other Operating Expenses": 144000000.0,
      "Depreciation And Amortization In Income Statement": 485000000.0,
      "Amortization": 150000000.0,
      "Depreciation Income Statement": 335000000.0,
      "Gross Profit": 1365000000.0,
      "Cost Of Revenue": 12770000000.0,
      "Total Revenue": 14135000000.0,
      "Operating Revenue": 14135000000.0
    }
  },
  "quarterly_income": {
    "2025-06-30T00:00:00": {
      "Tax Effect Of Unusual Items": -250000.0,
      "Tax Rate For Calcs": 0.125,
      "Normalized EBITDA": 691000000.0,
      "Total Unusual Items": -2000000.0,
      "Total Unusual Items Excluding Goodwill": -2000000.0,
      "Net Income From Continuing Operation Net Minority Interest": 405000000.0,
      "Reconciled Depreciation": 164000000.0,
      "Reconciled Cost Of Revenue": 4287000000.0,
      "EBITDA": 689000000.0,
      "EBIT": 525000000.0,
      "Net Interest Income": -28000000.0,
      "Interest Expense": 37000000.0,
      "Normalized Income": 406750000.0,
      "Net Income From Continuing And Discontinued Operation": 124000000.0,
      "Total Expenses": 4241000000.0,
      "Diluted Average Shares": 579439252.0,
      "Basic Average Shares": 579439252.0,
      "Diluted EPS": 0.214,
      "Basic EPS": 0.214,
      "Diluted NI Availto Com Stockholders": 124000000.0,
      "Net Income Common Stockholders": 124000000.0,
      "Otherunder Preferred Stock Dividend": 0.0,
      "Net Income": 124000000.0,
      "Minority Interests": -22000000.0,
      "Net Income Including Noncontrolling Interests": 146000000.0,
      "Net Income Discontinuous Operations": -281000000.0,
      "Net Income Continuous Operations": 427000000.0,
      "Tax Provision": 61000000.0,
      "Pretax Income": 488000000.0,
      "Special Income Charges": 4000000.0,
      "Other Special Charges": null,
      "Restructuring And Mergern Acquisition": -1000000.0,
      "Net Non Operating Interest Income Expense": -28000000.0,
      "Total Other Finance Cost": 18000000.0,
      "Interest Expense Non Operating": 37000000.0,
      "Operating Income": 519000000.0,
      "Operating Expense": -46000000.0,
      "Other Operating Expenses": 126000000.0,
      "Depreciation And Amortization In Income Statement": 164000000.0,
      "Amortization": -40000000.0,
      "Depreciation Income Statement": 204000000.0,
      "Gross Profit": 473000000.0,
      "Cost Of Revenue": 4287000000.0,
      "Total Revenue": 4760000000.0,
      "Operating Revenue": 4760000000.0
    },
    "2025-03-31T00:00:00": {
      "Tax Effect Of Unusual Items": -2532467.532468,
      "Tax Rate For Calcs": 0.253247,
      "Normalized EBITDA": 335000000.0,
      "Total Unusual Items": -10000000.0,
      "Total Unusual Items Excluding Goodwill": -10000000.0,
      "Net Income From Continuing Operation Net Minority Interest": 96000000.0,
      "Reconciled Depreciation": 158000000.0,
      "Reconciled Cost Of Revenue": 3792000000.0,
      "EBITDA": 325000000.0,
      "EBIT": 167000000.0,
      "Net Interest Income": -35000000.0,
      "Interest Expense": 13000000.0,
      "Normalized Income": 103467532.467532,
      "Net Income From Continuing And Discontinued Operation": 377000000.0,
      "Total Expenses": 3966000000.0,
      "Diluted Average Shares": 575572519.0,
      "Basic Average Shares": 575572519.0,
      "Diluted EPS": 0.655,
      "Basic EPS": 0.655,
      "Diluted NI Availto Com Stockholders": 377000000.0,
      "Net Income Common Stockholders": 377000000.0,
      "Otherunder Preferred Stock Dividend": 0.0,
      "Net Income": 377000000.0,
      "Minority Interests": -19000000.0,
      "Net Income Including Noncontrolling Interests": 396000000.0,
      "Net Income Discontinuous Operations": 281000000.0,
      "Net Income Continuous Operations": 115000000.0,
      "Tax Provision": 39000000.0,
      "Pretax Income": 154000000.0,
      "Special Income Charges": -4000000.0,
      "Other Special Charges": 3000000.0,
      "Restructuring And Mergern Acquisition": 1000000.0,
      "Net Non Operating Interest Income Expense": -35000000.0,
      "Total Other Finance Cost": 22000000.0,
      "Interest Expense Non Operating": 13000000.0,
      "Operating Income": 193000000.0,
      "Operating Expense": 174000000.0,
      "Other Operating Expenses": 16000000.0,
      "Depreciation And Amortization In Income Statement": 158000000.0,
      "Amortization": 158000000.0,
      "Depreciation Income Statement": 0.0,
      "Gross Profit": 367000000.0,
      "Cost Of Revenue": 3792000000.0,
      "Total Revenue": 4159000000.0,
      "Operating Revenue": 4159000000.0
    },
    "2024-12-31T00:00:00": {
      "Tax Effect Of Unusual Items": -5400419.287212,
      "Tax Rate For Calcs": 0.168763,
      "Normalized EBITDA": 1230000000.0,
      "Total Unusual Items": -32000000.0,
      "Total Unusual Items Excluding Goodwill": -32000000.0,
      "Net Income From Continuing Operation Net Minority Interest": 759000000.0,
      "Reconciled Depreciation": 159000000.0,
      "Reconciled Cost Of Revenue": 4884000000.0,
      "EBITDA": 1198000000.0,
      "EBIT": 1039000000.0,
      "Net Interest Income": 299000000.0,
      "Interest Expense": 85000000.0,
      "Normalized Income": 785599580.712788,
      "Net Income From Continuing And Discontinued Operation": 395000000.0,
      "Total Expenses": 5080000000.0,
      "Diluted Average Shares": 576642336.0,
      "Basic Average Shares": 576642336.0,
      "Diluted EPS": 0.685,
      "Basic EPS": 0.685,
      "Diluted NI Availto Com Stockholders": 395000000.0,
      "Net Income Common Stockholders": 395000000.0,
      "Otherunder Preferred Stock Dividend": 0.0,
      "Net Income": 395000000.0,
      "Minority Interests": -34000000.0,
      "Net Income Including Noncontrolling Interests": 429000000.0,
      "Net Income Discontinuous Operations": -364000000.0,
      "Net Income Continuous Operations": 793000000.0,
      "Tax Provision": 161000000.0,
      "Pretax Income": 954000000.0,
      "Special Income Charges": 28000000.0,
      "Other Special Charges": -74000000.0,
      "Restructuring And Mergern Acquisition": -15000000.0,
      "Net Non Operating Interest Income Expense": 299000000.0,
      "Total Other Finance Cost": -331000000.0,
      "Interest Expense Non Operating": 85000000.0,
      "Operating Income": 607000000.0,
      "Operating Expense": 196000000.0,
      "Other Operating Expenses": 222000000.0,
      "Depreciation And Amortization In Income Statement": 159000000.0,
      "Amortization": -247000000.0,
      "Depreciation Income Statement": 406000000.0,
      "Gross Profit": 803000000.0,
      "Cost Of Revenue": 4884000000.0,
      "Total Revenue": 5687000000.0,
      "Operating Revenue": 5687000000.0
    },
    "2024-09-30T00:00:00": {
      "Tax Effect Of Unusual Items": -619791.666667,
      "Tax Rate For Calcs": 0.088542,
      "Normalized EBITDA": 396000000.0,
      "Total Unusual Items": -7000000.0,
      "Total Unusual Items Excluding Goodwill": -7000000.0,
      "Net Income From Continuing Operation Net Minority Interest": 175000000.0,
      "Reconciled Depreciation": 156000000.0,
      "Reconciled Cost Of Revenue": 3670000000.0,
      "EBITDA": 389000000.0,
      "EBIT": 233000000.0,
      "Net Interest Income": -54000000.0,
      "Interest Expense": null,
      "Normalized Income": 181380208.333333,
      "Net Income From Continuing And Discontinued Operation": 175000000.0,
      "Total Expenses": 3858000000.0,
      "Diluted Average Shares": 575187970.0,
      "Basic Average Shares": 575187970.0,
      "Diluted EPS": 0.266,
      "Basic EPS": 0.266,
      "Diluted NI Availto Com Stockholders": 175000000.0,
      "Net Income Common Stockholders": 175000000.0,
      "Otherunder Preferred Stock Dividend": 0.0,
      "Net Income": 175000000.0,
      "Minority Interests": null,
      "Net Income Including Noncontrolling Interests": 175000000.0,
      "Net Income Discontinuous Operations": 0.0,
      "Net Income Continuous Operations": 175000000.0,
      "Tax Provision": 17000000.0,
      "Pretax Income": 192000000.0,
      "Special Income Charges": -7000000.0,
      "Other Special Charges": 4000000.0,
      "Restructuring And Mergern Acquisition": 3000000.0,
      "Net Non Operating Interest Income Expense": -54000000.0,
      "Total Other Finance Cost": null,
      "Interest Expense Non Operating": null,
      "Operating Income": 233000000.0,
      "Operating Expense": 188000000.0,
      "Other Operating Expenses": 32000000.0,
      "Depreciation And Amortization In Income Statement": 156000000.0,
      "Amortization": 156000000.0,
      "Depreciation Income Statement": 0.0,
      "Gross Profit": 421000000.0,
      "Cost Of Revenue": 3670000000.0,
      "Total Revenue": 4091000000.0,
      "Operating Revenue": 4091000000.0
    },
    "2024-06-30T00:00:00": {
      "Tax Effect Of Unusual Items": -4132841.328413,
      "Tax Rate For Calcs": 0.147601,
      "Normalized EBITDA": 740000000.0,
      "Total Unusual Items": -28000000.0,
      "Total Unusual Items Excluding Goodwill": -28000000.0,
      "Net Income From Continuing Operation Net Minority Interest": 445000000.0,
      "Reconciled Depreciation": 154000000.0,
      "Reconciled Cost Of Revenue": 3913000000.0,
      "EBITDA": 712000000.0,
      "EBIT": 558000000.0,
      "Net Interest Income": 326000000.0,
      "Interest Expense": 16000000.0,
      "Normalized Income": 468867158.671587,
      "Net Income From Continuing And Discontinued Operation": 79000000.0,
      "Total Expenses": 4080000000.0,
      "Diluted Average Shares": 576642336.0,
      "Basic Average Shares": 576642336.0,
      "Diluted EPS": 0.137,
      "Basic EPS": 0.137,
      "Diluted NI Availto Com Stockholders": 79000000.0,
      "Net Income Common Stockholders": 79000000.0,
      "Otherunder Preferred Stock Dividend": 0.0,
      "Net Income": 79000000.0,
      "Minority Interests": -17000000.0,
      "Net Income Including Noncontrolling Interests": 96000000.0,
      "Net Income Discontinuous Operations": -366000000.0,
      "Net Income Continuous Operations": 462000000.0,
      "Tax Provision": 80000000.0,
      "Pretax Income": 542000000.0,
      "Special Income Charges": -31000000.0,
      "Other Special Charges": null,
      "Restructuring And Mergern Acquisition": -4000000.0,
      "Net Non Operating Interest Income Expense": 326000000.0,
      "Total Other Finance Cost": -342000000.0,
      "Interest Expense Non Operating": 16000000.0,
      "Operating Income": 241000000.0,
      "Operating Expense": 167000000.0,
      "Other Operating Expenses": 67000000.0,
      "Depreciation And Amortization In Income Statement": 154000000.0,
      "Amortization": -46000000.0,
      "Depreciation Income Statement": 200000000.0,
      "Gross Profit": 408000000.0,
      "Cost Of Revenue": 3913000000.0,
      "Total Revenue": 4321000000.0,
      "Operating Revenue": 4321000000.0
    }
  },
  "balance_sheet": {
    "2024-12-31T00:00:00": {
      "Treasury Shares Number": 1712950.0,
      "Ordinary Shares Number": 576437445.0,
      "Share Issued": 578150395.0,
      "Net Debt": 1503000000.0,
      "Total Debt": 4700000000.0,
      "Tangible Book Value": 262000000.0,
      "Invested Capital": 13049000000.0,
      "Working Capital": -600000000.0,
      "Net Tangible Assets": 262000000.0,
      "Capital Lease Obligations": 641000000.0,
      "Common Stock Equity": 8990000000.0,
      "Total Capitalization": 10807000000.0,
      "Total Equity Gross Minority Interest": 10200000000.0,
      "Minority Interest": 1210000000.0,
      "Stockholders Equity": 8990000000.0,
      "Other Equity Interest": null,
      "Treasury Stock": null,
      "Capital Stock": 2509000000.0,
      "Common Stock": 2509000000.0,
      "Total Liabilities Net Minority Interest": 23473000000.0,
      "Total Non Current Liabilities Net Minority Interest": 4669000000.0,
      "Other Non Current Liabilities": 368000000.0,
      "Derivative Product Liabilities": 0.0,
      "Non Current Pension And Other Postretirement Benefit Plans": 369000000.0,
      "Tradeand Other Payables Non Current": 450000000.0,
      "Non Current Deferred Revenue": 82000000.0,
      "Non Current Deferred Taxes Liabilities": 375000000.0,
      "Long Term Debt And Capital Lease Obligation": 2373000000.0,
      "Long Term Capital Lease Obligation": 556000000.0,
      "Long Term Debt": 1817000000.0,
      "Long Term Provisions": 652000000.0,
      "Current Liabilities": 18804000000.0,
      "Other Current Liabilities": 512000000.0,
      "Current Debt And Capital Lease Obligation": 2327000000.0,
      "Current Capital Lease Obligation": 85000000.0,
      "Current Debt": 2242000000.0,
      "Pensionand Other Post Retirement Benefit Plans Current": 586000000.0,
      "Current Provisions": 1018000000.0,
      "Payables": 4334000000.0,
      "Other Payable": 296000000.0,
      "Total Tax Payable": 275000000.0,
      "Accounts Payable": 3763000000.0,
      "Total Assets": 33673000000.0,
      "Total Non Current Assets": 15469000000.0,
      "Other Non Current Assets": 26000000.0,
      "Non Current Prepaid Assets": 4000000.0,
      "Non Current Deferred Taxes Assets": 1104000000.0,
      "Other Investments": 22000000.0,
      "Long Term Equity Investment": 1877000000.0,
      "Investment Properties": 38000000.0,
      "Goodwill And Other Intangible Assets": 8728000000.0,
      "Other Intangible Assets": 4191000000.0,
      "Goodwill": 4537000000.0,
      "Net PPE": 3412000000.0,
      "Accumulated Depreciation": -6846000000.0,
      "Gross PPE": 10258000000.0,
      "Other Properties": 5022000000.0,
      "Machinery Furniture Equipment": 2384000000.0,
      "Buildings And Improvements": 905000000.0,
      "Land And Improvements": 1947000000.0,
      "Properties": 0.0,
      "Current Assets": 18204000000.0,
      "Other Current Assets": 183000000.0,
      "Hedging Assets Current": 104000000.0,
      "Assets Held For Sale Current": 290000000.0,
      "Current Deferred Assets": null,
      "Prepaid Assets": 1014000000.0,
      "Inventory": 5655000000.0,
      "Finished Goods": 488000000.0,
      "Work In Process": 2245000000.0,
      "Raw Materials": 2922000000.0,
      "Other Receivables": 4354000000.0,
      "Taxes Receivable": 210000000.0,
      "Accounts Receivable": 3838000000.0,
      "Allowance For Doubtful Accounts Receivable": -463000000.0,
      "Gross Accounts Receivable": 4301000000.0,
      "Cash Cash Equivalents And Short Term Investments": 2556000000.0,
      "Cash And Cash Equivalents": 2556000000.0,
      "Cash Equivalents": 1000000.0,
      "Cash Financial": 2555000000.0
    },
    "2023-12-31T00:00:00": {
      "Treasury Shares Number": 2843120.0,
      "Ordinary Shares Number": 575307275.0,
      "Share Issued": 578150395.0,
      "Net Debt": 1912000000.0,
      "Total Debt": 4929000000.0,
      "Tangible Book Value": 235000000.0,
      "Invested Capital": 12119000000.0,
      "Working Capital": -601000000.0,
      "Net Tangible Assets": 235000000.0,
      "Capital Lease Obligations": 610000000.0,
      "Common Stock Equity": 7800000000.0,
      "Total Capitalization": 10154000000.0,
      "Total Equity Gross Minority Interest": 8561000000.0,
      "Minority Interest": 761000000.0,
      "Stockholders Equity": 7800000000.0,
      "Other Equity Interest": null,
      "Treasury Stock": 26000000.0,
      "Capital Stock": 2525000000.0,
      "Common Stock": 2525000000.0,
      "Total Liabilities Net Minority Interest": 22132000000.0,
      "Total Non Current Liabilities Net Minority Interest": 5133000000.0,
      "Other Non Current Liabilities": 342000000.0,
      "Derivative Product Liabilities": 0.0,
      "Non Current Pension And Other Postretirement Benefit Plans": 355000000.0,
      "Tradeand Other Payables Non Current": 421000000.0,
      "Non Current Deferred Revenue": 84000000.0,
      "Non Current Deferred Taxes Liabilities": 268000000.0,
      "Long Term Debt And Capital Lease Obligation": 2885000000.0,
      "Long Term Capital Lease Obligation": 531000000.0,
      "Long Term Debt": 2354000000.0,
      "Long Term Provisions": 778000000.0,
      "Current Liabilities": 16999000000.0,
      "Other Current Liabilities": 416000000.0,
      "Current Debt And Capital Lease Obligation": 2044000000.0,
      "Current Capital Lease Obligation": 79000000.0,
      "Current Debt": 1965000000.0,
      "Pensionand Other Post Retirement Benefit Plans Current": 517000000.0,
      "Current Provisions": 1087000000.0,
      "Payables": 3781000000.0,
      "Other Payable": 281000000.0,
      "Total Tax Payable": 232000000.0,
      "Accounts Payable": 3268000000.0,
      "Total Assets": 30693000000.0,
      "Total Non Current Assets": 14295000000.0,
      "Other Non Current Assets": 29000000.0,
      "Non Current Prepaid Assets": 4000000.0,
      "Non Current Deferred Taxes Assets": 1213000000.0,
      "Other Investments": 14000000.0,
      "Long Term Equity Investment": 2087000000.0,
      "Investment Properties": 44000000.0,
      "Goodwill And Other Intangible Assets": 7565000000.0,
      "Other Intangible Assets": 3666000000.0,
      "Goodwill": 3899000000.0,
      "Net PPE": 3108000000.0,
      "Accumulated Depreciation": -6089000000.0,
      "Gross PPE": 9197000000.0,
      "Other Properties": 4671000000.0,
      "Machinery Furniture Equipment": 1910000000.0,
      "Buildings And Improvements": 809000000.0,
      "Land And Improvements": 1807000000.0,
      "Properties": 0.0,
      "Current Assets": 16398000000.0,
      "Other Current Assets": 138000000.0,
      "Hedging Assets Current": 207000000.0,
      "Assets Held For Sale Current": 0.0,
      "Current Deferred Assets": 0.0,
      "Prepaid Assets": 1135000000.0,
      "Inventory": 4698000000.0,
      "Finished Goods": 361000000.0,
      "Work In Process": 1805000000.0,
      "Raw Materials": 2532000000.0,
      "Other Receivables": 3943000000.0,
      "Taxes Receivable": 185000000.0,
      "Accounts Receivable": 3685000000.0,
      "Allowance For Doubtful Accounts Receivable": -516000000.0,
      "Gross Accounts Receivable": 4201000000.0,
      "Cash Cash Equivalents And Short Term Investments": 2407000000.0,
      "Cash And Cash Equivalents": 2407000000.0,
      "Cash Equivalents": 1000000.0,
      "Cash Financial": 2406000000.0
    },
    "2022-12-31T00:00:00": {
      "Treasury Shares Number": 2843120.0,
      "Ordinary Shares Number": 575307275.0,
      "Share Issued": 578150395.0,
      "Net Debt": 2532000000.0,
      "Total Debt": 4613000000.0,
      "Tangible Book Value": -227000000.0,
      "Invested Capital": 11226000000.0,
      "Working Capital": -539000000.0,
      "Net Tangible Assets": -227000000.0,
      "Capital Lease Obligations": 570000000.0,
      "Common Stock Equity": 7183000000.0,
      "Total Capitalization": 10222000000.0,
      "Total Equity Gross Minority Interest": 7699000000.0,
      "Minority Interest": 516000000.0,
      "Stockholders Equity": 7183000000.0,
      "Other Equity Interest": null,
      "Treasury Stock": 26000000.0,
      "Capital Stock": 2525000000.0,
      "Common Stock": 2525000000.0,
      "Total Liabilities Net Minority Interest": 20883000000.0,
      "Total Non Current Liabilities Net Minority Interest": 5705000000.0,
      "Other Non Current Liabilities": 374000000.0,
      "Derivative Product Liabilities": 0.0,
      "Non Current Pension And Other Postretirement Benefit Plans": 368000000.0,
      "Tradeand Other Payables Non Current": 355000000.0,
      "Non Current Deferred Revenue": 79000000.0,
      "Non Current Deferred Taxes Liabilities": 246000000.0,
      "Long Term Debt And Capital Lease Obligation": 3531000000.0,
      "Long Term Capital Lease Obligation": 492000000.0,
      "Long Term Debt": 3039000000.0,
      "Long Term Provisions": 752000000.0,
      "Current Liabilities": 15178000000.0,
      "Other Current Liabilities": 413000000.0,
      "Current Debt And Capital Lease Obligation": 1082000000.0,
      "Current Capital Lease Obligation": 78000000.0,
      "Current Debt": 1004000000.0,
      "Pensionand Other Post Retirement Benefit Plans Current": 477000000.0,
      "Current Provisions": 1078000000.0,
      "Payables": 3621000000.0,
      "Other Payable": 316000000.0,
      "Total Tax Payable": 251000000.0,
      "Accounts Payable": 3054000000.0,
      "Total Assets": 28582000000.0,
      "Total Non Current Assets": 13943000000.0,
      "Other Non Current Assets": 29000000.0,
      "Non Current Prepaid Assets": 20000000.0,
      "Non Current Deferred Taxes Assets": 1133000000.0,
      "Other Investments": 23000000.0,
      "Long Term Equity Investment": 2099000000.0,
      "Investment Properties": 49000000.0,
      "Goodwill And Other Intangible Assets": 7410000000.0,
      "Other Intangible Assets": 3485000000.0,
      "Goodwill": 3925000000.0,
      "Net PPE": 2904000000.0,
      "Accumulated Depreciation": -5818000000.0,
      "Gross PPE": 8722000000.0,
      "Other Properties": 4502000000.0,
      "Machinery Furniture Equipment": 1803000000.0,
      "Buildings And Improvements": 728000000.0,
      "Land And Improvements": 1689000000.0,
      "Properties": 0.0,
      "Current Assets": 14639000000.0,
      "Other Current Assets": 101000000.0,
      "Hedging Assets Current": 224000000.0,
      "Assets Held For Sale Current": 37000000.0,
      "Current Deferred Assets": 2000000.0,
      "Prepaid Assets": 1197000000.0,
      "Inventory": 4251000000.0,
      "Finished Goods": 336000000.0,
      "Work In Process": 1601000000.0,
      "Raw Materials": 2314000000.0,
      "Other Receivables": 3854000000.0,
      "Taxes Receivable": 124000000.0,
      "Accounts Receivable": 3338000000.0,
      "Allowance For Doubtful Accounts Receivable": -587000000.0,
      "Gross Accounts Receivable": 3925000000.0,
      "Cash Cash Equivalents And Short Term Investments": 1511000000.0,
      "Cash And Cash Equivalents": 1511000000.0,
      "Cash Equivalents": null,
      "Cash Financial": 1511000000.0
    },
    "2021-12-31T00:00:00": {
      "Treasury Shares Number": 2843120.0,
      "Ordinary Shares Number": 575307275.0,
      "Share Issued": 578150395.0,
      "Net Debt": 1650000000.0,
      "Total Debt": 4697000000.0,
      "Tangible Book Value": -651000000.0,
      "Invested Capital": 10557000000.0,
      "Working Capital": -27000000.0,
      "Net Tangible Assets": -651000000.0,
      "Capital Lease Obligations": 568000000.0,
      "Common Stock Equity": 6428000000.0,
      "Total Capitalization": 9882000000.0,
      "Total Equity Gross Minority Interest": 6455000000.0,
      "Minority Interest": 27000000.0,
      "Stockholders Equity": 6428000000.0,
      "Other Equity Interest": 1000000.0,
      "Treasury Stock": 26000000.0,
      "Capital Stock": 2525000000.0,
      "Common Stock": 2525000000.0,
      "Total Liabilities Net Minority Interest": 21924000000.0,
      "Total Non Current Liabilities Net Minority Interest": 6328000000.0,
      "Other Non Current Liabilities": 404000000.0,
      "Derivative Product Liabilities": 0.0,
      "Non Current Pension And Other Postretirement Benefit Plans": 362000000.0,
      "Tradeand Other Payables Non Current": 619000000.0,
      "Non Current Deferred Revenue": 80000000.0,
      "Non Current Deferred Taxes Liabilities": 340000000.0,
      "Long Term Debt And Capital Lease Obligation": 3940000000.0,
      "Long Term Capital Lease Obligation": 486000000.0,
      "Long Term Debt": 3454000000.0,
      "Long Term Provisions": 583000000.0,
      "Current Liabilities": 15596000000.0,
      "Other Current Liabilities": 880000000.0,
      "Current Debt And Capital Lease Obligation": 757000000.0,
      "Current Capital Lease Obligation": 82000000.0,
      "Current Debt": 675000000.0,
      "Pensionand Other Post Retirement Benefit Plans Current": null,
      "Current Provisions": 1111000000.0,
      "Payables": 4691000000.0,
      "Other Payable": 1212000000.0,
      "Total Tax Payable": 107000000.0,
      "Accounts Payable": 3372000000.0,
      "Total Assets": 28379000000.0,
      "Total Non Current Assets": 12810000000.0,
      "Other Non Current Assets": 15000000.0,
      "Non Current Prepaid Assets": 19000000.0,
      "Non Current Deferred Taxes Assets": 1035000000.0,
      "Other Investments": 26000000.0,
      "Long Term Equity Investment": 1319000000.0,
      "Investment Properties": 46000000.0,
      "Goodwill And Other Intangible Assets": 7079000000.0,
      "Other Intangible Assets": 3243000000.0,
      "Goodwill": 3836000000.0,
      "Net PPE": 2652000000.0,
      "Accumulated Depreciation": -5692000000.0,
      "Gross PPE": 8344000000.0,
      "Other Properties": 4252000000.0,
      "Machinery Furniture Equipment": 1779000000.0,
      "Buildings And Improvements": 666000000.0,
      "Land And Improvements": 1647000000.0,
      "Properties": 0.0,
      "Current Assets": 15569000000.0,
      "Other Current Assets": 121000000.0,
      "Hedging Assets Current": 108000000.0,
      "Assets Held For Sale Current": 17000000.0,
      "Current Deferred Assets": 4000000.0,
      "Prepaid Assets": 1591000000.0,
      "Inventory": 3999000000.0,
      "Finished Goods": 267000000.0,
      "Work In Process": 1494000000.0,
      "Raw Materials": 2238000000.0,
      "Other Receivables": 3921000000.0,
      "Taxes Receivable": 126000000.0,
      "Accounts Receivable": 3203000000.0,
      "Allowance For Doubtful Accounts Receivable": -564000000.0,
      "Gross Accounts Receivable": 3767000000.0,
      "Cash Cash Equivalents And Short Term Investments": 2479000000.0,
      "Cash And Cash Equivalents": 2479000000.0,
      "Cash Equivalents": null,
      "Cash Financial": null
    }
  },
  "cashflow": {
    "2024-12-31T00:00:00": {
      "Free Cash Flow": 646000000.0,
      "Repayment Of Debt": -638000000.0,
      "Issuance Of Debt": null,
      "Capital Expenditure": -895000000.0,
      "End Cash Position": 2556000000.0,
      "Beginning Cash Position": 2407000000.0,
      "Effect Of Exchange Rate Changes": 39000000.0,
      "Changes In Cash": 110000000.0,
      "Financing Cash Flow": -678000000.0,
      "Net Other Financing Charges": 137000000.0,
      "Cash Dividends Paid": -177000000.0,
      "Common Stock Dividend Paid": -177000000.0,
      "Net Issuance Payments Of Debt": -638000000.0,
      "Net Long Term Debt Issuance": -638000000.0,
      "Long Term Debt Payments": -638000000.0,
      "Long Term Debt Issuance": null,
      "Investing Cash Flow": -753000000.0,
      "Net Other Investing Changes": 126000000.0,
      "Net PPE Purchase And Sale": -879000000.0,
      "Sale Of PPE": 16000000.0,
      "Purchase Of PPE": -895000000.0,
      "Capital Expenditure Reported": null,
      "Operating Cash Flow": 1541000000.0,
      "Taxes Refund Paid": -160000000.0,
      "Interest Paid Cfo": -179000000.0,
      "Change In Working Capital": -394000000.0,
      "Change In Other Current Assets": 592000000.0,
      "Change In Inventory": -867000000.0,
      "Other Non Cash Items": -80000000.0,
      "Provisionand Write Offof Assets": 282000000.0,
      "Deferred Tax": 289000000.0,
      "Depreciation And Amortization": 663000000.0,
      "Amortization Cash Flow": 257000000.0,
      "Depreciation": 406000000.0,
      "Pension And Employee Benefit Expense": 18000000.0,
      "Gain Loss On Investment Securities": 53000000.0,
      "Gain Loss On Sale Of Business": null,
      "Net Income From Continuing Operations": 1159000000.0
    },
    "2023-12-31T00:00:00": {
      "Free Cash Flow": 404000000.0,
      "Repayment Of Debt": -19000000.0,
      "Issuance Of Debt": null,
      "Capital Expenditure": -782000000.0,
      "End Cash Position": 2407000000.0,
      "Beginning Cash Position": 1511000000.0,
      "Effect Of Exchange Rate Changes": -16000000.0,
      "Changes In Cash": 912000000.0,
      "Financing Cash Flow": -12000000.0,
      "Net Other Financing Charges": 90000000.0,
      "Cash Dividends Paid": -83000000.0,
      "Common Stock Dividend Paid": -83000000.0,
      "Net Issuance Payments Of Debt": -19000000.0,
      "Net Long Term Debt Issuance": -19000000.0,
      "Long Term Debt Payments": -19000000.0,
      "Long Term Debt Issuance": null,
      "Investing Cash Flow": -262000000.0,
      "Net Other Investing Changes": 507000000.0,
      "Net PPE Purchase And Sale": -769000000.0,
      "Sale Of PPE": 13000000.0,
      "Purchase Of PPE": -782000000.0,
      "Capital Expenditure Reported": null,
      "Operating Cash Flow": 1186000000.0,
      "Taxes Refund Paid": -200000000.0,
      "Interest Paid Cfo": -173000000.0,
      "Change In Working Capital": -333000000.0,
      "Change In Other Current Assets": 338000000.0,
      "Change In Inventory": -387000000.0,
      "Other Non Cash Items": 302000000.0,
      "Provisionand Write Offof Assets": 317000000.0,
      "Deferred Tax": 129000000.0,
      "Depreciation And Amortization": 569000000.0,
      "Amortization Cash Flow": 188000000.0,
      "Depreciation": 381000000.0,
      "Pension And Employee Benefit Expense": 40000000.0,
      "Gain Loss On Investment Securities": 31000000.0,
      "Gain Loss On Sale Of Business": null,
      "Net Income From Continuing Operations": 695000000.0
    },
    "2022-12-31T00:00:00": {
      "Free Cash Flow": 390000000.0,
      "Repayment Of Debt": -1388000000.0,
      "Issuance Of Debt": 0.0,
      "Capital Expenditure": -762000000.0,
      "End Cash Position": 1511000000.0,
      "Beginning Cash Position": 2479000000.0,
      "Effect Of Exchange Rate Changes": 73000000.0,
      "Changes In Cash": -1041000000.0,
      "Financing Cash Flow": -1402000000.0,
      "Net Other Financing Charges": 66000000.0,
      "Cash Dividends Paid": -80000000.0,
      "Common Stock Dividend Paid": -80000000.0,
      "Net Issuance Payments Of Debt": -1388000000.0,
      "Net Long Term Debt Issuance": -1388000000.0,
      "Long Term Debt Payments": -1388000000.0,
      "Long Term Debt Issuance": 0.0,
      "Investing Cash Flow": -791000000.0,
      "Net Other Investing Changes": -45000000.0,
      "Net PPE Purchase And Sale": -746000000.0,
      "Sale Of PPE": 16000000.0,
      "Purchase Of PPE": -762000000.0,
      "Capital Expenditure Reported": null,
      "Operating Cash Flow": 1152000000.0,
      "Taxes Refund Paid": -58000000.0,
      "Interest Paid Cfo": -169000000.0,
      "Change In Working Capital": -425000000.0,
      "Change In Other Current Assets": -446000000.0,
      "Change In Inventory": 207000000.0,
      "Other Non Cash Items": -11000000.0,
      "Provisionand Write Offof Assets": 350000000.0,
      "Deferred Tax": 51000000.0,
      "Depreciation And Amortization": 551000000.0,
      "Amortization Cash Flow": 187000000.0,
      "Depreciation": 364000000.0,
      "Pension And Employee Benefit Expense": 76000000.0,
      "Gain Loss On Investment Securities": 56000000.0,
      "Gain Loss On Sale Of Business": null,
      "Net Income From Continuing Operations": 932000000.0
    },
    "2021-12-31T00:00:00": {
      "Free Cash Flow": 127000000.0,
      "Repayment Of Debt": -739000000.0,
      "Issuance Of Debt": 800000000.0,
      "Capital Expenditure": -615000000.0,
      "End Cash Position": 2479000000.0,
      "Beginning Cash Position": 2213000000.0,
      "Effect Of Exchange Rate Changes": 35000000.0,
      "Changes In Cash": 231000000.0,
      "Financing Cash Flow": 30000000.0,
      "Net Other Financing Charges": -31000000.0,
      "Cash Dividends Paid": null,
      "Common Stock Dividend Paid": 0.0,
      "Net Issuance Payments Of Debt": 61000000.0,
      "Net Long Term Debt Issuance": 61000000.0,
      "Long Term Debt Payments": -739000000.0,
      "Long Term Debt Issuance": 800000000.0,
      "Investing Cash Flow": -541000000.0,
      "Net Other Investing Changes": 55000000.0,
      "Net PPE Purchase And Sale": -596000000.0,
      "Sale Of PPE": 19000000.0,
      "Purchase Of PPE": -615000000.0,
      "Capital Expenditure Reported": -615000000.0,
      "Operating Cash Flow": 742000000.0,
      "Taxes Refund Paid": -53000000.0,
      "Interest Paid Cfo": -183000000.0,
      "Change In Working Capital": -565000000.0,
      "Change In Other Current Assets": -1131000000.0,
      "Change In Inventory": 488000000.0,
      "Other Non Cash Items": 237000000.0,
      "Provisionand Write Offof Assets": 169000000.0,
      "Deferred Tax": 166000000.0,
      "Depreciation And Amortization": 485000000.0,
      "Amortization Cash Flow": 150000000.0,
      "Depreciation": 335000000.0,
      "Pension And Employee Benefit Expense": 77000000.0,
      "Gain Loss On Investment Securities": -2000000.0,
      "Gain Loss On Sale Of Business": 0.0,
      "Net Income From Continuing Operations": 587000000.0
    }
  },
  "earnings_estimate": {
    "avg": {
      "0q": 0.74769,
      "+1q": 0.22,
      "0y": 1.94033,
      "+1y": 2.25513
    },
    "low": {
      "0q": 0.74769,
      "+1q": 0.22,
      "0y": 1.719,
      "+1y": 1.90978
    },
    "high": {
      "0q": 0.74769,
      "+1q": 0.22,
      "0y": 2.39,
      "+1y": 2.85
    },
    "numberOfAnalysts": {
      "0q": 1,
      "+1q": 1,
      "0y": 13,
      "+1y": 13
    },
    "yearAgoEps": {
      "0q": null,
      "+1q": 0.655,
      "0y": 2.1182,
      "+1y": 1.94033
    },
    "growth": {
      "0q": null,
      "+1q": -0.66410005,
      "0y": -0.084,
      "+1y": 0.16219999
    }
  },
  "revenue_estimate": {
    "avg": {
      "0q": 5810546280,
      "+1q": 5070817000,
      "0y": 19221163800,
      "+1y": 20911053580
    },
    "low": {
      "0q": 5677000000,
      "+1q": 5070817000,
      "0y": 18696000000,
      "+1y": 19485000000
    },
    "high": {
      "0q": 5981242670,
      "+1q": 5070817000,
      "0y": 19504000000,
      "+1y": 22467844420
    },
    "numberOfAnalysts": {
      "0q": 6,
      "+1q": 1,
      "0y": 18,
      "+1y": 18
    },
    "yearAgoRevenue": {
      "0q": 5687000000,
      "+1q": 4159000000,
      "0y": 17763000000,
      "+1y": 19221163800
    },
    "growth": {
      "0q": 0.0217,
      "+1q": 0.2192,
      "0y": 0.082100004,
      "+1y": 0.0879
    }
  },
  "growth_estimates": {
    "stockTrend": {
      "0q": null,
      "+1q": null,
      "0y": -0.084,
      "+1y": 0.16219999,
      "LTG": null
    },
    "indexTrend": {
      "0q": 0.1273,
      "+1q": 0.103599995,
      "0y": 0.14310001,
      "+1y": 0.1557,
      "LTG": 0.122
    }
  },
  "revenue_forecasts": null,
  "dividend_rate": 0.52,
  "trailing_dividend_rate": 0.52
}