{
  "ticker": "LLOY.L",
  "name": "Lloyds Banking",
  "country": "uk",
  "currency": "GBP",
  "last_fetched": "2026-02-26T20:46:28.123079",
  "market_cap": 61673725952,
  "revenue": 18627000320,
  "net_income": 4196000000,
  "pe_ratio": 14.985715,
  "forward_pe": 8.813645,
  "dividend_yield": 3.49,
  "profit_margin": 0.25011998,
  "roe": 0.10148,
  "debt_to_equity": null,
  "beta": 0.978,
  "ev_to_ebitda": null,
  "sector": "Financial Services",
  "industry": "Banks - Regional",
  "summary": "Lloyds Banking Group plc, together with its subsidiaries, provides a range of banking and financial products and services for retail and commercial customers in the United Kingdom. It operates in three segments: Retail; Commercial Banking; and Insurance, Pensions and Investments. The Retail segment offers a range of financial service products, including current accounts, savings, mortgages, credit cards, unsecured loans, motor finance, and leasing solutions to personal customers. Its Commercial Banking segment provides lending, transactional banking, working capital management, debt financing, and risk management services to small and medium businesses, corporates, and institutions. The Insurance, Pensions and Investments segment offers insurance, investment, and pension management products and services. It also provides life assurance; and digital banking services. The company offers its products and services under the Lloyds Bank, Halifax, Bank of Scotland, Scottish Widows, MBNA, Schroders Personal Wealth, Black Horse, Lex Autolease, Birmingham Midshires, LDC, AMC, Embark Group, Lloyds Living, Cavendish Online, Tusker, and HGP brands. The company was formerly known as Lloyds TSB Group plc and changed its name to Lloyds Banking Group plc in January 2009. Lloyds Banking Group plc was founded in 1695 and is headquartered in London, the United Kingdom.",
  "website": "https://www.lloydsbankinggroup.com",
  "employees": 60061,
  "target_high": 130.0,
  "target_low": 52.999996,
  "target_mean": 110.684,
  "target_median": 116.99999,
  "recommendation": "buy",
  "num_analysts": 19,
  "income_stmt": {
    "2025-12-31T00:00:00": {
      "Tax Effect Of Unusual Items": -96329079.71776,
      "Tax Rate For Calcs": 0.285843,
      "Total Unusual Items": -337000000.0,
      "Total Unusual Items Excluding Goodwill": -337000000.0,
      "Net Income From Continuing Operation Net Minority Interest": 4659000000.0,
      "Reconciled Depreciation": 3477000000.0,
      "Net Interest Income": 13230000000.0,
      "Interest Expense": 17519000000.0,
      "Interest Income": 30749000000.0,
      "Normalized Income": 4899670920.28224,
      "Net Income From Continuing And Discontinued Operation": 4659000000.0,
      "Diluted Average Shares": 60513000000.0,
      "Basic Average Shares": 59790000000.0,
      "Diluted EPS": 0.069,
      "Basic EPS": 0.07,
      "Diluted NI Availto Com Stockholders": 4196000000.0,
      "Net Income Common Stockholders": 4196000000.0,
      "Otherunder Preferred Stock Dividend": 463000000.0,
      "Net Income": 4659000000.0,
      "Minority Interests": -98000000.0,
      "Net Income Including Noncontrolling Interests": 4757000000.0,
      "Net Income Continuous Operations": 4757000000.0,
      "Tax Provision": 1904000000.0,
      "Pretax Income": 6661000000.0,
      "Special Income Charges": -392000000.0,
      "Other Special Charges": 10000000.0,
      "Write Off": 2000000.0,
      "Restructuring And Mergern Acquisition": 380000000.0,
      "Gain On Sale Of Security": 464000000.0,
      "Operating Expense": 12181000000.0,
      "Other Operating Expenses": 3838000000.0,
      "Depreciation And Amortization In Income Statement": 3477000000.0,
      "Amortization": 1375000000.0,
      "Depreciation Income Statement": 2102000000.0,
      "Selling General And Administration": null,
      "Selling And Marketing Expense": null,
      "General And Administrative Expense": null,
      "Insurance And Claims": null,
      "Rent And Landing Fees": 493000000.0,
      "Total Revenue": 20028000000.0,
      "Operating Revenue": 20028000000.0
    },
    "2024-12-31T00:00:00": {
      "Tax Effect Of Unusual Items": -99082900.686652,
      "Tax Rate For Calcs": 0.250209,
      "Total Unusual Items": -396000000.0,
      "Total Unusual Items Excluding Goodwill": -396000000.0,
      "Net Income From Continuing Operation Net Minority Interest": 4421000000.0,
      "Reconciled Depreciation": 3426000000.0,
      "Net Interest Income": 12277000000.0,
      "Interest Expense": 19011000000.0,
      "Interest Income": 31288000000.0,
      "Normalized Income": 4717917099.313348,
      "Net Income From Continuing And Discontinued Operation": 4421000000.0,
      "Diluted Average Shares": 63074000000.0,
      "Basic Average Shares": 62413000000.0,
      "Diluted EPS": 0.062,
      "Basic EPS": 0.063,
      "Diluted NI Availto Com Stockholders": 3923000000.0,
      "Net Income Common Stockholders": 3923000000.0,
      "Otherunder Preferred Stock Dividend": 498000000.0,
      "Net Income": 4421000000.0,
      "Minority Interests": -56000000.0,
      "Net Income Including Noncontrolling Interests": 4477000000.0,
      "Net Income Continuous Operations": 4477000000.0,
      "Tax Provision": 1494000000.0,
      "Pretax Income": 5971000000.0,
      "Special Income Charges": -417000000.0,
      "Other Special Charges": 59000000.0,
      "Write Off": -9000000.0,
      "Restructuring And Mergern Acquisition": 367000000.0,
      "Gain On Sale Of Security": 583000000.0,
      "Operating Expense": 11766000000.0,
      "Other Operating Expenses": 3600000000.0,
      "Depreciation And Amortization In Income Statement": 3426000000.0,
      "Amortization": 1322000000.0,
      "Depreciation Income Statement": 2104000000.0,
      "Selling General And Administration": null,
      "Selling And Marketing Expense": null,
      "General And Administrative Expense": null,
      "Insurance And Claims": null,
      "Rent And Landing Fees": 395000000.0,
      "Total Revenue": 18603000000.0,
      "Operating Revenue": 18603000000.0
    },
    "2023-12-31T00:00:00": {
      "Tax Effect Of Unusual Items": -155032653.605225,
      "Tax Rate For Calcs": 0.264561,
      "Total Unusual Items": -586000000.0,
      "Total Unusual Items Excluding Goodwill": -586000000.0,
      "Net Income From Continuing Operation Net Minority Interest": 5460000000.0,
      "Reconciled Depreciation": 2905000000.0,
      "Net Interest Income": 13298000000.0,
      "Interest Expense": 14753000000.0,
      "Interest Income": 28051000000.0,
      "Normalized Income": 5890967346.394775,
      "Net Income From Continuing And Discontinued Operation": 5460000000.0,
      "Diluted Average Shares": 65760000000.0,
      "Basic Average Shares": 64953000000.0,
      "Diluted EPS": 0.075,
      "Basic EPS": 0.076,
      "Diluted NI Availto Com Stockholders": 4933000000.0,
      "Net Income Common Stockholders": 4933000000.0,
      "Otherunder Preferred Stock Dividend": 527000000.0,
      "Net Income": 5460000000.0,
      "Minority Interests": -58000000.0,
      "Net Income Including Noncontrolling Interests": 5518000000.0,
      "Net Income Continuous Operations": 5518000000.0,
      "Tax Provision": 1985000000.0,
      "Pretax Income": 7503000000.0,
      "Special Income Charges": -570000000.0,
      "Other Special Charges": 93000000.0,
      "Write Off": -10000000.0,
      "Restructuring And Mergern Acquisition": 487000000.0,
      "Gain On Sale Of Security": 425000000.0,
      "Operating Expense": 10812000000.0,
      "Other Operating Expenses": 3545000000.0,
      "Depreciation And Amortization In Income Statement": 2905000000.0,
      "Amortization": 1128000000.0,
      "Depreciation Income Statement": 1777000000.0,
      "Selling General And Administration": null,
      "Selling And Marketing Expense": null,
      "General And Administrative Expense": null,
      "Insurance And Claims": null,
      "Rent And Landing Fees": 356000000.0,
      "Total Revenue": 19199000000.0,
      "Operating Revenue": 19199000000.0
    },
    "2022-12-31T00:00:00": {
      "Tax Effect Of Unusual Items": -186278335.424509,
      "Tax Rate For Calcs": 0.179632,
      "Total Unusual Items": -1037000000.0,
      "Total Unusual Items Excluding Goodwill": -1037000000.0,
      "Net Income From Continuing Operation Net Minority Interest": 3827000000.0,
      "Reconciled Depreciation": 2396000000.0,
      "Net Interest Income": 12922000000.0,
      "Interest Expense": 4723000000.0,
      "Interest Income": 17645000000.0,
      "Normalized Income": 4677721664.575491,
      "Net Income From Continuing And Discontinued Operation": 3827000000.0,
      "Diluted Average Shares": 69682000000.0,
      "Basic Average Shares": 68847000000.0,
      "Diluted EPS": 0.072,
      "Basic EPS": 0.073,
      "Diluted NI Availto Com Stockholders": 3389000000.0,
      "Net Income Common Stockholders": 3389000000.0,
      "Otherunder Preferred Stock Dividend": 438000000.0,
      "Net Income": 3827000000.0,
      "Minority Interests": -96000000.0,
      "Net Income Including Noncontrolling Interests": 3923000000.0,
      "Net Income Continuous Operations": 3923000000.0,
      "Tax Provision": 859000000.0,
      "Pretax Income": 4782000000.0,
      "Special Income Charges": -526000000.0,
      "Other Special Charges": 197000000.0,
      "Write Off": 22000000.0,
      "Restructuring And Mergern Acquisition": 307000000.0,
      "Gain On Sale Of Security": -17272000000.0,
      "Operating Expense": 9255000000.0,
      "Other Operating Expenses": 2959000000.0,
      "Depreciation And Amortization In Income Statement": 2396000000.0,
      "Amortization": 925000000.0,
      "Depreciation Income Statement": 1471000000.0,
      "Selling General And Administration": 435000000.0,
      "Selling And Marketing Expense": 170000000.0,
      "General And Administrative Expense": 265000000.0,
      "Insurance And Claims": null,
      "Rent And Landing Fees": 135000000.0,
      "Total Revenue": 16050000000.0,
      "Operating Revenue": 16050000000.0
    },
    "2021-12-31T00:00:00": {
      "Tax Effect Of Unusual Items": null,
      "Tax Rate For Calcs": null,
      "Total Unusual Items": null,
      "Total Unusual Items Excluding Goodwill": null,
      "Net Income From Continuing Operation Net Minority Interest": null,
      "Reconciled Depreciation": null,
      "Net Interest Income": null,
      "Interest Expense": null,
      "Interest Income": null,
      "Normalized Income": null,
      "Net Income From Continuing And Discontinued Operation": null,
      "Diluted Average Shares": null,
      "Basic Average Shares": null,
      "Diluted EPS": null,
      "Basic EPS": null,
      "Diluted NI Availto Com Stockholders": null,
      "Net Income Common Stockholders": null,
      "Otherunder Preferred Stock Dividend": null,
      "Net Income": null,
      "Minority Interests": null,
      "Net Income Including Noncontrolling Interests": null,
      "Net Income Continuous Operations": null,
      "Tax Provision": null,
      "Pretax Income": null,
      "Special Income Charges": null,
      "Other Special Charges": null,
      "Write Off": null,
      "Restructuring And Mergern Acquisition": null,
      "Gain On Sale Of Security": null,
      "Operating Expense": null,
      "Other Operating Expenses": null,
      "Depreciation And Amortization In Income Statement": null,
      "Amortization": null,
      "Depreciation Income Statement": null,
      "Selling General And Administration": 371000000.0,
      "Selling And Marketing Expense": 161000000.0,
      "General And Administrative Expense": 210000000.0,
      "Insurance And Claims": 21120000000.0,
      "Rent And Landing Fees": null,
      "Total Revenue": null,
      "Operating Revenue": null
    }
  },
  "quarterly_income": {
    "2025-12-31T00:00:00": {
      "Tax Effect Of Unusual Items": -88708018.154312,
      "Tax Rate For Calcs": 0.276349,
      "Total Unusual Items": -321000000.0,
      "Total Unusual Items Excluding Goodwill": -321000000.0,
      "Net Income From Continuing Operation Net Minority Interest": 1402000000.0,
      "Net Interest Income": 3422000000.0,
      "Interest Income": 20941000000.0,
      "Normalized Income": 1634291981.845688,
      "Net Income From Continuing And Discontinued Operation": 1402000000.0,
      "Diluted Average Shares": null,
      "Basic Average Shares": null,
      "Diluted EPS": null,
      "Basic EPS": null,
      "Diluted NI Availto Com Stockholders": 1304000000.0,
      "Net Income Common Stockholders": 1304000000.0,
      "Otherunder Preferred Stock Dividend": 98000000.0,
      "Net Income": 1402000000.0,
      "Minority Interests": -33000000.0,
      "Net Income Including Noncontrolling Interests": 1435000000.0,
      "Net Income Continuous Operations": 1435000000.0,
      "Tax Provision": 548000000.0,
      "Pretax Income": 1983000000.0,
      "Special Income Charges": -376000000.0,
      "Restructuring And Mergern Acquisition": 364000000.0,
      "Operating Expense": 3242000000.0,
      "Other Operating Expenses": -5101000000.0,
      "Total Revenue": 5776000000.0,
      "Operating Revenue": 5776000000.0
    },
    "2025-09-30T00:00:00": {
      "Tax Effect Of Unusual Items": 94446337.308348,
      "Tax Rate For Calcs": 0.337308,
      "Total Unusual Items": 280000000.0,
      "Total Unusual Items Excluding Goodwill": 280000000.0,
      "Net Income From Continuing Operation Net Minority Interest": 738000000.0,
      "Net Interest Income": 3330000000.0,
      "Interest Income": -5559000000.0,
      "Normalized Income": 552446337.308348,
      "Net Income From Continuing And Discontinued Operation": 738000000.0,
      "Diluted Average Shares": null,
      "Basic Average Shares": null,
      "Diluted EPS": null,
      "Basic EPS": null,
      "Diluted NI Availto Com Stockholders": 618000000.0,
      "Net Income Common Stockholders": 618000000.0,
      "Otherunder Preferred Stock Dividend": 120000000.0,
      "Net Income": 738000000.0,
      "Minority Interests": -40000000.0,
      "Net Income Including Noncontrolling Interests": 778000000.0,
      "Net Income Continuous Operations": 778000000.0,
      "Tax Provision": 396000000.0,
      "Pretax Income": 1174000000.0,
      "Special Income Charges": 280000000.0,
      "Restructuring And Mergern Acquisition": -278000000.0,
      "Operating Expense": 3491000000.0,
      "Other Operating Expenses": 7674000000.0,
      "Total Revenue": 4561000000.0,
      "Operating Revenue": 4561000000.0
    },
    "2025-06-30T00:00:00": {
      "Tax Effect Of Unusual Items": -84793155.51082,
      "Tax Rate For Calcs": 0.290388,
      "Total Unusual Items": -292000000.0,
      "Total Unusual Items Excluding Goodwill": -292000000.0,
      "Net Income From Continuing Operation Net Minority Interest": 1385000000.0,
      "Net Interest Income": 3274000000.0,
      "Interest Income": 12163000000.0,
      "Normalized Income": 1592206844.48918,
      "Net Income From Continuing And Discontinued Operation": 1385000000.0,
      "Diluted Average Shares": null,
      "Basic Average Shares": null,
      "Diluted EPS": null,
      "Basic EPS": null,
      "Diluted NI Availto Com Stockholders": 1268000000.0,
      "Net Income Common Stockholders": 1268000000.0,
      "Otherunder Preferred Stock Dividend": 117000000.0,
      "Net Income": 1385000000.0,
      "Minority Interests": null,
      "Net Income Including Noncontrolling Interests": 1410000000.0,
      "Net Income Continuous Operations": 1410000000.0,
      "Tax Provision": 577000000.0,
      "Pretax Income": 1987000000.0,
      "Special Income Charges": -292000000.0,
      "Restructuring And Mergern Acquisition": 290000000.0,
      "Operating Expense": 2584000000.0,
      "Other Operating Expenses": -1599000000.0,
      "Total Revenue": 4996000000.0,
      "Operating Revenue": 4996000000.0
    },
    "2025-03-31T00:00:00": {
      "Tax Effect Of Unusual Items": -1009887.936717,
      "Tax Rate For Calcs": 0.252472,
      "Total Unusual Items": -4000000.0,
      "Total Unusual Items Excluding Goodwill": -4000000.0,
      "Net Income From Continuing Operation Net Minority Interest": 1134000000.0,
      "Net Interest Income": 3204000000.0,
      "Interest Income": 3204000000.0,
      "Normalized Income": 1136990112.063283,
      "Net Income From Continuing And Discontinued Operation": 1134000000.0,
      "Diluted Average Shares": 60589000000.0,
      "Basic Average Shares": 60589000000.0,
      "Diluted EPS": 0.017,
      "Basic EPS": 0.017,
      "Diluted NI Availto Com Stockholders": 1006000000.0,
      "Net Income Common Stockholders": 1006000000.0,
      "Otherunder Preferred Stock Dividend": 128000000.0,
      "Net Income": 1134000000.0,
      "Minority Interests": -13000000.0,
      "Net Income Including Noncontrolling Interests": 1134000000.0,
      "Net Income Continuous Operations": 1134000000.0,
      "Tax Provision": 383000000.0,
      "Pretax Income": 1517000000.0,
      "Special Income Charges": -4000000.0,
      "Restructuring And Mergern Acquisition": 4000000.0,
      "Operating Expense": 2864000000.0,
      "Other Operating Expenses": 2864000000.0,
      "Total Revenue": 4695000000.0,
      "Operating Revenue": 4695000000.0
    },
    "2024-12-31T00:00:00": {
      "Tax Effect Of Unusual Items": -49509708.737864,
      "Tax Rate For Calcs": 0.150485,
      "Total Unusual Items": -329000000.0,
      "Total Unusual Items Excluding Goodwill": -329000000.0,
      "Net Income From Continuing Operation Net Minority Interest": 644000000.0,
      "Net Interest Income": 3152000000.0,
      "Interest Income": 22163000000.0,
      "Normalized Income": 923490291.262136,
      "Net Income From Continuing And Discontinued Operation": 644000000.0,
      "Diluted Average Shares": null,
      "Basic Average Shares": null,
      "Diluted EPS": null,
      "Basic EPS": null,
      "Diluted NI Availto Com Stockholders": 568000000.0,
      "Net Income Common Stockholders": 568000000.0,
      "Otherunder Preferred Stock Dividend": 76000000.0,
      "Net Income": 644000000.0,
      "Minority Interests": null,
      "Net Income Including Noncontrolling Interests": 700000000.0,
      "Net Income Continuous Operations": 700000000.0,
      "Tax Provision": 124000000.0,
      "Pretax Income": 824000000.0,
      "Special Income Charges": -396000000.0,
      "Restructuring And Mergern Acquisition": 346000000.0,
      "Operating Expense": 3729000000.0,
      "Other Operating Expenses": -4437000000.0,
      "Total Revenue": 5126000000.0,
      "Operating Revenue": 5126000000.0
    },
    "2024-06-30T00:00:00": {
      "Tax Effect Of Unusual Items": null,
      "Tax Rate For Calcs": null,
      "Total Unusual Items": null,
      "Total Unusual Items Excluding Goodwill": null,
      "Net Income From Continuing Operation Net Minority Interest": null,
      "Net Interest Income": null,
      "Interest Income": null,
      "Normalized Income": null,
      "Net Income From Continuing And Discontinued Operation": null,
      "Diluted Average Shares": null,
      "Basic Average Shares": null,
      "Diluted EPS": null,
      "Basic EPS": null,
      "Diluted NI Availto Com Stockholders": null,
      "Net Income Common Stockholders": null,
      "Otherunder Preferred Stock Dividend": null,
      "Net Income": null,
      "Minority Interests": -19000000.0,
      "Net Income Including Noncontrolling Interests": null,
      "Net Income Continuous Operations": null,
      "Tax Provision": null,
      "Pretax Income": null,
      "Special Income Charges": null,
      "Restructuring And Mergern Acquisition": null,
      "Operating Expense": null,
      "Other Operating Expenses": null,
      "Total Revenue": null,
      "Operating Revenue": null
    }
  },
  "balance_sheet": {
    "2025-12-31T00:00:00": {
      "Treasury Shares Number": 87233720.0,
      "Ordinary Shares Number": 58798509882.0,
      "Share Issued": 58885743602.0,
      "Net Debt": 37458000000.0,
      "Total Debt": 95145000000.0,
      "Tangible Book Value": 39075000000.0,
      "Invested Capital": 141787000000.0,
      "Net Tangible Assets": 39075000000.0,
      "Common Stock Equity": 47668000000.0,
      "Total Capitalization": 141787000000.0,
      "Total Equity Gross Minority Interest": 47867000000.0,
      "Minority Interest": 199000000.0,
      "Stockholders Equity": 47668000000.0,
      "Other Equity Interest": 5947000000.0,
      "Retained Earnings": 6291000000.0,
      "Additional Paid In Capital": 24768000000.0,
      "Capital Stock": 5889000000.0,
      "Common Stock": 5889000000.0,
      "Total Liabilities Net Minority Interest": 896205000000.0,
      "Preferred Securities Outside Stock Equity": 407000000.0,
      "Derivative Product Liabilities": 16132000000.0,
      "Long Term Debt And Capital Lease Obligation": 95145000000.0,
      "Payables": 7190000000.0,
      "Other Payable": 7138000000.0,
      "Total Tax Payable": 52000000.0,
      "Total Assets": 944072000000.0,
      "Defined Pension Benefit": 2695000000.0,
      "Investments And Advances": 269891000000.0,
      "Investmentin Financial Assets": 269446000000.0,
      "Available For Sale Securities": 50307000000.0,
      "Financial Assets Designatedas Fair Value Through Profitor Loss Total": 195477000000.0,
      "Trading Securities": 3935000000.0,
      "Long Term Equity Investment": 445000000.0,
      "Investmentsin Joint Venturesat Cost": null,
      "Investmentsin Associatesat Cost": null,
      "Investment Properties": 3917000000.0,
      "Goodwill And Other Intangible Assets": 8593000000.0,
      "Other Intangible Assets": 5583000000.0,
      "Goodwill": 3010000000.0,
      "Net PPE": 10999000000.0,
      "Gross PPE": 10999000000.0,
      "Other Properties": 9873000000.0,
      "Land And Improvements": 1126000000.0,
      "Properties": null,
      "Prepaid Assets": 1792000000.0,
      "Taxes Receivable": 1346000000.0,
      "Cash And Cash Equivalents": 56661000000.0,
      "Cash Financial": 56661000000.0,
      "Cash Cash Equivalents And Federal Funds Sold": 128628000000.0
    },
    "2024-12-31T00:00:00": {
      "Treasury Shares Number": 125952303.0,
      "Ordinary Shares Number": 60491060668.0,
      "Share Issued": 60617012971.0,
      "Net Debt": 24556000000.0,
      "Total Debt": 88522000000.0,
      "Tangible Book Value": 37528000000.0,
      "Invested Capital": 132977000000.0,
      "Net Tangible Assets": 37528000000.0,
      "Common Stock Equity": 45716000000.0,
      "Total Capitalization": 132977000000.0,
      "Total Equity Gross Minority Interest": 45888000000.0,
      "Minority Interest": 172000000.0,
      "Stockholders Equity": 45716000000.0,
      "Other Equity Interest": 6195000000.0,
      "Retained Earnings": 5912000000.0,
      "Additional Paid In Capital": 24471000000.0,
      "Capital Stock": 6062000000.0,
      "Common Stock": 6062000000.0,
      "Total Liabilities Net Minority Interest": 860809000000.0,
      "Preferred Securities Outside Stock Equity": 413000000.0,
      "Derivative Product Liabilities": 21676000000.0,
      "Long Term Debt And Capital Lease Obligation": 88522000000.0,
      "Payables": 8728000000.0,
      "Other Payable": 8683000000.0,
      "Total Tax Payable": 45000000.0,
      "Total Assets": 906697000000.0,
      "Defined Pension Benefit": 3028000000.0,
      "Investments And Advances": 242937000000.0,
      "Investmentin Financial Assets": 242395000000.0,
      "Available For Sale Securities": 45234000000.0,
      "Financial Assets Designatedas Fair Value Through Profitor Loss Total": 168733000000.0,
      "Trading Securities": 4363000000.0,
      "Long Term Equity Investment": 542000000.0,
      "Investmentsin Joint Venturesat Cost": null,
      "Investmentsin Associatesat Cost": null,
      "Investment Properties": 3281000000.0,
      "Goodwill And Other Intangible Assets": 8188000000.0,
      "Other Intangible Assets": 5440000000.0,
      "Goodwill": 2748000000.0,
      "Net PPE": 10116000000.0,
      "Gross PPE": 10116000000.0,
      "Other Properties": 9016000000.0,
      "Land And Improvements": 1100000000.0,
      "Properties": null,
      "Prepaid Assets": 1634000000.0,
      "Taxes Receivable": 526000000.0,
      "Cash And Cash Equivalents": 62705000000.0,
      "Cash Financial": 62705000000.0,
      "Cash Cash Equivalents And Federal Funds Sold": 132647000000.0
    },
    "2023-12-31T00:00:00": {
      "Treasury Shares Number": 61016318.0,
      "Ordinary Shares Number": 63508209344.0,
      "Share Issued": 63569225662.0,
      "Net Debt": 13926000000.0,
      "Total Debt": 93668000000.0,
      "Tangible Book Value": 38858000000.0,
      "Invested Capital": 139200000000.0,
      "Net Tangible Assets": 38858000000.0,
      "Common Stock Equity": 47164000000.0,
      "Total Capitalization": 139200000000.0,
      "Total Equity Gross Minority Interest": 47365000000.0,
      "Minority Interest": 201000000.0,
      "Stockholders Equity": 47164000000.0,
      "Other Equity Interest": 6940000000.0,
      "Retained Earnings": 6790000000.0,
      "Additional Paid In Capital": 23938000000.0,
      "Capital Stock": 6358000000.0,
      "Common Stock": 6358000000.0,
      "Total Liabilities Net Minority Interest": 834088000000.0,
      "Preferred Securities Outside Stock Equity": 466000000.0,
      "Derivative Product Liabilities": 20149000000.0,
      "Long Term Debt And Capital Lease Obligation": 93668000000.0,
      "Payables": 6915000000.0,
      "Other Payable": 6876000000.0,
      "Total Tax Payable": 39000000.0,
      "Total Assets": 881453000000.0,
      "Defined Pension Benefit": 3624000000.0,
      "Investments And Advances": 227153000000.0,
      "Investmentin Financial Assets": 226752000000.0,
      "Available For Sale Securities": 42947000000.0,
      "Financial Assets Designatedas Fair Value Through Profitor Loss Total": 157247000000.0,
      "Trading Securities": 4202000000.0,
      "Long Term Equity Investment": 401000000.0,
      "Investmentsin Joint Venturesat Cost": null,
      "Investmentsin Associatesat Cost": null,
      "Investment Properties": 2862000000.0,
      "Goodwill And Other Intangible Assets": 8306000000.0,
      "Other Intangible Assets": 5508000000.0,
      "Goodwill": 2798000000.0,
      "Net PPE": 9668000000.0,
      "Gross PPE": 9668000000.0,
      "Other Properties": 8748000000.0,
      "Land And Improvements": 920000000.0,
      "Properties": null,
      "Prepaid Assets": 1455000000.0,
      "Taxes Receivable": 1183000000.0,
      "Cash And Cash Equivalents": 78110000000.0,
      "Cash Financial": 78110000000.0,
      "Cash Cash Equivalents And Federal Funds Sold": 134294000000.0
    },
    "2022-12-31T00:00:00": {
      "Treasury Shares Number": 0.0,
      "Ordinary Shares Number": 67287852204.0,
      "Share Issued": 67287852204.0,
      "Net Debt": null,
      "Total Debt": 91835000000.0,
      "Tangible Book Value": 36052000000.0,
      "Invested Capital": 134185000000.0,
      "Net Tangible Assets": 36052000000.0,
      "Common Stock Equity": 43667000000.0,
      "Total Capitalization": 134185000000.0,
      "Total Equity Gross Minority Interest": 43911000000.0,
      "Minority Interest": 244000000.0,
      "Stockholders Equity": 43667000000.0,
      "Other Equity Interest": 5297000000.0,
      "Retained Earnings": 6550000000.0,
      "Additional Paid In Capital": 23436000000.0,
      "Capital Stock": 6729000000.0,
      "Common Stock": 6729000000.0,
      "Total Liabilities Net Minority Interest": 829483000000.0,
      "Preferred Securities Outside Stock Equity": 470000000.0,
      "Derivative Product Liabilities": 24042000000.0,
      "Long Term Debt And Capital Lease Obligation": 91835000000.0,
      "Payables": 5526000000.0,
      "Other Payable": 5518000000.0,
      "Total Tax Payable": 8000000.0,
      "Total Assets": 873394000000.0,
      "Defined Pension Benefit": 3823000000.0,
      "Investments And Advances": 238987000000.0,
      "Investmentin Financial Assets": 238602000000.0,
      "Available For Sale Securities": 33080000000.0,
      "Financial Assets Designatedas Fair Value Through Profitor Loss Total": 180769000000.0,
      "Trading Securities": 2434000000.0,
      "Long Term Equity Investment": 385000000.0,
      "Investmentsin Joint Venturesat Cost": 335000000.0,
      "Investmentsin Associatesat Cost": 50000000.0,
      "Investment Properties": 2532000000.0,
      "Goodwill And Other Intangible Assets": 7615000000.0,
      "Other Intangible Assets": 4960000000.0,
      "Goodwill": 2655000000.0,
      "Net PPE": 8128000000.0,
      "Gross PPE": 8128000000.0,
      "Other Properties": 7257000000.0,
      "Land And Improvements": 871000000.0,
      "Properties": 871000000.0,
      "Prepaid Assets": 1224000000.0,
      "Taxes Receivable": 612000000.0,
      "Cash And Cash Equivalents": 92046000000.0,
      "Cash Financial": 91388000000.0,
      "Cash Cash Equivalents And Federal Funds Sold": 136911000000.0
    },
    "2021-12-31T00:00:00": {
      "Treasury Shares Number": null,
      "Ordinary Shares Number": null,
      "Share Issued": null,
      "Net Debt": 13802000000.0,
      "Total Debt": null,
      "Tangible Book Value": null,
      "Invested Capital": null,
      "Net Tangible Assets": null,
      "Common Stock Equity": null,
      "Total Capitalization": null,
      "Total Equity Gross Minority Interest": null,
      "Minority Interest": null,
      "Stockholders Equity": null,
      "Other Equity Interest": null,
      "Retained Earnings": null,
      "Additional Paid In Capital": null,
      "Capital Stock": null,
      "Common Stock": null,
      "Total Liabilities Net Minority Interest": null,
      "Preferred Securities Outside Stock Equity": null,
      "Derivative Product Liabilities": null,
      "Long Term Debt And Capital Lease Obligation": null,
      "Payables": null,
      "Other Payable": null,
      "Total Tax Payable": null,
      "Total Assets": null,
      "Defined Pension Benefit": null,
      "Investments And Advances": null,
      "Investmentin Financial Assets": null,
      "Available For Sale Securities": null,
      "Financial Assets Designatedas Fair Value Through Profitor Loss Total": null,
      "Trading Securities": null,
      "Long Term Equity Investment": null,
      "Investmentsin Joint Venturesat Cost": 322000000.0,
      "Investmentsin Associatesat Cost": 30000000.0,
      "Investment Properties": null,
      "Goodwill And Other Intangible Assets": null,
      "Other Intangible Assets": null,
      "Goodwill": null,
      "Net PPE": null,
      "Gross PPE": null,
      "Other Properties": null,
      "Land And Improvements": null,
      "Properties": 817000000.0,
      "Prepaid Assets": null,
      "Taxes Receivable": null,
      "Cash And Cash Equivalents": null,
      "Cash Financial": null,
      "Cash Cash Equivalents And Federal Funds Sold": null
    }
  },
  "cashflow": {
    "2025-12-31T00:00:00": {
      "Free Cash Flow": -622000000.0,
      "Repurchase Of Capital Stock": -1710000000.0,
      "Repayment Of Debt": -1928000000.0,
      "Issuance Of Debt": 1757000000.0,
      "Issuance Of Capital Stock": 99000000.0,
      "Capital Expenditure": -6323000000.0,
      "End Cash Position": 60593000000.0,
      "Beginning Cash Position": 70816000000.0,
      "Effect Of Exchange Rate Changes": -378000000.0,
      "Changes In Cash": -9845000000.0,
      "Financing Cash Flow": -5357000000.0,
      "Net Other Financing Charges": -718000000.0,
      "Interest Paid Cff": -806000000.0,
      "Cash Dividends Paid": -2000000000.0,
      "Common Stock Dividend Paid": -2000000000.0,
      "Net Common Stock Issuance": -1611000000.0,
      "Common Stock Payments": -1710000000.0,
      "Common Stock Issuance": 99000000.0,
      "Net Issuance Payments Of Debt": -171000000.0,
      "Net Long Term Debt Issuance": -171000000.0,
      "Long Term Debt Payments": -1928000000.0,
      "Long Term Debt Issuance": 1757000000.0,
      "Investing Cash Flow": -10189000000.0,
      "Net Investment Purchase And Sale": -5453000000.0,
      "Sale Of Investment": 14309000000.0,
      "Purchase Of Investment": -19762000000.0,
      "Net Business Purchase And Sale": 27000000.0,
      "Sale Of Business": 27000000.0,
      "Purchase Of Business": null,
      "Net Intangibles Purchase And Sale": -1252000000.0,
      "Sale Of Intangibles": 0.0,
      "Purchase Of Intangibles": -1252000000.0,
      "Net PPE Purchase And Sale": -3511000000.0,
      "Sale Of PPE": 1560000000.0,
      "Purchase Of PPE": -5071000000.0,
      "Operating Cash Flow": 5701000000.0,
      "Taxes Refund Paid": -2105000000.0,
      "Change In Working Capital": -5286000000.0,
      "Change In Other Current Liabilities": 5210000000.0,
      "Change In Other Current Assets": 18906000000.0,
      "Other Non Cash Items": 2225000000.0,
      "Provisionand Write Offof Assets": 636000000.0,
      "Depreciation And Amortization": 3477000000.0,
      "Depreciation": 3477000000.0,
      "Pension And Employee Benefit Expense": -37000000.0,
      "Gain Loss On Investment Securities": -102000000.0,
      "Net Foreign Currency Exchange Gain Loss": 709000000.0,
      "Gain Loss On Sale Of PPE": 65000000.0,
      "Gain Loss On Sale Of Business": -121000000.0,
      "Net Income From Continuing Operations": 6661000000.0
    },
    "2024-12-31T00:00:00": {
      "Free Cash Flow": -10016000000.0,
      "Repurchase Of Capital Stock": -2011000000.0,
      "Repayment Of Debt": -819000000.0,
      "Issuance Of Debt": 812000000.0,
      "Issuance Of Capital Stock": 187000000.0,
      "Capital Expenditure": -5623000000.0,
      "End Cash Position": 70816000000.0,
      "Beginning Cash Position": 88838000000.0,
      "Effect Of Exchange Rate Changes": -7000000.0,
      "Changes In Cash": -18015000000.0,
      "Financing Cash Flow": -5931000000.0,
      "Net Other Financing Charges": -1567000000.0,
      "Interest Paid Cff": -622000000.0,
      "Cash Dividends Paid": -1828000000.0,
      "Common Stock Dividend Paid": -1828000000.0,
      "Net Common Stock Issuance": -1824000000.0,
      "Common Stock Payments": -2011000000.0,
      "Common Stock Issuance": 187000000.0,
      "Net Issuance Payments Of Debt": -7000000.0,
      "Net Long Term Debt Issuance": -7000000.0,
      "Long Term Debt Payments": -819000000.0,
      "Long Term Debt Issuance": 812000000.0,
      "Investing Cash Flow": -7691000000.0,
      "Net Investment Purchase And Sale": -3456000000.0,
      "Sale Of Investment": 7062000000.0,
      "Purchase Of Investment": -10518000000.0,
      "Net Business Purchase And Sale": -179000000.0,
      "Sale Of Business": 0.0,
      "Purchase Of Business": -179000000.0,
      "Net Intangibles Purchase And Sale": -1197000000.0,
      "Sale Of Intangibles": 62000000.0,
      "Purchase Of Intangibles": -1259000000.0,
      "Net PPE Purchase And Sale": -2859000000.0,
      "Sale Of PPE": 1505000000.0,
      "Purchase Of PPE": -4364000000.0,
      "Operating Cash Flow": -4393000000.0,
      "Taxes Refund Paid": -335000000.0,
      "Change In Working Capital": -16019000000.0,
      "Change In Other Current Liabilities": 10958000000.0,
      "Change In Other Current Assets": -2621000000.0,
      "Other Non Cash Items": 3132000000.0,
      "Provisionand Write Offof Assets": 107000000.0,
      "Depreciation And Amortization": 3426000000.0,
      "Depreciation": 3426000000.0,
      "Pension And Employee Benefit Expense": -11000000.0,
      "Gain Loss On Investment Securities": -74000000.0,
      "Net Foreign Currency Exchange Gain Loss": 1000000.0,
      "Gain Loss On Sale Of PPE": -36000000.0,
      "Gain Loss On Sale Of Business": 0.0,
      "Net Income From Continuing Operations": 5971000000.0
    },
    "2023-12-31T00:00:00": {
      "Free Cash Flow": 1355000000.0,
      "Repurchase Of Capital Stock": -1993000000.0,
      "Repayment Of Debt": -1745000000.0,
      "Issuance Of Debt": 1417000000.0,
      "Issuance Of Capital Stock": 86000000.0,
      "Capital Expenditure": -5455000000.0,
      "End Cash Position": 88838000000.0,
      "Beginning Cash Position": 95829000000.0,
      "Effect Of Exchange Rate Changes": -480000000.0,
      "Changes In Cash": -6511000000.0,
      "Financing Cash Flow": -3500000000.0,
      "Net Other Financing Charges": 1110000000.0,
      "Interest Paid Cff": -623000000.0,
      "Cash Dividends Paid": -1651000000.0,
      "Common Stock Dividend Paid": -1651000000.0,
      "Net Common Stock Issuance": -1907000000.0,
      "Common Stock Payments": -1993000000.0,
      "Common Stock Issuance": 86000000.0,
      "Net Issuance Payments Of Debt": -328000000.0,
      "Net Long Term Debt Issuance": -328000000.0,
      "Long Term Debt Payments": -1745000000.0,
      "Long Term Debt Issuance": 1417000000.0,
      "Investing Cash Flow": -9821000000.0,
      "Net Investment Purchase And Sale": -5013000000.0,
      "Sale Of Investment": 5298000000.0,
      "Purchase Of Investment": -10311000000.0,
      "Net Business Purchase And Sale": -380000000.0,
      "Sale Of Business": 0.0,
      "Purchase Of Business": -380000000.0,
      "Net Intangibles Purchase And Sale": -1494000000.0,
      "Sale Of Intangibles": 0.0,
      "Purchase Of Intangibles": -1494000000.0,
      "Net PPE Purchase And Sale": -2934000000.0,
      "Sale Of PPE": 1027000000.0,
      "Purchase Of PPE": -3961000000.0,
      "Operating Cash Flow": 6810000000.0,
      "Taxes Refund Paid": -1437000000.0,
      "Change In Working Capital": -4878000000.0,
      "Change In Other Current Liabilities": 5114000000.0,
      "Change In Other Current Assets": 9158000000.0,
      "Other Non Cash Items": 4237000000.0,
      "Provisionand Write Offof Assets": -155000000.0,
      "Depreciation And Amortization": 2905000000.0,
      "Depreciation": 2905000000.0,
      "Pension And Employee Benefit Expense": -79000000.0,
      "Gain Loss On Investment Securities": -35000000.0,
      "Net Foreign Currency Exchange Gain Loss": 502000000.0,
      "Gain Loss On Sale Of PPE": -61000000.0,
      "Gain Loss On Sale Of Business": 0.0,
      "Net Income From Continuing Operations": 7503000000.0
    },
    "2022-12-31T00:00:00": {
      "Free Cash Flow": 18156000000.0,
      "Repurchase Of Capital Stock": -2013000000.0,
      "Repayment Of Debt": -2216000000.0,
      "Issuance Of Debt": 838000000.0,
      "Issuance Of Capital Stock": 31000000.0,
      "Capital Expenditure": -3855000000.0,
      "End Cash Position": 95829000000.0,
      "Beginning Cash Position": 79194000000.0,
      "Effect Of Exchange Rate Changes": 727000000.0,
      "Changes In Cash": 15908000000.0,
      "Financing Cash Flow": -6613000000.0,
      "Net Other Financing Charges": -1083000000.0,
      "Interest Paid Cff": -603000000.0,
      "Cash Dividends Paid": -1475000000.0,
      "Common Stock Dividend Paid": -1475000000.0,
      "Net Common Stock Issuance": -1982000000.0,
      "Common Stock Payments": -2013000000.0,
      "Common Stock Issuance": 31000000.0,
      "Net Issuance Payments Of Debt": -1378000000.0,
      "Net Long Term Debt Issuance": -1378000000.0,
      "Long Term Debt Payments": -2216000000.0,
      "Long Term Debt Issuance": 838000000.0,
      "Investing Cash Flow": 510000000.0,
      "Net Investment Purchase And Sale": 3188000000.0,
      "Sale Of Investment": 11172000000.0,
      "Purchase Of Investment": -7984000000.0,
      "Net Business Purchase And Sale": -373000000.0,
      "Sale Of Business": 36000000.0,
      "Purchase Of Business": -409000000.0,
      "Net Intangibles Purchase And Sale": -1423000000.0,
      "Sale Of Intangibles": 0.0,
      "Purchase Of Intangibles": -1423000000.0,
      "Net PPE Purchase And Sale": -882000000.0,
      "Sale Of PPE": 1550000000.0,
      "Purchase Of PPE": -2432000000.0,
      "Operating Cash Flow": 22011000000.0,
      "Taxes Refund Paid": -743000000.0,
      "Change In Working Capital": 18216000000.0,
      "Change In Other Current Liabilities": -2278000000.0,
      "Change In Other Current Assets": -15042000000.0,
      "Other Non Cash Items": 1327000000.0,
      "Provisionand Write Offof Assets": 916000000.0,
      "Depreciation And Amortization": 2396000000.0,
      "Depreciation": 2396000000.0,
      "Pension And Employee Benefit Expense": 125000000.0,
      "Gain Loss On Investment Securities": -1452000000.0,
      "Net Foreign Currency Exchange Gain Loss": -286000000.0,
      "Gain Loss On Sale Of PPE": -121000000.0,
      "Gain Loss On Sale Of Business": null,
      "Net Income From Continuing Operations": 4782000000.0
    },
    "2021-12-31T00:00:00": {
      "Free Cash Flow": null,
      "Repurchase Of Capital Stock": null,
      "Repayment Of Debt": null,
      "Issuance Of Debt": null,
      "Issuance Of Capital Stock": null,
      "Capital Expenditure": null,
      "End Cash Position": null,
      "Beginning Cash Position": null,
      "Effect Of Exchange Rate Changes": null,
      "Changes In Cash": null,
      "Financing Cash Flow": null,
      "Net Other Financing Charges": null,
      "Interest Paid Cff": null,
      "Cash Dividends Paid": null,
      "Common Stock Dividend Paid": null,
      "Net Common Stock Issuance": null,
      "Common Stock Payments": null,
      "Common Stock Issuance": null,
      "Net Issuance Payments Of Debt": null,
      "Net Long Term Debt Issuance": null,
      "Long Term Debt Payments": null,
      "Long Term Debt Issuance": null,
      "Investing Cash Flow": null,
      "Net Investment Purchase And Sale": null,
      "Sale Of Investment": null,
      "Purchase Of Investment": null,
      "Net Business Purchase And Sale": null,
      "Sale Of Business": null,
      "Purchase Of Business": -57000000.0,
      "Net Intangibles Purchase And Sale": null,
      "Sale Of Intangibles": null,
      "Purchase Of Intangibles": null,
      "Net PPE Purchase And Sale": null,
      "Sale Of PPE": null,
      "Purchase Of PPE": null,
      "Operating Cash Flow": null,
      "Taxes Refund Paid": null,
      "Change In Working Capital": null,
      "Change In Other Current Liabilities": null,
      "Change In Other Current Assets": null,
      "Other Non Cash Items": null,
      "Provisionand Write Offof Assets": null,
      "Depreciation And Amortization": null,
      "Depreciation": null,
      "Pension And Employee Benefit Expense": null,
      "Gain Loss On Investment Securities": null,
      "Net Foreign Currency Exchange Gain Loss": null,
      "Gain Loss On Sale Of PPE": null,
      "Gain Loss On Sale Of Business": null,
      "Net Income From Continuing Operations": null
    }
  },
  "earnings_estimate": {
    "avg": {
      "0q": 0.0221,
      "+1q": 0.0274,
      "0y": 0.0997,
      "+1y": 0.11902
    },
    "low": {
      "0q": 0.02,
      "+1q": 0.0268,
      "0y": 0.09,
      "+1y": 0.1
    },
    "high": {
      "0q": 0.0242,
      "+1q": 0.028,
      "0y": 0.1094,
      "+1y": 0.1322
    },
    "yearAgoEps": {
      "0q": 0.0168,
      "+1q": 0.02149,
      "0y": 0.07023,
      "+1y": 0.0997
    },
    "numberOfAnalysts": {
      "0q": 2,
      "+1q": 2,
      "0y": 14,
      "+1y": 14
    },
    "growth": {
      "0q": 0.3155,
      "+1q": 0.275,
      "0y": 0.41959998,
      "+1y": 0.19379999
    }
  },
  "revenue_estimate": {
    "avg": {
      "0q": 5246151000,
      "+1q": 5390151000,
      "0y": 21777680840,
      "+1y": 23309297420
    },
    "low": {
      "0q": 5246151000,
      "+1q": 5390151000,
      "0y": 21631000000,
      "+1y": 23053185430
    },
    "high": {
      "0q": 5246151000,
      "+1q": 5390151000,
      "0y": 21860127320,
      "+1y": 23545981000
    },
    "numberOfAnalysts": {
      "0q": 1,
      "+1q": 1,
      "0y": 6,
      "+1y": 6
    },
    "yearAgoRevenue": {
      "0q": 4746000000,
      "+1q": 4878000000,
      "0y": 19755000000,
      "+1y": 21777680840
    },
    "growth": {
      "0q": 0.105399996,
      "+1q": 0.105,
      "0y": 0.1024,
      "+1y": 0.070300005
    }
  },
  "growth_estimates": {
    "stockTrend": {
      "0q": 0.3155,
      "+1q": 0.275,
      "0y": 0.41959998,
      "+1y": 0.19379999,
      "LTG": null
    },
    "indexTrend": {
      "0q": 0.1273,
      "+1q": 0.103599995,
      "0y": 0.14310001,
      "+1y": 0.1557,
      "LTG": 0.122
    }
  },
  "revenue_forecasts": null,
  "dividend_rate": 0.04,
  "trailing_dividend_rate": 0.037
}