{
  "ticker": "LLY",
  "name": "Eli Lilly",
  "country": "usa",
  "currency": "USD",
  "last_fetched": "2026-02-26T20:45:03.154590",
  "market_cap": 961035960320,
  "revenue": 65179000832,
  "net_income": 20640000000,
  "pe_ratio": 44.40889,
  "forward_pe": 24.319466,
  "dividend_yield": 0.61,
  "profit_margin": 0.31667,
  "roe": 1.01159,
  "debt_to_equity": 165.31,
  "beta": 0.394,
  "ev_to_ebitda": 30.157,
  "sector": "Healthcare",
  "industry": "Drug Manufacturers - General",
  "summary": "Eli Lilly and Company discovers, develops, manufactures, and markets human pharmaceutical products in the United States, Europe, China, Japan, and internationally. The company offers cardiometabolic health products, including Basaglar, Humalog, Humalog Mix 75/25, Humalog U-100, Humalog U-200, Humalog Mix 50/50, insulin lispro, insulin lispro protamine, insulin lispro mix 75/25, Humulin, Humulin 70/30, Humulin N, Humulin R, Humulin U-500 for diabetes; Jardiance, Mounjaro, and Trulicity for type 2 diabetes; and Zepbound for obesity. It also provides oncology products, such as Cyramza for the second-line treatment of gastric cancer or gastro-esophageal junction adenocarcinoma; Erbitux for colorectal cancers and head and neck cancers; Inluriyo for breast cancer; Jaypirca for chronic lymphocytic leukemia or small lymphocytic lymphoma; Retevmo for the treatment of metastatic NSCLC; TYVYT for classic hodgkin's lymphoma; and Verzenio for breast cancer. In addition, the company offers immunology products, which include Ebglyss for severe atopic dermatitis; Olumiant for rheumatoid arthritis, atopic dermatitis, severe alopecia areata, and COVID-19; Omvoh for ulcerative colitis; and Taltz for plaque psoriasis, psoriatic arthritis, ankylosing spondylitis, and non-radiographic axial spondylarthritis. Further, it provides Emgality for migraine prevention and episodic cluster headache, as well as Kisubla for symptomatic Alzheimer's disease. The company has collaborations with Boehringer Ingelheim Pharmaceuticals, Inc. for the Jardiance product family; and F. Hoffmann-La Roche Ltd and Genentech, Inc. for lebrikizumab, as well as license agreements with Almirall, S.A. for Ebglyss; and Chugai Pharmaceutical Co., Ltd for orforglipron. Eli Lilly and Company was founded in 1876 and is headquartered in Indianapolis, Indiana.",
  "website": "https://www.lilly.com",
  "employees": 50000,
  "target_high": 1500.0,
  "target_low": 870.0,
  "target_mean": 1214.3448,
  "target_median": 1250.0,
  "recommendation": "buy",
  "num_analysts": 29,
  "income_stmt": {
    "2025-12-31T00:00:00": {
      "Tax Effect Of Unusual Items": -671518946.018421,
      "Tax Rate For Calcs": 0.197855,
      "Normalized EBITDA": 35087000000.0,
      "Total Unusual Items": -3394000000.0,
      "Total Unusual Items Excluding Goodwill": -3394000000.0,
      "Net Income From Continuing Operation Net Minority Interest": 20640000000.0,
      "Reconciled Depreciation": 1997000000.0,
      "Reconciled Cost Of Revenue": 11052000000.0,
      "EBITDA": 31693000000.0,
      "EBIT": 29696000000.0,
      "Net Interest Income": null,
      "Interest Expense": null,
      "Interest Income": null,
      "Normalized Income": 23362481053.98158,
      "Net Income From Continuing And Discontinued Operation": 20640000000.0,
      "Total Expenses": 35483000000.0,
      "Diluted Average Shares": 899301000.0,
      "Basic Average Shares": 894435000.0,
      "Diluted EPS": 22.95,
      "Basic EPS": 23.07602,
      "Diluted NI Availto Com Stockholders": 20640000000.0,
      "Net Income Common Stockholders": 20640000000.0,
      "Net Income": 20640000000.0,
      "Net Income Including Noncontrolling Interests": 20640000000.0,
      "Net Income Discontinuous Operations": null,
      "Net Income Continuous Operations": 20640000000.0,
      "Tax Provision": 5091000000.0,
      "Pretax Income": 25731000000.0,
      "Other Income Expense": -3965000000.0,
      "Other Non Operating Income Expenses": -571000000.0,
      "Special Income Charges": -3394000000.0,
      "Gain On Sale Of Business": null,
      "Other Special Charges": null,
      "Write Off": 484000000.0,
      "Impairment Of Capital Assets": null,
      "Restructuring And Mergern Acquisition": 2910000000.0,
      "Gain On Sale Of Security": null,
      "Net Non Operating Interest Income Expense": null,
      "Interest Expense Non Operating": null,
      "Interest Income Non Operating": null,
      "Operating Income": 29696000000.0,
      "Operating Expense": 24431000000.0,
      "Research And Development": 13337000000.0,
      "Selling General And Administration": 11094000000.0,
      "General And Administrative Expense": null,
      "Other Gand A": null,
      "Salaries And Wages": null,
      "Gross Profit": 54127000000.0,
      "Cost Of Revenue": 11052000000.0,
      "Total Revenue": 65179000000.0,
      "Operating Revenue": 65179000000.0
    },
    "2024-12-31T00:00:00": {
      "Tax Effect Of Unusual Items": -682546529.968454,
      "Tax Rate For Calcs": 0.164826,
      "Normalized EBITDA": 22948000000.0,
      "Total Unusual Items": -4141000000.0,
      "Total Unusual Items Excluding Goodwill": -4141000000.0,
      "Net Income From Continuing Operation Net Minority Interest": 10590000000.0,
      "Reconciled Depreciation": 1767000000.0,
      "Reconciled Cost Of Revenue": 8418000000.0,
      "EBITDA": 18807000000.0,
      "EBIT": 17040000000.0,
      "Net Interest Income": -605400000.0,
      "Interest Expense": 780600000.0,
      "Interest Income": 175200000.0,
      "Normalized Income": 14048453470.031546,
      "Net Income From Continuing And Discontinued Operation": 10590000000.0,
      "Total Expenses": 28003000000.0,
      "Diluted Average Shares": 904100000.0,
      "Basic Average Shares": 900600000.0,
      "Diluted EPS": 11.71,
      "Basic EPS": 11.76,
      "Diluted NI Availto Com Stockholders": 10590000000.0,
      "Net Income Common Stockholders": 10590000000.0,
      "Net Income": 10590000000.0,
      "Net Income Including Noncontrolling Interests": 10590000000.0,
      "Net Income Discontinuous Operations": null,
      "Net Income Continuous Operations": 10590000000.0,
      "Tax Provision": 2090000000.0,
      "Pretax Income": 12680000000.0,
      "Other Income Expense": -4360000000.0,
      "Other Non Operating Income Expenses": -219000000.0,
      "Special Income Charges": -4141000000.0,
      "Gain On Sale Of Business": null,
      "Other Special Charges": 435000000.0,
      "Write Off": 861000000.0,
      "Impairment Of Capital Assets": null,
      "Restructuring And Mergern Acquisition": 3280000000.0,
      "Gain On Sale Of Security": -49500000.0,
      "Net Non Operating Interest Income Expense": -605400000.0,
      "Interest Expense Non Operating": 780600000.0,
      "Interest Income Non Operating": 175200000.0,
      "Operating Income": 17040000000.0,
      "Operating Expense": 19585000000.0,
      "Research And Development": 10991000000.0,
      "Selling General And Administration": 8594000000.0,
      "General And Administrative Expense": 8593800000.0,
      "Other Gand A": 8593800000.0,
      "Salaries And Wages": -461700000.0,
      "Gross Profit": 36625000000.0,
      "Cost Of Revenue": 8418000000.0,
      "Total Revenue": 45043000000.0,
      "Operating Revenue": 45043000000.0
    },
    "2023-12-31T00:00:00": {
      "Tax Effect Of Unusual Items": -777468000.0,
      "Tax Rate For Calcs": 0.201,
      "Normalized EBITDA": 15720000000.0,
      "Total Unusual Items": -3868000000.0,
      "Total Unusual Items Excluding Goodwill": -3868000000.0,
      "Net Income From Continuing Operation Net Minority Interest": 5240000000.0,
      "Reconciled Depreciation": 1527000000.0,
      "Reconciled Cost Of Revenue": 7082000000.0,
      "EBITDA": 11852000000.0,
      "EBIT": 10325000000.0,
      "Net Interest Income": -312300000.0,
      "Interest Expense": 485900000.0,
      "Interest Income": 173600000.0,
      "Normalized Income": 8330532000.0,
      "Net Income From Continuing And Discontinued Operation": 5240000000.0,
      "Total Expenses": 23799000000.0,
      "Diluted Average Shares": 903300000.0,
      "Basic Average Shares": 900200000.0,
      "Diluted EPS": 5.8,
      "Basic EPS": 5.82,
      "Diluted NI Availto Com Stockholders": 5240000000.0,
      "Net Income Common Stockholders": 5240000000.0,
      "Net Income": 5240000000.0,
      "Net Income Including Noncontrolling Interests": 5240000000.0,
      "Net Income Discontinuous Operations": null,
      "Net Income Continuous Operations": 5240000000.0,
      "Tax Provision": 1314000000.0,
      "Pretax Income": 6554000000.0,
      "Other Income Expense": -3771000000.0,
      "Other Non Operating Income Expenses": 97000000.0,
      "Special Income Charges": -3868000000.0,
      "Gain On Sale Of Business": null,
      "Other Special Charges": 3799800000.0,
      "Write Off": 68000000.0,
      "Impairment Of Capital Assets": null,
      "Restructuring And Mergern Acquisition": 3800000000.0,
      "Gain On Sale Of Security": -20200000.0,
      "Net Non Operating Interest Income Expense": -312300000.0,
      "Interest Expense Non Operating": 485900000.0,
      "Interest Income Non Operating": 173600000.0,
      "Operating Income": 10325000000.0,
      "Operating Expense": 16717000000.0,
      "Research And Development": 9313000000.0,
      "Selling General And Administration": 7404000000.0,
      "General And Administrative Expense": 7403100000.0,
      "Other Gand A": 7403100000.0,
      "Salaries And Wages": -461900000.0,
      "Gross Profit": 27042000000.0,
      "Cost Of Revenue": 7082000000.0,
      "Total Revenue": 34124000000.0,
      "Operating Revenue": 34124000000.0
    },
    "2022-12-31T00:00:00": {
      "Tax Effect Of Unusual Items": -129795400.0,
      "Tax Rate For Calcs": 0.083,
      "Normalized EBITDA": 10224300000.0,
      "Total Unusual Items": -1563800000.0,
      "Total Unusual Items Excluding Goodwill": -1563800000.0,
      "Net Income From Continuing Operation Net Minority Interest": 6244800000.0,
      "Reconciled Depreciation": 1522500000.0,
      "Reconciled Cost Of Revenue": 6629800000.0,
      "EBITDA": 8660500000.0,
      "EBIT": 7138000000.0,
      "Net Interest Income": -268800000.0,
      "Interest Expense": 331600000.0,
      "Interest Income": 62800000.0,
      "Normalized Income": 7678804600.0,
      "Net Income From Continuing And Discontinued Operation": 6244800000.0,
      "Total Expenses": 20261000000.0,
      "Diluted Average Shares": 950182000.0,
      "Basic Average Shares": 950182000.0,
      "Diluted EPS": 6.572215,
      "Basic EPS": 6.572215,
      "Diluted NI Availto Com Stockholders": 6244800000.0,
      "Net Income Common Stockholders": 6244800000.0,
      "Net Income": 6244800000.0,
      "Net Income Including Noncontrolling Interests": 6244800000.0,
      "Net Income Discontinuous Operations": null,
      "Net Income Continuous Operations": 6244800000.0,
      "Tax Provision": 561600000.0,
      "Pretax Income": 6806400000.0,
      "Other Income Expense": -1205200000.0,
      "Other Non Operating Income Expenses": 358600000.0,
      "Special Income Charges": -1153100000.0,
      "Gain On Sale Of Business": null,
      "Other Special Charges": 908500000.0,
      "Write Off": 244600000.0,
      "Impairment Of Capital Assets": null,
      "Restructuring And Mergern Acquisition": 908500000.0,
      "Gain On Sale Of Security": -410700000.0,
      "Net Non Operating Interest Income Expense": -268800000.0,
      "Interest Expense Non Operating": 331600000.0,
      "Interest Income Non Operating": 62800000.0,
      "Operating Income": 8280400000.0,
      "Operating Expense": 13631200000.0,
      "Research And Development": 7190800000.0,
      "Selling General And Administration": 6440400000.0,
      "General And Administrative Expense": 6440400000.0,
      "Other Gand A": 6440400000.0,
      "Salaries And Wages": -372900000.0,
      "Gross Profit": 21911600000.0,
      "Cost Of Revenue": 6629800000.0,
      "Total Revenue": 28541400000.0,
      "Operating Revenue": 28541400000.0
    },
    "2021-12-31T00:00:00": {
      "Tax Effect Of Unusual Items": null,
      "Tax Rate For Calcs": null,
      "Normalized EBITDA": null,
      "Total Unusual Items": null,
      "Total Unusual Items Excluding Goodwill": null,
      "Net Income From Continuing Operation Net Minority Interest": null,
      "Reconciled Depreciation": null,
      "Reconciled Cost Of Revenue": null,
      "EBITDA": null,
      "EBIT": null,
      "Net Interest Income": -314400000.0,
      "Interest Expense": 339800000.0,
      "Interest Income": 25400000.0,
      "Normalized Income": null,
      "Net Income From Continuing And Discontinued Operation": null,
      "Total Expenses": null,
      "Diluted Average Shares": null,
      "Basic Average Shares": null,
      "Diluted EPS": null,
      "Basic EPS": null,
      "Diluted NI Availto Com Stockholders": null,
      "Net Income Common Stockholders": null,
      "Net Income": null,
      "Net Income Including Noncontrolling Interests": null,
      "Net Income Discontinuous Operations": 0.0,
      "Net Income Continuous Operations": null,
      "Tax Provision": null,
      "Pretax Income": null,
      "Other Income Expense": null,
      "Other Non Operating Income Expenses": null,
      "Special Income Charges": null,
      "Gain On Sale Of Business": 0.0,
      "Other Special Charges": 405200000.0,
      "Write Off": null,
      "Impairment Of Capital Assets": 236100000.0,
      "Restructuring And Mergern Acquisition": null,
      "Gain On Sale Of Security": 176900000.0,
      "Net Non Operating Interest Income Expense": -314400000.0,
      "Interest Expense Non Operating": 339800000.0,
      "Interest Income Non Operating": 25400000.0,
      "Operating Income": null,
      "Operating Expense": null,
      "Research And Development": null,
      "Selling General And Administration": null,
      "General And Administrative Expense": 6431600000.0,
      "Other Gand A": 6431600000.0,
      "Salaries And Wages": -289700000.0,
      "Gross Profit": null,
      "Cost Of Revenue": null,
      "Total Revenue": null,
      "Operating Revenue": null
    }
  },
  "quarterly_income": {
    "2025-12-31T00:00:00": {
      "Tax Effect Of Unusual Items": -123523444.871888,
      "Tax Rate For Calcs": 0.197007,
      "Normalized EBITDA": 12771500000.0,
      "Total Unusual Items": -627000000.0,
      "Total Unusual Items Excluding Goodwill": -627000000.0,
      "Net Income From Continuing Operation Net Minority Interest": 6637700000.0,
      "Reconciled Depreciation": 585700000.0,
      "Reconciled Cost Of Revenue": 3371700000.0,
      "EBITDA": 12144500000.0,
      "EBIT": 11558800000.0,
      "Net Interest Income": null,
      "Interest Expense": null,
      "Interest Income": null,
      "Normalized Income": 7141176555.128112,
      "Net Income From Continuing And Discontinued Operation": 6637700000.0,
      "Total Expenses": 10304600000.0,
      "Diluted Average Shares": 898002000.0,
      "Basic Average Shares": 894435000.0,
      "Diluted EPS": 7.39,
      "Basic EPS": 7.419209,
      "Diluted NI Availto Com Stockholders": 6637700000.0,
      "Net Income Common Stockholders": 6637700000.0,
      "Net Income": 6637700000.0,
      "Net Income Including Noncontrolling Interests": 6637700000.0,
      "Net Income Continuous Operations": 6637700000.0,
      "Tax Provision": 1628500000.0,
      "Pretax Income": 8266200000.0,
      "Other Income Expense": -1240300000.0,
      "Other Non Operating Income Expenses": -613300000.0,
      "Special Income Charges": -612900000.0,
      "Other Special Charges": null,
      "Write Off": 84100000.0,
      "Impairment Of Capital Assets": null,
      "Restructuring And Mergern Acquisition": 528800000.0,
      "Gain On Sale Of Security": null,
      "Net Non Operating Interest Income Expense": null,
      "Interest Expense Non Operating": null,
      "Interest Income Non Operating": null,
      "Operating Income": 8987400000.0,
      "Operating Expense": 6932900000.0,
      "Research And Development": 3801500000.0,
      "Selling General And Administration": 3131400000.0,
      "General And Administrative Expense": null,
      "Other Gand A": null,
      "Salaries And Wages": null,
      "Gross Profit": 15920300000.0,
      "Cost Of Revenue": 3371700000.0,
      "Total Revenue": 19292000000.0,
      "Operating Revenue": 19292000000.0
    },
    "2025-09-30T00:00:00": {
      "Tax Effect Of Unusual Items": -222126490.514905,
      "Tax Rate For Calcs": 0.228126,
      "Normalized EBITDA": 8855700000.0,
      "Total Unusual Items": -973700000.0,
      "Total Unusual Items Excluding Goodwill": -973700000.0,
      "Net Income From Continuing Operation Net Minority Interest": 5582500000.0,
      "Reconciled Depreciation": 470000000.0,
      "Reconciled Cost Of Revenue": 3008300000.0,
      "EBITDA": 7882000000.0,
      "EBIT": 7412000000.0,
      "Net Interest Income": -114600000.0,
      "Interest Expense": 179600000.0,
      "Interest Income": 65000000.0,
      "Normalized Income": 6334073509.485095,
      "Net Income From Continuing And Discontinued Operation": 5582500000.0,
      "Total Expenses": 9214700000.0,
      "Diluted Average Shares": 898804000.0,
      "Basic Average Shares": 895841000.0,
      "Diluted EPS": 6.21,
      "Basic EPS": 6.231575,
      "Diluted NI Availto Com Stockholders": 5582500000.0,
      "Net Income Common Stockholders": 5582500000.0,
      "Net Income": 5582500000.0,
      "Net Income Including Noncontrolling Interests": 5582500000.0,
      "Net Income Continuous Operations": 5582500000.0,
      "Tax Provision": 1649900000.0,
      "Pretax Income": 7232400000.0,
      "Other Income Expense": -1039100000.0,
      "Other Non Operating Income Expenses": -65400000.0,
      "Special Income Charges": -1020600000.0,
      "Other Special Charges": 655700000.0,
      "Write Off": 364900000.0,
      "Impairment Of Capital Assets": null,
      "Restructuring And Mergern Acquisition": 655700000.0,
      "Gain On Sale Of Security": 46900000.0,
      "Net Non Operating Interest Income Expense": -114600000.0,
      "Interest Expense Non Operating": 179600000.0,
      "Interest Income Non Operating": 65000000.0,
      "Operating Income": 8386100000.0,
      "Operating Expense": 6206400000.0,
      "Research And Development": 3465700000.0,
      "Selling General And Administration": 2740700000.0,
      "General And Administrative Expense": 2740700000.0,
      "Other Gand A": 2740700000.0,
      "Salaries And Wages": -114000000.0,
      "Gross Profit": 14592500000.0,
      "Cost Of Revenue": 3008300000.0,
      "Total Revenue": 17600800000.0,
      "Operating Revenue": 17600800000.0
    },
    "2025-06-30T00:00:00": {
      "Tax Effect Of Unusual Items": -6554043.444897,
      "Tax Rate For Calcs": 0.164674,
      "Normalized EBITDA": 7543700000.0,
      "Total Unusual Items": -39800000.0,
      "Total Unusual Items Excluding Goodwill": -39800000.0,
      "Net Income From Continuing Operation Net Minority Interest": 5660500000.0,
      "Reconciled Depreciation": 478500000.0,
      "Reconciled Cost Of Revenue": 2447800000.0,
      "EBITDA": 7503900000.0,
      "EBIT": 7025400000.0,
      "Net Interest Income": -209000000.0,
      "Interest Expense": 249000000.0,
      "Interest Income": 40000000.0,
      "Normalized Income": 5693745956.555103,
      "Net Income From Continuing And Discontinued Operation": 5660500000.0,
      "Total Expenses": 8536900000.0,
      "Diluted Average Shares": 899800000.0,
      "Basic Average Shares": 897900000.0,
      "Diluted EPS": 6.29,
      "Basic EPS": 6.3,
      "Diluted NI Availto Com Stockholders": 5660500000.0,
      "Net Income Common Stockholders": 5660500000.0,
      "Net Income": 5660500000.0,
      "Net Income Including Noncontrolling Interests": 5660500000.0,
      "Net Income Continuous Operations": 5660500000.0,
      "Tax Provision": 1115900000.0,
      "Pretax Income": 6776400000.0,
      "Other Income Expense": -35400000.0,
      "Other Non Operating Income Expenses": 4400000.0,
      "Special Income Charges": -153800000.0,
      "Other Special Charges": 153800000.0,
      "Write Off": 0.0,
      "Impairment Of Capital Assets": null,
      "Restructuring And Mergern Acquisition": 153800000.0,
      "Gain On Sale Of Security": 114000000.0,
      "Net Non Operating Interest Income Expense": -209000000.0,
      "Interest Expense Non Operating": 249000000.0,
      "Interest Income Non Operating": 40000000.0,
      "Operating Income": 7020800000.0,
      "Operating Expense": 6089100000.0,
      "Research And Development": 3336100000.0,
      "Selling General And Administration": 2753000000.0,
      "General And Administrative Expense": 2753000000.0,
      "Other Gand A": 2753000000.0,
      "Salaries And Wages": -105400000.0,
      "Gross Profit": 13109900000.0,
      "Cost Of Revenue": 2447800000.0,
      "Total Revenue": 15557700000.0,
      "Operating Revenue": 15557700000.0
    },
    "2025-03-31T00:00:00": {
      "Tax Effect Of Unusual Items": -354186800.0,
      "Tax Rate For Calcs": 0.202,
      "Normalized EBITDA": 5916000000.0,
      "Total Unusual Items": -1753400000.0,
      "Total Unusual Items Excluding Goodwill": -1753400000.0,
      "Net Income From Continuing Operation Net Minority Interest": 2759300000.0,
      "Reconciled Depreciation": 462800000.0,
      "Reconciled Cost Of Revenue": 2224200000.0,
      "EBITDA": 4162600000.0,
      "EBIT": 3699800000.0,
      "Net Interest Income": -195400000.0,
      "Interest Expense": 243700000.0,
      "Interest Income": 48300000.0,
      "Normalized Income": 4158513200.0,
      "Net Income From Continuing And Discontinued Operation": 2759300000.0,
      "Total Expenses": 7426700000.0,
      "Diluted Average Shares": 900604000.0,
      "Basic Average Shares": 897730000.0,
      "Diluted EPS": 3.06,
      "Basic EPS": 3.073641,
      "Diluted NI Availto Com Stockholders": 2759300000.0,
      "Net Income Common Stockholders": 2759300000.0,
      "Net Income": 2759300000.0,
      "Net Income Including Noncontrolling Interests": 2759300000.0,
      "Net Income Continuous Operations": 2759300000.0,
      "Tax Provision": 696800000.0,
      "Pretax Income": 3456100000.0,
      "Other Income Expense": -1650300000.0,
      "Other Non Operating Income Expenses": 103100000.0,
      "Special Income Charges": -1606700000.0,
      "Other Special Charges": 1571700000.0,
      "Write Off": 35000000.0,
      "Impairment Of Capital Assets": null,
      "Restructuring And Mergern Acquisition": 1571700000.0,
      "Gain On Sale Of Security": -146700000.0,
      "Net Non Operating Interest Income Expense": -195400000.0,
      "Interest Expense Non Operating": 243700000.0,
      "Interest Income Non Operating": 48300000.0,
      "Operating Income": 5301800000.0,
      "Operating Expense": 5202500000.0,
      "Research And Development": 2733700000.0,
      "Selling General And Administration": 2468800000.0,
      "General And Administrative Expense": 2468800000.0,
      "Other Gand A": 2468800000.0,
      "Salaries And Wages": -106600000.0,
      "Gross Profit": 10504300000.0,
      "Cost Of Revenue": 2224200000.0,
      "Total Revenue": 12728500000.0,
      "Operating Revenue": 12728500000.0
    },
    "2024-12-31T00:00:00": {
      "Tax Effect Of Unusual Items": -69047071.66531,
      "Tax Rate For Calcs": 0.124814,
      "Normalized EBITDA": 6301400000.0,
      "Total Unusual Items": -553200000.0,
      "Total Unusual Items Excluding Goodwill": -553200000.0,
      "Net Income From Continuing Operation Net Minority Interest": 4409800000.0,
      "Reconciled Depreciation": 484800000.0,
      "Reconciled Cost Of Revenue": 2403800000.0,
      "EBITDA": 5748200000.0,
      "EBIT": 5263400000.0,
      "Net Interest Income": -180400000.0,
      "Interest Expense": 224700000.0,
      "Interest Income": 44300000.0,
      "Normalized Income": 4893952928.33469,
      "Net Income From Continuing And Discontinued Operation": 4409800000.0,
      "Total Expenses": 7850800000.0,
      "Diluted Average Shares": 903158000.0,
      "Basic Average Shares": 897538000.0,
      "Diluted EPS": 4.88,
      "Basic EPS": 4.913218,
      "Diluted NI Availto Com Stockholders": 4409800000.0,
      "Net Income Common Stockholders": 4409800000.0,
      "Net Income": 4409800000.0,
      "Net Income Including Noncontrolling Interests": 4409800000.0,
      "Net Income Continuous Operations": 4409800000.0,
      "Tax Provision": 628900000.0,
      "Pretax Income": 5038700000.0,
      "Other Income Expense": -462900000.0,
      "Other Non Operating Income Expenses": 90300000.0,
      "Special Income Charges": -533200000.0,
      "Other Special Charges": 624200000.0,
      "Write Off": -91000000.0,
      "Impairment Of Capital Assets": null,
      "Restructuring And Mergern Acquisition": 189200000.0,
      "Gain On Sale Of Security": -20000000.0,
      "Net Non Operating Interest Income Expense": -180400000.0,
      "Interest Expense Non Operating": 224700000.0,
      "Interest Income Non Operating": 44300000.0,
      "Operating Income": 5682000000.0,
      "Operating Expense": 5447000000.0,
      "Research And Development": 3022500000.0,
      "Selling General And Administration": 2424500000.0,
      "General And Administrative Expense": 2424500000.0,
      "Other Gand A": 2424500000.0,
      "Salaries And Wages": -115800000.0,
      "Gross Profit": 11129000000.0,
      "Cost Of Revenue": 2403800000.0,
      "Total Revenue": 13532800000.0,
      "Operating Revenue": 13532800000.0
    },
    "2024-09-30T00:00:00": {
      "Tax Effect Of Unusual Items": null,
      "Tax Rate For Calcs": null,
      "Normalized EBITDA": null,
      "Total Unusual Items": null,
      "Total Unusual Items Excluding Goodwill": null,
      "Net Income From Continuing Operation Net Minority Interest": null,
      "Reconciled Depreciation": null,
      "Reconciled Cost Of Revenue": null,
      "EBITDA": null,
      "EBIT": null,
      "Net Interest Income": -144900000.0,
      "Interest Expense": 192700000.0,
      "Interest Income": 47800000.0,
      "Normalized Income": null,
      "Net Income From Continuing And Discontinued Operation": null,
      "Total Expenses": null,
      "Diluted Average Shares": null,
      "Basic Average Shares": null,
      "Diluted EPS": null,
      "Basic EPS": null,
      "Diluted NI Availto Com Stockholders": null,
      "Net Income Common Stockholders": null,
      "Net Income": null,
      "Net Income Including Noncontrolling Interests": null,
      "Net Income Continuous Operations": null,
      "Tax Provision": null,
      "Pretax Income": null,
      "Other Income Expense": null,
      "Other Non Operating Income Expenses": null,
      "Special Income Charges": null,
      "Other Special Charges": 2826400000.0,
      "Write Off": null,
      "Impairment Of Capital Assets": 81600000.0,
      "Restructuring And Mergern Acquisition": null,
      "Gain On Sale Of Security": 112400000.0,
      "Net Non Operating Interest Income Expense": -144900000.0,
      "Interest Expense Non Operating": 192700000.0,
      "Interest Income Non Operating": 47800000.0,
      "Operating Income": null,
      "Operating Expense": null,
      "Research And Development": null,
      "Selling General And Administration": null,
      "General And Administrative Expense": 2099800000.0,
      "Other Gand A": 2099800000.0,
      "Salaries And Wages": -115400000.0,
      "Gross Profit": null,
      "Cost Of Revenue": null,
      "Total Revenue": null,
      "Operating Revenue": null
    },
    "2024-06-30T00:00:00": {
      "Tax Effect Of Unusual Items": null,
      "Tax Rate For Calcs": null,
      "Normalized EBITDA": null,
      "Total Unusual Items": null,
      "Total Unusual Items Excluding Goodwill": null,
      "Net Income From Continuing Operation Net Minority Interest": null,
      "Reconciled Depreciation": null,
      "Reconciled Cost Of Revenue": null,
      "EBITDA": null,
      "EBIT": null,
      "Net Interest Income": null,
      "Interest Expense": null,
      "Interest Income": null,
      "Normalized Income": null,
      "Net Income From Continuing And Discontinued Operation": null,
      "Total Expenses": null,
      "Diluted Average Shares": null,
      "Basic Average Shares": null,
      "Diluted EPS": null,
      "Basic EPS": null,
      "Diluted NI Availto Com Stockholders": null,
      "Net Income Common Stockholders": null,
      "Net Income": null,
      "Net Income Including Noncontrolling Interests": null,
      "Net Income Continuous Operations": null,
      "Tax Provision": null,
      "Pretax Income": null,
      "Other Income Expense": null,
      "Other Non Operating Income Expenses": null,
      "Special Income Charges": null,
      "Other Special Charges": null,
      "Write Off": null,
      "Impairment Of Capital Assets": 435000000.0,
      "Restructuring And Mergern Acquisition": null,
      "Gain On Sale Of Security": null,
      "Net Non Operating Interest Income Expense": null,
      "Interest Expense Non Operating": null,
      "Interest Income Non Operating": null,
      "Operating Income": null,
      "Operating Expense": null,
      "Research And Development": null,
      "Selling General And Administration": null,
      "General And Administrative Expense": null,
      "Other Gand A": null,
      "Salaries And Wages": null,
      "Gross Profit": null,
      "Cost Of Revenue": null,
      "Total Revenue": null,
      "Operating Revenue": null
    }
  },
  "balance_sheet": {
    "2025-12-31T00:00:00": {
      "Treasury Shares Number": 50365000.0,
      "Ordinary Shares Number": 894435000.0,
      "Share Issued": 944800000.0,
      "Net Debt": 35235000000.0,
      "Total Debt": 42503000000.0,
      "Tangible Book Value": 14115000000.0,
      "Invested Capital": 69038000000.0,
      "Working Capital": 20401000000.0,
      "Net Tangible Assets": 14115000000.0,
      "Common Stock Equity": 26535000000.0,
      "Total Capitalization": 67403000000.0,
      "Total Equity Gross Minority Interest": 26535000000.0,
      "Minority Interest": null,
      "Stockholders Equity": 26535000000.0,
      "Other Equity Interest": -2991000000.0,
      "Gains Losses Not Affecting Retained Earnings": -2880000000.0,
      "Other Equity Adjustments": -2880000000.0,
      "Treasury Stock": null,
      "Retained Earnings": 24470000000.0,
      "Additional Paid In Capital": 7346000000.0,
      "Capital Stock": 590000000.0,
      "Common Stock": 590000000.0,
      "Total Liabilities Net Minority Interest": 85941000000.0,
      "Total Non Current Liabilities Net Minority Interest": 50713000000.0,
      "Other Non Current Liabilities": 3970000000.0,
      "Employee Benefits": null,
      "Non Current Pension And Other Postretirement Benefit Plans": null,
      "Tradeand Other Payables Non Current": 5875000000.0,
      "Non Current Deferred Liabilities": null,
      "Non Current Deferred Taxes Liabilities": null,
      "Long Term Debt And Capital Lease Obligation": 40868000000.0,
      "Long Term Debt": 40868000000.0,
      "Current Liabilities": 35228000000.0,
      "Other Current Liabilities": 8457000000.0,
      "Current Debt And Capital Lease Obligation": 1635000000.0,
      "Current Debt": 1635000000.0,
      "Pensionand Other Post Retirement Benefit Plans Current": 2375000000.0,
      "Payables And Accrued Expenses": 22761000000.0,
      "Current Accrued Expenses": 17382000000.0,
      "Payables": 5379000000.0,
      "Dividends Payable": null,
      "Total Tax Payable": null,
      "Income Tax Payable": null,
      "Accounts Payable": 5379000000.0,
      "Total Assets": 112476000000.0,
      "Total Non Current Assets": 56847000000.0,
      "Other Non Current Assets": 6992000000.0,
      "Non Current Deferred Assets": 9959000000.0,
      "Non Current Deferred Taxes Assets": 9959000000.0,
      "Investments And Advances": 2802000000.0,
      "Investmentin Financial Assets": 668000000.0,
      "Held To Maturity Securities": null,
      "Available For Sale Securities": 668000000.0,
      "Long Term Equity Investment": 2134000000.0,
      "Goodwill And Other Intangible Assets": 12420000000.0,
      "Other Intangible Assets": 6522000000.0,
      "Goodwill": 5898000000.0,
      "Net PPE": 24674000000.0,
      "Accumulated Depreciation": -12560000000.0,
      "Gross PPE": 37234000000.0,
      "Construction In Progress": 13013000000.0,
      "Other Properties": 13486000000.0,
      "Buildings And Improvements": 10088000000.0,
      "Land And Improvements": 647000000.0,
      "Properties": 0.0,
      "Current Assets": 55629000000.0,
      "Other Current Assets": 147000000.0,
      "Prepaid Assets": 14315000000.0,
      "Inventory": 13744000000.0,
      "Inventories Adjustments Allowances": null,
      "Other Inventories": 43000000.0,
      "Finished Goods": 1931000000.0,
      "Work In Process": 8183000000.0,
      "Raw Materials": 3587000000.0,
      "Receivables": 20155000000.0,
      "Other Receivables": 2395000000.0,
      "Accounts Receivable": 17760000000.0,
      "Allowance For Doubtful Accounts Receivable": null,
      "Gross Accounts Receivable": null,
      "Cash Cash Equivalents And Short Term Investments": 7268000000.0,
      "Other Short Term Investments": null,
      "Cash And Cash Equivalents": 7268000000.0,
      "Cash Equivalents": null,
      "Cash Financial": null
    },
    "2024-12-31T00:00:00": {
      "Treasury Shares Number": 50365000.0,
      "Ordinary Shares Number": 897538000.0,
      "Share Issued": 947903000.0,
      "Net Debt": 30376000000.0,
      "Total Debt": 33644000000.0,
      "Tangible Book Value": 2336000000.0,
      "Invested Capital": 47916000000.0,
      "Working Capital": 4364000000.0,
      "Net Tangible Assets": 2336000000.0,
      "Common Stock Equity": 14272000000.0,
      "Total Capitalization": 42799000000.0,
      "Total Equity Gross Minority Interest": 14272000000.0,
      "Minority Interest": 79500000.0,
      "Stockholders Equity": 14272000000.0,
      "Other Equity Interest": -2982000000.0,
      "Gains Losses Not Affecting Retained Earnings": -4322000000.0,
      "Other Equity Adjustments": -4322000000.0,
      "Treasury Stock": 49500000.0,
      "Retained Earnings": 13545000000.0,
      "Additional Paid In Capital": 7439000000.0,
      "Capital Stock": 592000000.0,
      "Common Stock": 592000000.0,
      "Total Liabilities Net Minority Interest": 64443000000.0,
      "Total Non Current Liabilities Net Minority Interest": 36067000000.0,
      "Other Non Current Liabilities": 3479000000.0,
      "Employee Benefits": 1300500000.0,
      "Non Current Pension And Other Postretirement Benefit Plans": 1300500000.0,
      "Tradeand Other Payables Non Current": 4061000000.0,
      "Non Current Deferred Liabilities": null,
      "Non Current Deferred Taxes Liabilities": null,
      "Long Term Debt And Capital Lease Obligation": 28527000000.0,
      "Long Term Debt": 28527000000.0,
      "Current Liabilities": 28376000000.0,
      "Other Current Liabilities": 6397000000.0,
      "Current Debt And Capital Lease Obligation": 5117000000.0,
      "Current Debt": 5117000000.0,
      "Pensionand Other Post Retirement Benefit Plans Current": 2094000000.0,
      "Payables And Accrued Expenses": 14768000000.0,
      "Current Accrued Expenses": 11539000000.0,
      "Payables": 3229000000.0,
      "Dividends Payable": 1346300000.0,
      "Total Tax Payable": null,
      "Income Tax Payable": null,
      "Accounts Payable": 3229000000.0,
      "Total Assets": 78715000000.0,
      "Total Non Current Assets": 45976000000.0,
      "Other Non Current Assets": 5720000000.0,
      "Non Current Deferred Assets": 8001000000.0,
      "Non Current Deferred Taxes Assets": 8001000000.0,
      "Investments And Advances": 3216000000.0,
      "Investmentin Financial Assets": 1209000000.0,
      "Held To Maturity Securities": 211400000.0,
      "Available For Sale Securities": 1209000000.0,
      "Long Term Equity Investment": 2007000000.0,
      "Goodwill And Other Intangible Assets": 11936000000.0,
      "Other Intangible Assets": 6166000000.0,
      "Goodwill": 5770000000.0,
      "Net PPE": 17103000000.0,
      "Accumulated Depreciation": -11789000000.0,
      "Gross PPE": 28892000000.0,
      "Construction In Progress": 8245000000.0,
      "Other Properties": 11458000000.0,
      "Buildings And Improvements": 8807000000.0,
      "Land And Improvements": 382000000.0,
      "Properties": 0.0,
      "Current Assets": 32740000000.0,
      "Other Current Assets": 266000000.0,
      "Prepaid Assets": 8341000000.0,
      "Inventory": 7589000000.0,
      "Inventories Adjustments Allowances": 62900000.0,
      "Other Inventories": 63000000.0,
      "Finished Goods": 1221000000.0,
      "Work In Process": 3979000000.0,
      "Raw Materials": 2326000000.0,
      "Receivables": 13276000000.0,
      "Other Receivables": 2270000000.0,
      "Accounts Receivable": 11006000000.0,
      "Allowance For Doubtful Accounts Receivable": -14900000.0,
      "Gross Accounts Receivable": 11020600000.0,
      "Cash Cash Equivalents And Short Term Investments": 3268000000.0,
      "Other Short Term Investments": 154800000.0,
      "Cash And Cash Equivalents": 3268000000.0,
      "Cash Equivalents": null,
      "Cash Financial": null
    },
    "2023-12-31T00:00:00": {
      "Treasury Shares Number": 50402000.0,
      "Ordinary Shares Number": 899379000.0,
      "Share Issued": 949781000.0,
      "Net Debt": 22406700000.0,
      "Total Debt": 25225300000.0,
      "Tangible Book Value": -1074400000.0,
      "Invested Capital": 35997200000.0,
      "Working Capital": -1566200000.0,
      "Net Tangible Assets": -1074400000.0,
      "Common Stock Equity": 10771900000.0,
      "Total Capitalization": 29092700000.0,
      "Total Equity Gross Minority Interest": 10863700000.0,
      "Minority Interest": 91800000.0,
      "Stockholders Equity": 10771900000.0,
      "Other Equity Interest": -3013200000.0,
      "Gains Losses Not Affecting Retained Earnings": -4327000000.0,
      "Other Equity Adjustments": -4327000000.0,
      "Treasury Stock": 44200000.0,
      "Retained Earnings": 10312300000.0,
      "Additional Paid In Capital": 7250400000.0,
      "Capital Stock": 593600000.0,
      "Common Stock": 593600000.0,
      "Total Liabilities Net Minority Interest": 53142600000.0,
      "Total Non Current Liabilities Net Minority Interest": 25849400000.0,
      "Other Non Current Liabilities": 2240600000.0,
      "Employee Benefits": 1438800000.0,
      "Non Current Pension And Other Postretirement Benefit Plans": 1438800000.0,
      "Tradeand Other Payables Non Current": 3849200000.0,
      "Non Current Deferred Liabilities": null,
      "Non Current Deferred Taxes Liabilities": null,
      "Long Term Debt And Capital Lease Obligation": 18320800000.0,
      "Long Term Debt": 18320800000.0,
      "Current Liabilities": 27293200000.0,
      "Other Current Liabilities": 3281300000.0,
      "Current Debt And Capital Lease Obligation": 6904500000.0,
      "Current Debt": 6904500000.0,
      "Pensionand Other Post Retirement Benefit Plans Current": 1650400000.0,
      "Payables And Accrued Expenses": 15457000000.0,
      "Current Accrued Expenses": 11689000000.0,
      "Payables": 3768000000.0,
      "Dividends Payable": 1169200000.0,
      "Total Tax Payable": null,
      "Income Tax Payable": null,
      "Accounts Payable": 2598800000.0,
      "Total Assets": 64006300000.0,
      "Total Non Current Assets": 38279300000.0,
      "Other Non Current Assets": 4989900000.0,
      "Non Current Deferred Assets": 5477300000.0,
      "Non Current Deferred Taxes Assets": 5477300000.0,
      "Investments And Advances": 3052200000.0,
      "Investmentin Financial Assets": 1481900000.0,
      "Held To Maturity Securities": 214300000.0,
      "Available For Sale Securities": 1267600000.0,
      "Long Term Equity Investment": 1570300000.0,
      "Goodwill And Other Intangible Assets": 11846300000.0,
      "Other Intangible Assets": 6906600000.0,
      "Goodwill": 4939700000.0,
      "Net PPE": 12913600000.0,
      "Accumulated Depreciation": -11099300000.0,
      "Gross PPE": 24012900000.0,
      "Construction In Progress": 5084100000.0,
      "Other Properties": 10329000000.0,
      "Buildings And Improvements": 8280000000.0,
      "Land And Improvements": 319800000.0,
      "Properties": 0.0,
      "Current Assets": 25727000000.0,
      "Other Current Assets": 149500000.0,
      "Prepaid Assets": 5540800000.0,
      "Inventory": 5772800000.0,
      "Inventories Adjustments Allowances": 102400000.0,
      "Other Inventories": 102400000.0,
      "Finished Goods": 791700000.0,
      "Work In Process": 3248600000.0,
      "Raw Materials": 1630100000.0,
      "Receivables": 11336200000.0,
      "Other Receivables": 2245700000.0,
      "Accounts Receivable": 9090500000.0,
      "Allowance For Doubtful Accounts Receivable": -14800000.0,
      "Gross Accounts Receivable": 9105300000.0,
      "Cash Cash Equivalents And Short Term Investments": 2927700000.0,
      "Other Short Term Investments": 109100000.0,
      "Cash And Cash Equivalents": 2818600000.0,
      "Cash Equivalents": 1088400000.0,
      "Cash Financial": 1730200000.0
    },
    "2022-12-31T00:00:00": {
      "Treasury Shares Number": 450000.0,
      "Ordinary Shares Number": 950182000.0,
      "Share Issued": 950632000.0,
      "Net Debt": 14171600000.0,
      "Total Debt": 16238600000.0,
      "Tangible Book Value": -629800000.0,
      "Invested Capital": 26888400000.0,
      "Working Capital": 896300000.0,
      "Net Tangible Assets": -629800000.0,
      "Common Stock Equity": 10649800000.0,
      "Total Capitalization": 25387300000.0,
      "Total Equity Gross Minority Interest": 10775400000.0,
      "Minority Interest": 125600000.0,
      "Stockholders Equity": 10649800000.0,
      "Other Equity Interest": -3013200000.0,
      "Gains Losses Not Affecting Retained Earnings": -3844600000.0,
      "Other Equity Adjustments": -3844600000.0,
      "Treasury Stock": 50500000.0,
      "Retained Earnings": 10042600000.0,
      "Additional Paid In Capital": 6921400000.0,
      "Capital Stock": 594100000.0,
      "Common Stock": 594100000.0,
      "Total Liabilities Net Minority Interest": 38714400000.0,
      "Total Non Current Liabilities Net Minority Interest": 21576200000.0,
      "Other Non Current Liabilities": 1824000000.0,
      "Employee Benefits": 1305100000.0,
      "Non Current Pension And Other Postretirement Benefit Plans": 1305100000.0,
      "Tradeand Other Payables Non Current": 3709600000.0,
      "Non Current Deferred Liabilities": 87300000.0,
      "Non Current Deferred Taxes Liabilities": 87300000.0,
      "Long Term Debt And Capital Lease Obligation": 14737500000.0,
      "Long Term Debt": 14737500000.0,
      "Current Liabilities": 17138200000.0,
      "Other Current Liabilities": 2845400000.0,
      "Current Debt And Capital Lease Obligation": 1501100000.0,
      "Current Debt": 1501100000.0,
      "Pensionand Other Post Retirement Benefit Plans Current": 1059800000.0,
      "Payables And Accrued Expenses": 11731900000.0,
      "Current Accrued Expenses": 8784100000.0,
      "Payables": 2947800000.0,
      "Dividends Payable": 1017200000.0,
      "Total Tax Payable": 475100000.0,
      "Income Tax Payable": 475100000.0,
      "Accounts Payable": 1930600000.0,
      "Total Assets": 49489800000.0,
      "Total Non Current Assets": 31455300000.0,
      "Other Non Current Assets": 4337000000.0,
      "Non Current Deferred Assets": 2792900000.0,
      "Non Current Deferred Taxes Assets": 2792900000.0,
      "Investments And Advances": 2901800000.0,
      "Investmentin Financial Assets": 1642300000.0,
      "Held To Maturity Securities": 213900000.0,
      "Available For Sale Securities": 1428400000.0,
      "Long Term Equity Investment": 1259500000.0,
      "Goodwill And Other Intangible Assets": 11279600000.0,
      "Other Intangible Assets": 7206600000.0,
      "Goodwill": 4073000000.0,
      "Net PPE": 10144000000.0,
      "Accumulated Depreciation": -10233400000.0,
      "Gross PPE": 20377400000.0,
      "Construction In Progress": 2798600000.0,
      "Other Properties": 9406300000.0,
      "Buildings And Improvements": 7915900000.0,
      "Land And Improvements": 256600000.0,
      "Properties": 0.0,
      "Current Assets": 18034500000.0,
      "Other Current Assets": 7300000.0,
      "Prepaid Assets": 2946800000.0,
      "Inventory": 4309700000.0,
      "Inventories Adjustments Allowances": 8900000.0,
      "Other Inventories": 8900000.0,
      "Finished Goods": 901200000.0,
      "Work In Process": 2597700000.0,
      "Raw Materials": 801900000.0,
      "Receivables": 8558900000.0,
      "Other Receivables": 1662900000.0,
      "Accounts Receivable": 6896000000.0,
      "Allowance For Doubtful Accounts Receivable": -16000000.0,
      "Gross Accounts Receivable": 6912000000.0,
      "Cash Cash Equivalents And Short Term Investments": 2211800000.0,
      "Other Short Term Investments": 144800000.0,
      "Cash And Cash Equivalents": 2067000000.0,
      "Cash Equivalents": 657400000.0,
      "Cash Financial": 1409600000.0
    },
    "2021-12-31T00:00:00": {
      "Treasury Shares Number": null,
      "Ordinary Shares Number": null,
      "Share Issued": null,
      "Net Debt": null,
      "Total Debt": null,
      "Tangible Book Value": null,
      "Invested Capital": null,
      "Working Capital": null,
      "Net Tangible Assets": null,
      "Common Stock Equity": null,
      "Total Capitalization": null,
      "Total Equity Gross Minority Interest": null,
      "Minority Interest": 175600000.0,
      "Stockholders Equity": null,
      "Other Equity Interest": null,
      "Gains Losses Not Affecting Retained Earnings": null,
      "Other Equity Adjustments": null,
      "Treasury Stock": 52700000.0,
      "Retained Earnings": null,
      "Additional Paid In Capital": null,
      "Capital Stock": null,
      "Common Stock": null,
      "Total Liabilities Net Minority Interest": null,
      "Total Non Current Liabilities Net Minority Interest": null,
      "Other Non Current Liabilities": null,
      "Employee Benefits": 1954100000.0,
      "Non Current Pension And Other Postretirement Benefit Plans": 1954100000.0,
      "Tradeand Other Payables Non Current": null,
      "Non Current Deferred Liabilities": 1733700000.0,
      "Non Current Deferred Taxes Liabilities": 1733700000.0,
      "Long Term Debt And Capital Lease Obligation": null,
      "Long Term Debt": null,
      "Current Liabilities": null,
      "Other Current Liabilities": null,
      "Current Debt And Capital Lease Obligation": null,
      "Current Debt": null,
      "Pensionand Other Post Retirement Benefit Plans Current": null,
      "Payables And Accrued Expenses": null,
      "Current Accrued Expenses": null,
      "Payables": null,
      "Dividends Payable": 885500000.0,
      "Total Tax Payable": 126900000.0,
      "Income Tax Payable": 126900000.0,
      "Accounts Payable": null,
      "Total Assets": null,
      "Total Non Current Assets": null,
      "Other Non Current Assets": null,
      "Non Current Deferred Assets": null,
      "Non Current Deferred Taxes Assets": null,
      "Investments And Advances": null,
      "Investmentin Financial Assets": null,
      "Held To Maturity Securities": 235300000.0,
      "Available For Sale Securities": null,
      "Long Term Equity Investment": null,
      "Goodwill And Other Intangible Assets": null,
      "Other Intangible Assets": null,
      "Goodwill": null,
      "Net PPE": null,
      "Accumulated Depreciation": null,
      "Gross PPE": null,
      "Construction In Progress": null,
      "Other Properties": null,
      "Buildings And Improvements": null,
      "Land And Improvements": null,
      "Properties": null,
      "Current Assets": null,
      "Other Current Assets": null,
      "Prepaid Assets": null,
      "Inventory": null,
      "Inventories Adjustments Allowances": 34200000.0,
      "Other Inventories": null,
      "Finished Goods": null,
      "Work In Process": null,
      "Raw Materials": null,
      "Receivables": null,
      "Other Receivables": null,
      "Accounts Receivable": null,
      "Allowance For Doubtful Accounts Receivable": -22500000.0,
      "Gross Accounts Receivable": 6695300000.0,
      "Cash Cash Equivalents And Short Term Investments": null,
      "Other Short Term Investments": 90100000.0,
      "Cash And Cash Equivalents": null,
      "Cash Equivalents": 2379500000.0,
      "Cash Financial": 1439000000.0
    }
  },
  "cashflow": {
    "2025-12-31T00:00:00": {
      "Free Cash Flow": 5964000000.0,
      "Repurchase Of Capital Stock": -4108000000.0,
      "Repayment Of Debt": -778000000.0,
      "Issuance Of Debt": 13167000000.0,
      "Capital Expenditure": -10849000000.0,
      "End Cash Position": 7268000000.0,
      "Beginning Cash Position": 3268000000.0,
      "Effect Of Exchange Rate Changes": 372000000.0,
      "Changes In Cash": 3628000000.0,
      "Financing Cash Flow": -2213000000.0,
      "Cash Flow From Continuing Financing Activities": -2213000000.0,
      "Net Other Financing Charges": -772000000.0,
      "Cash Dividends Paid": -5384000000.0,
      "Common Stock Dividend Paid": -5384000000.0,
      "Net Common Stock Issuance": -4108000000.0,
      "Common Stock Payments": -4108000000.0,
      "Net Issuance Payments Of Debt": 8051000000.0,
      "Net Short Term Debt Issuance": -4338000000.0,
      "Net Long Term Debt Issuance": 12389000000.0,
      "Long Term Debt Payments": -778000000.0,
      "Long Term Debt Issuance": 13167000000.0,
      "Investing Cash Flow": -10972000000.0,
      "Cash Flow From Continuing Investing Activities": -10972000000.0,
      "Net Other Investing Changes": 1000000.0,
      "Net Investment Purchase And Sale": 319000000.0,
      "Sale Of Investment": 964000000.0,
      "Purchase Of Investment": -645000000.0,
      "Net Business Purchase And Sale": -661000000.0,
      "Sale Of Business": null,
      "Purchase Of Business": -661000000.0,
      "Net Intangibles Purchase And Sale": -2790000000.0,
      "Sale Of Intangibles": 218000000.0,
      "Purchase Of Intangibles": -3008000000.0,
      "Net PPE Purchase And Sale": -7841000000.0,
      "Purchase Of PPE": -7841000000.0,
      "Operating Cash Flow": 16813000000.0,
      "Cash Flow From Continuing Operating Activities": 16813000000.0,
      "Change In Working Capital": -8093000000.0,
      "Change In Other Current Assets": null,
      "Change In Payables And Accrued Expense": 10187000000.0,
      "Change In Payable": 10187000000.0,
      "Change In Account Payable": 10187000000.0,
      "Change In Tax Payable": null,
      "Change In Income Tax Payable": null,
      "Change In Prepaid Assets": -6609000000.0,
      "Change In Inventory": -4671000000.0,
      "Change In Receivables": -7000000000.0,
      "Other Non Cash Items": 3530000000.0,
      "Stock Based Compensation": 626000000.0,
      "Deferred Tax": -1707000000.0,
      "Deferred Income Tax": -1707000000.0,
      "Depreciation Amortization Depletion": 1997000000.0,
      "Depreciation And Amortization": 1997000000.0,
      "Operating Gains Losses": -180000000.0,
      "Gain Loss On Sale Of PPE": -180000000.0,
      "Gain Loss On Sale Of Business": null,
      "Net Income From Continuing Operations": 20640000000.0
    },
    "2024-12-31T00:00:00": {
      "Free Cash Flow": 414000000.0,
      "Repurchase Of Capital Stock": -2500000000.0,
      "Repayment Of Debt": -664000000.0,
      "Issuance Of Debt": 11417000000.0,
      "Capital Expenditure": -8404000000.0,
      "End Cash Position": 3268000000.0,
      "Beginning Cash Position": 2819000000.0,
      "Effect Of Exchange Rate Changes": -297000000.0,
      "Changes In Cash": 746000000.0,
      "Financing Cash Flow": 1230000000.0,
      "Cash Flow From Continuing Financing Activities": 1230000000.0,
      "Net Other Financing Charges": -491000000.0,
      "Cash Dividends Paid": -4680000000.0,
      "Common Stock Dividend Paid": -4680000000.0,
      "Net Common Stock Issuance": -2500000000.0,
      "Common Stock Payments": -2500000000.0,
      "Net Issuance Payments Of Debt": 8901000000.0,
      "Net Short Term Debt Issuance": -1852000000.0,
      "Net Long Term Debt Issuance": 10753000000.0,
      "Long Term Debt Payments": -664000000.0,
      "Long Term Debt Issuance": 11417000000.0,
      "Investing Cash Flow": -9302000000.0,
      "Cash Flow From Continuing Investing Activities": -9302000000.0,
      "Net Other Investing Changes": -248000000.0,
      "Net Investment Purchase And Sale": -303000000.0,
      "Sale Of Investment": 374000000.0,
      "Purchase Of Investment": -677000000.0,
      "Net Business Purchase And Sale": -948000000.0,
      "Sale Of Business": null,
      "Purchase Of Business": -948000000.0,
      "Net Intangibles Purchase And Sale": -2745000000.0,
      "Sale Of Intangibles": 601000000.0,
      "Purchase Of Intangibles": -3346000000.0,
      "Net PPE Purchase And Sale": -5058000000.0,
      "Purchase Of PPE": -5058000000.0,
      "Operating Cash Flow": 8818000000.0,
      "Cash Flow From Continuing Operating Activities": 8818000000.0,
      "Change In Working Capital": -5384000000.0,
      "Change In Other Current Assets": null,
      "Change In Payables And Accrued Expense": 2609000000.0,
      "Change In Payable": 2609000000.0,
      "Change In Account Payable": 2609000000.0,
      "Change In Tax Payable": null,
      "Change In Income Tax Payable": null,
      "Change In Prepaid Assets": -3331000000.0,
      "Change In Inventory": -2507000000.0,
      "Change In Receivables": -2155000000.0,
      "Other Non Cash Items": 4106000000.0,
      "Stock Based Compensation": 646000000.0,
      "Deferred Tax": -2683000000.0,
      "Deferred Income Tax": -2683000000.0,
      "Depreciation Amortization Depletion": 1767000000.0,
      "Depreciation And Amortization": 1767000000.0,
      "Operating Gains Losses": -224000000.0,
      "Gain Loss On Sale Of PPE": -224000000.0,
      "Gain Loss On Sale Of Business": null,
      "Net Income From Continuing Operations": 10590000000.0
    },
    "2023-12-31T00:00:00": {
      "Free Cash Flow": -3152000000.0,
      "Repurchase Of Capital Stock": -750000000.0,
      "Repayment Of Debt": 0.0,
      "Issuance Of Debt": 3959000000.0,
      "Capital Expenditure": -7392000000.0,
      "End Cash Position": 2819000000.0,
      "Beginning Cash Position": 2067000000.0,
      "Effect Of Exchange Rate Changes": 169000000.0,
      "Changes In Cash": 583000000.0,
      "Financing Cash Flow": 3496000000.0,
      "Cash Flow From Continuing Financing Activities": 3496000000.0,
      "Net Other Financing Charges": -335000000.0,
      "Cash Dividends Paid": -4069000000.0,
      "Common Stock Dividend Paid": -4069000000.0,
      "Net Common Stock Issuance": -750000000.0,
      "Common Stock Payments": -750000000.0,
      "Net Issuance Payments Of Debt": 8650000000.0,
      "Net Short Term Debt Issuance": 4691000000.0,
      "Net Long Term Debt Issuance": 3959000000.0,
      "Long Term Debt Payments": 0.0,
      "Long Term Debt Issuance": 3959000000.0,
      "Investing Cash Flow": -7153000000.0,
      "Cash Flow From Continuing Investing Activities": -7153000000.0,
      "Net Other Investing Changes": -98000000.0,
      "Net Investment Purchase And Sale": -223000000.0,
      "Sale Of Investment": 508000000.0,
      "Purchase Of Investment": -731000000.0,
      "Net Business Purchase And Sale": -1044000000.0,
      "Sale Of Business": null,
      "Purchase Of Business": -1044000000.0,
      "Net Intangibles Purchase And Sale": -2340000000.0,
      "Sale Of Intangibles": 1604000000.0,
      "Purchase Of Intangibles": -3944000000.0,
      "Net PPE Purchase And Sale": -3448000000.0,
      "Purchase Of PPE": -3448000000.0,
      "Operating Cash Flow": 4240000000.0,
      "Cash Flow From Continuing Operating Activities": 4240000000.0,
      "Change In Working Capital": -3055000000.0,
      "Change In Other Current Assets": -3453400000.0,
      "Change In Payables And Accrued Expense": 4274000000.0,
      "Change In Payable": 4274000000.0,
      "Change In Account Payable": 4274000000.0,
      "Change In Tax Payable": null,
      "Change In Income Tax Payable": null,
      "Change In Prepaid Assets": -3453000000.0,
      "Change In Inventory": -1425000000.0,
      "Change In Receivables": -2451000000.0,
      "Other Non Cash Items": 4119000000.0,
      "Stock Based Compensation": 629000000.0,
      "Deferred Tax": -2341000000.0,
      "Deferred Income Tax": -2341000000.0,
      "Depreciation Amortization Depletion": 1527000000.0,
      "Depreciation And Amortization": 1527000000.0,
      "Operating Gains Losses": -1879000000.0,
      "Gain Loss On Sale Of PPE": -1879000000.0,
      "Gain Loss On Sale Of Business": null,
      "Net Income From Continuing Operations": 5240000000.0
    },
    "2022-12-31T00:00:00": {
      "Free Cash Flow": 4600400000.0,
      "Repurchase Of Capital Stock": -1500000000.0,
      "Repayment Of Debt": -1560000000.0,
      "Issuance Of Debt": 0.0,
      "Capital Expenditure": -2985300000.0,
      "End Cash Position": 2067000000.0,
      "Beginning Cash Position": 3818500000.0,
      "Effect Of Exchange Rate Changes": -167600000.0,
      "Changes In Cash": -1583900000.0,
      "Financing Cash Flow": -5406700000.0,
      "Cash Flow From Continuing Financing Activities": -5406700000.0,
      "Net Other Financing Charges": -308900000.0,
      "Cash Dividends Paid": -3535800000.0,
      "Common Stock Dividend Paid": -3535800000.0,
      "Net Common Stock Issuance": -1500000000.0,
      "Common Stock Payments": -1500000000.0,
      "Net Issuance Payments Of Debt": -62000000.0,
      "Net Short Term Debt Issuance": 1498000000.0,
      "Net Long Term Debt Issuance": -1560000000.0,
      "Long Term Debt Payments": -1560000000.0,
      "Long Term Debt Issuance": 0.0,
      "Investing Cash Flow": -3762900000.0,
      "Cash Flow From Continuing Investing Activities": -3762900000.0,
      "Net Other Investing Changes": -302200000.0,
      "Net Investment Purchase And Sale": -244000000.0,
      "Sale Of Investment": 463600000.0,
      "Purchase Of Investment": -707600000.0,
      "Net Business Purchase And Sale": -327200000.0,
      "Sale Of Business": null,
      "Purchase Of Business": -327200000.0,
      "Net Intangibles Purchase And Sale": -1035200000.0,
      "Sale Of Intangibles": 95800000.0,
      "Purchase Of Intangibles": -1131000000.0,
      "Net PPE Purchase And Sale": -1854300000.0,
      "Purchase Of PPE": -1854300000.0,
      "Operating Cash Flow": 7585700000.0,
      "Cash Flow From Continuing Operating Activities": 7585700000.0,
      "Change In Working Capital": -800000.0,
      "Change In Other Current Assets": -793500000.0,
      "Change In Payables And Accrued Expense": 1692000000.0,
      "Change In Payable": 1692000000.0,
      "Change In Account Payable": 1692000000.0,
      "Change In Tax Payable": 346600000.0,
      "Change In Income Tax Payable": 346600000.0,
      "Change In Prepaid Assets": -793500000.0,
      "Change In Inventory": -599700000.0,
      "Change In Receivables": -299600000.0,
      "Other Non Cash Items": 1369800000.0,
      "Stock Based Compensation": 371100000.0,
      "Deferred Tax": -2185200000.0,
      "Deferred Income Tax": -2185200000.0,
      "Depreciation Amortization Depletion": 1522500000.0,
      "Depreciation And Amortization": 1522500000.0,
      "Operating Gains Losses": 263500000.0,
      "Gain Loss On Sale Of PPE": -156500000.0,
      "Gain Loss On Sale Of Business": null,
      "Net Income From Continuing Operations": 6244800000.0
    },
    "2021-12-31T00:00:00": {
      "Free Cash Flow": null,
      "Repurchase Of Capital Stock": null,
      "Repayment Of Debt": null,
      "Issuance Of Debt": null,
      "Capital Expenditure": null,
      "End Cash Position": null,
      "Beginning Cash Position": null,
      "Effect Of Exchange Rate Changes": null,
      "Changes In Cash": null,
      "Financing Cash Flow": null,
      "Cash Flow From Continuing Financing Activities": null,
      "Net Other Financing Charges": null,
      "Cash Dividends Paid": null,
      "Common Stock Dividend Paid": null,
      "Net Common Stock Issuance": null,
      "Common Stock Payments": null,
      "Net Issuance Payments Of Debt": null,
      "Net Short Term Debt Issuance": null,
      "Net Long Term Debt Issuance": null,
      "Long Term Debt Payments": null,
      "Long Term Debt Issuance": null,
      "Investing Cash Flow": null,
      "Cash Flow From Continuing Investing Activities": null,
      "Net Other Investing Changes": null,
      "Net Investment Purchase And Sale": null,
      "Sale Of Investment": null,
      "Purchase Of Investment": null,
      "Net Business Purchase And Sale": null,
      "Sale Of Business": 0.0,
      "Purchase Of Business": null,
      "Net Intangibles Purchase And Sale": null,
      "Sale Of Intangibles": null,
      "Purchase Of Intangibles": null,
      "Net PPE Purchase And Sale": null,
      "Purchase Of PPE": null,
      "Operating Cash Flow": null,
      "Cash Flow From Continuing Operating Activities": null,
      "Change In Working Capital": null,
      "Change In Other Current Assets": 1515400000.0,
      "Change In Payables And Accrued Expense": null,
      "Change In Payable": null,
      "Change In Account Payable": null,
      "Change In Tax Payable": -359700000.0,
      "Change In Income Tax Payable": -359700000.0,
      "Change In Prepaid Assets": null,
      "Change In Inventory": null,
      "Change In Receivables": null,
      "Other Non Cash Items": null,
      "Stock Based Compensation": null,
      "Deferred Tax": null,
      "Deferred Income Tax": null,
      "Depreciation Amortization Depletion": null,
      "Depreciation And Amortization": null,
      "Operating Gains Losses": null,
      "Gain Loss On Sale Of PPE": null,
      "Gain Loss On Sale Of Business": 0.0,
      "Net Income From Continuing Operations": null
    }
  },
  "earnings_estimate": {
    "avg": {
      "0q": 7.24178,
      "+1q": 8.16671,
      "0y": 34.48031,
      "+1y": 41.8899
    },
    "low": {
      "0q": 3.63,
      "+1q": 6.36,
      "0y": 31.2,
      "+1y": 35.16579
    },
    "high": {
      "0q": 8.16384,
      "+1q": 8.87,
      "0y": 38.02,
      "+1y": 46.48
    },
    "yearAgoEps": {
      "0q": 3.34,
      "+1q": 6.31,
      "0y": 24.21,
      "+1y": 34.48031
    },
    "numberOfAnalysts": {
      "0q": 19,
      "+1q": 19,
      "0y": 27,
      "+1y": 27
    },
    "growth": {
      "0q": 1.1682,
      "+1q": 0.2942,
      "0y": 0.42419997,
      "+1y": 0.2149
    }
  },
  "revenue_estimate": {
    "avg": {
      "0q": 17476575240,
      "+1q": 19452629360,
      "0y": 80720211440,
      "+1y": 94370742980
    },
    "low": {
      "0q": 13642000000,
      "+1q": 17324000000,
      "0y": 72200000000,
      "+1y": 81375000000
    },
    "high": {
      "0q": 19014000000,
      "+1q": 20440000000,
      "0y": 88576000000,
      "+1y": 103886000000
    },
    "numberOfAnalysts": {
      "0q": 17,
      "+1q": 17,
      "0y": 28,
      "+1y": 26
    },
    "yearAgoRevenue": {
      "0q": 12728500000,
      "+1q": 15557700000,
      "0y": 65179000000,
      "+1y": 80720211440
    },
    "growth": {
      "0q": 0.373,
      "+1q": 0.2504,
      "0y": 0.2384,
      "+1y": 0.1691
    }
  },
  "growth_estimates": {
    "stockTrend": {
      "0q": 1.1682,
      "+1q": 0.2942,
      "0y": 0.42419997,
      "+1y": 0.2149,
      "LTG": null
    },
    "indexTrend": {
      "0q": 0.1273,
      "+1q": 0.103599995,
      "0y": 0.14310001,
      "+1y": 0.1557,
      "LTG": 0.122
    }
  },
  "revenue_forecasts": null,
  "dividend_rate": 6.23,
  "trailing_dividend_rate": 6.0
}