{
  "ticker": "LR.PA",
  "name": "Legrand",
  "country": "france",
  "currency": "EUR",
  "last_fetched": "2026-02-26T20:44:16.707073",
  "market_cap": 40281649152,
  "revenue": 9480599552,
  "net_income": 1244600064,
  "pe_ratio": 33.17888,
  "forward_pe": 24.464506,
  "dividend_yield": 1.54,
  "profit_margin": 0.13128,
  "roe": 0.1683,
  "debt_to_equity": 90.044,
  "beta": 0.889,
  "ev_to_ebitda": 21.558,
  "sector": "Industrials",
  "industry": "Electrical Equipment & Parts",
  "summary": "Legrand SA, together with its subsidiaries, manufactures, distributes, and sells electrical and digital building infrastructures in Europe, North and Central America, and internationally. The company offers energy distribution, protection, and management solutions, such as electric vehicle charging, residential and small commercial panels, switchboards and power cabinets, and UPS devices; and wiring devices, connected home and building control solutions, and guestroom solutions, as well as back, junction, DCL, and floor boxes. It also provides security, communication, and network solutions, including access security, digital home networks, emergency lighting, fire alarms, IT networks, intercom and door entry, and nurse call systems; conduits and cable management solutions comprising trunking, ducts, tubes, floor boxes, columns and feeders, and workstation solutions; industrial products, which comprises enclosures, connections, transformers and power supply, marking accessories and cable ties, motor control and protection, fuse protection, and industrial plugs and sockets, as well as control, button, and signaling products; installation accessories, including wiring accessories, extension cords, multi-outlet units, cable ties and fasteners, and connection boxes and terminals; and lighting products and accessories. The company's products are used in hotels, offices, data centers, shopping centers, health care, industrial, and residential buildings. It also exports its products to approximately 170 countries. Legrand SA was founded in 1865 and is headquartered in Limoges, France.",
  "website": "https://www.legrandgroup.com",
  "employees": 39611,
  "target_high": 176.0,
  "target_low": 114.0,
  "target_mean": 154.22221,
  "target_median": 155.5,
  "recommendation": "buy",
  "num_analysts": 18,
  "income_stmt": {
    "2024-12-31T00:00:00": {
      "Tax Effect Of Unusual Items": 0.0,
      "Tax Rate For Calcs": 0.259,
      "Normalized EBITDA": 2111500000.0,
      "Net Income From Continuing Operation Net Minority Interest": 1166400000.0,
      "Reconciled Depreciation": 379700000.0,
      "Reconciled Cost Of Revenue": 4182800000.0,
      "EBITDA": 2111500000.0,
      "EBIT": 1731800000.0,
      "Net Interest Income": -50900000.0,
      "Interest Expense": 153900000.0,
      "Interest Income": 103000000.0,
      "Normalized Income": 1166400000.0,
      "Net Income From Continuing And Discontinued Operation": 1166400000.0,
      "Total Expenses": 7006200000.0,
      "Total Operating Income As Reported": 1642700000.0,
      "Diluted Average Shares": 263709361.0,
      "Basic Average Shares": 261976092.0,
      "Diluted EPS": 4.423,
      "Basic EPS": 4.452,
      "Diluted NI Availto Com Stockholders": 1166400000.0,
      "Net Income Common Stockholders": 1166400000.0,
      "Otherunder Preferred Stock Dividend": 0.0,
      "Net Income": 1166400000.0,
      "Minority Interests": -2500000.0,
      "Net Income Including Noncontrolling Interests": 1168900000.0,
      "Net Income Continuous Operations": 1168900000.0,
      "Tax Provision": 409000000.0,
      "Pretax Income": 1577900000.0,
      "Net Non Operating Interest Income Expense": -50900000.0,
      "Interest Expense Non Operating": 153900000.0,
      "Interest Income Non Operating": 103000000.0,
      "Operating Income": 1642700000.0,
      "Operating Expense": 2823400000.0,
      "Other Operating Expenses": 139700000.0,
      "Research And Development": 406100000.0,
      "Selling General And Administration": 2277600000.0,
      "General And Administrative Expense": 2277600000.0,
      "Gross Profit": 4466100000.0,
      "Cost Of Revenue": 4182800000.0,
      "Total Revenue": 8648900000.0,
      "Operating Revenue": 8648900000.0
    },
    "2023-12-31T00:00:00": {
      "Tax Effect Of Unusual Items": 0.0,
      "Tax Rate For Calcs": 0.258841,
      "Normalized EBITDA": 2040700000.0,
      "Net Income From Continuing Operation Net Minority Interest": 1148500000.0,
      "Reconciled Depreciation": 370100000.0,
      "Reconciled Cost Of Revenue": 4018000000.0,
      "EBITDA": 2040700000.0,
      "EBIT": 1670600000.0,
      "Net Interest Income": -33400000.0,
      "Interest Expense": 121000000.0,
      "Interest Income": 87600000.0,
      "Normalized Income": 1148500000.0,
      "Net Income From Continuing And Discontinued Operation": 1148500000.0,
      "Total Expenses": 6825300000.0,
      "Total Operating Income As Reported": 1591600000.0,
      "Diluted Average Shares": 266853396.0,
      "Basic Average Shares": 265083085.0,
      "Diluted EPS": 4.304,
      "Basic EPS": 4.333,
      "Diluted NI Availto Com Stockholders": 1148500000.0,
      "Net Income Common Stockholders": 1148500000.0,
      "Otherunder Preferred Stock Dividend": 0.0,
      "Net Income": 1148500000.0,
      "Minority Interests": 0.0,
      "Net Income Including Noncontrolling Interests": 1148500000.0,
      "Net Income Continuous Operations": 1148500000.0,
      "Tax Provision": 401100000.0,
      "Pretax Income": 1549600000.0,
      "Net Non Operating Interest Income Expense": -33400000.0,
      "Interest Expense Non Operating": 121000000.0,
      "Interest Income Non Operating": 87600000.0,
      "Operating Income": 1591600000.0,
      "Operating Expense": 2807300000.0,
      "Other Operating Expenses": 234800000.0,
      "Research And Development": 376300000.0,
      "Selling General And Administration": 2196200000.0,
      "General And Administrative Expense": 2196200000.0,
      "Gross Profit": 4398900000.0,
      "Cost Of Revenue": 4018000000.0,
      "Total Revenue": 8416900000.0,
      "Operating Revenue": 8416900000.0
    },
    "2022-12-31T00:00:00": {
      "Tax Effect Of Unusual Items": 0.0,
      "Tax Rate For Calcs": 0.277,
      "Normalized EBITDA": 1876100000.0,
      "Net Income From Continuing Operation Net Minority Interest": 999500000.0,
      "Reconciled Depreciation": 384200000.0,
      "Reconciled Cost Of Revenue": 4192700000.0,
      "EBITDA": 1876100000.0,
      "EBIT": 1491900000.0,
      "Net Interest Income": -62800000.0,
      "Interest Expense": 108600000.0,
      "Interest Income": 45800000.0,
      "Normalized Income": 999500000.0,
      "Net Income From Continuing And Discontinued Operation": 999500000.0,
      "Total Expenses": 6892900000.0,
      "Total Operating Income As Reported": 1446500000.0,
      "Diluted Average Shares": 268284732.0,
      "Basic Average Shares": 266608415.0,
      "Diluted EPS": 3.726,
      "Basic EPS": 3.749,
      "Diluted NI Availto Com Stockholders": 999500000.0,
      "Net Income Common Stockholders": 999500000.0,
      "Otherunder Preferred Stock Dividend": 0.0,
      "Net Income": 999500000.0,
      "Minority Interests": 0.0,
      "Net Income Including Noncontrolling Interests": 999500000.0,
      "Net Income Continuous Operations": 999500000.0,
      "Tax Provision": 383800000.0,
      "Pretax Income": 1383300000.0,
      "Net Non Operating Interest Income Expense": -62800000.0,
      "Interest Expense Non Operating": 108600000.0,
      "Interest Income Non Operating": 45800000.0,
      "Operating Income": 1446500000.0,
      "Operating Expense": 2700200000.0,
      "Other Operating Expenses": 288200000.0,
      "Research And Development": 357400000.0,
      "Selling General And Administration": 2054600000.0,
      "General And Administrative Expense": 2054600000.0,
      "Gross Profit": 4146700000.0,
      "Cost Of Revenue": 4192700000.0,
      "Total Revenue": 8339400000.0,
      "Operating Revenue": 8339400000.0
    },
    "2021-12-31T00:00:00": {
      "Tax Effect Of Unusual Items": 0.0,
      "Tax Rate For Calcs": 0.28,
      "Normalized EBITDA": 1655800000.0,
      "Net Income From Continuing Operation Net Minority Interest": 904500000.0,
      "Reconciled Depreciation": 306400000.0,
      "Reconciled Cost Of Revenue": 3439200000.0,
      "EBITDA": 1655800000.0,
      "EBIT": 1349400000.0,
      "Net Interest Income": -85600000.0,
      "Interest Expense": 92400000.0,
      "Interest Income": 6800000.0,
      "Normalized Income": 904500000.0,
      "Net Income From Continuing And Discontinued Operation": 904500000.0,
      "Total Expenses": 5650100000.0,
      "Total Operating Income As Reported": 1344100000.0,
      "Diluted Average Shares": 268684386.0,
      "Basic Average Shares": 266896342.0,
      "Diluted EPS": 3.366,
      "Basic EPS": 3.389,
      "Diluted NI Availto Com Stockholders": 904500000.0,
      "Net Income Common Stockholders": 904500000.0,
      "Otherunder Preferred Stock Dividend": 0.0,
      "Net Income": 904500000.0,
      "Minority Interests": -600000.0,
      "Net Income Including Noncontrolling Interests": 905100000.0,
      "Net Income Continuous Operations": 905100000.0,
      "Tax Provision": 351900000.0,
      "Pretax Income": 1257000000.0,
      "Net Non Operating Interest Income Expense": -85600000.0,
      "Interest Expense Non Operating": 92400000.0,
      "Interest Income Non Operating": 6800000.0,
      "Operating Income": 1344100000.0,
      "Operating Expense": 2210900000.0,
      "Other Operating Expenses": 116800000.0,
      "Research And Development": 329100000.0,
      "Selling General And Administration": 1765000000.0,
      "General And Administrative Expense": 1765000000.0,
      "Gross Profit": 3555000000.0,
      "Cost Of Revenue": 3439200000.0,
      "Total Revenue": 6994200000.0,
      "Operating Revenue": 6994200000.0
    }
  },
  "quarterly_income": {
    "2025-06-30T00:00:00": {
      "Tax Effect Of Unusual Items": 0.0,
      "Tax Rate For Calcs": 0.279734,
      "Normalized EBITDA": 609100000.0,
      "Net Income From Continuing Operation Net Minority Interest": 334800000.0,
      "Reconciled Depreciation": 104600000.0,
      "Reconciled Cost Of Revenue": 1218100000.0,
      "EBITDA": 609100000.0,
      "EBIT": 504500000.0,
      "Net Interest Income": -18300000.0,
      "Interest Expense": 38700000.0,
      "Interest Income": 20400000.0,
      "Normalized Income": 334800000.0,
      "Net Income From Continuing And Discontinued Operation": 334800000.0,
      "Total Expenses": 1999700000.0,
      "Total Operating Income As Reported": 496800000.0,
      "Diluted Average Shares": null,
      "Basic Average Shares": null,
      "Diluted EPS": null,
      "Basic EPS": null,
      "Diluted NI Availto Com Stockholders": 334800000.0,
      "Net Income Common Stockholders": 334800000.0,
      "Otherunder Preferred Stock Dividend": 0.0,
      "Net Income": 334800000.0,
      "Minority Interests": -700000.0,
      "Net Income Including Noncontrolling Interests": 335500000.0,
      "Net Income Continuous Operations": 335500000.0,
      "Tax Provision": 130300000.0,
      "Pretax Income": 465800000.0,
      "Net Non Operating Interest Income Expense": -18300000.0,
      "Interest Expense Non Operating": 38700000.0,
      "Interest Income Non Operating": 20400000.0,
      "Operating Income": 496800000.0,
      "Operating Expense": 781600000.0,
      "Other Operating Expenses": 46200000.0,
      "Research And Development": 101200000.0,
      "Selling General And Administration": 634200000.0,
      "General And Administrative Expense": 634200000.0,
      "Gross Profit": 1278400000.0,
      "Cost Of Revenue": 1218100000.0,
      "Total Revenue": 2496500000.0,
      "Operating Revenue": 2496500000.0
    },
    "2025-03-31T00:00:00": {
      "Tax Effect Of Unusual Items": 0.0,
      "Tax Rate For Calcs": 0.280088,
      "Normalized EBITDA": 540600000.0,
      "Net Income From Continuing Operation Net Minority Interest": 293300000.0,
      "Reconciled Depreciation": 93900000.0,
      "Reconciled Cost Of Revenue": 1083800000.0,
      "EBITDA": 540600000.0,
      "EBIT": 446700000.0,
      "Net Interest Income": -20300000.0,
      "Interest Expense": 37900000.0,
      "Interest Income": 17600000.0,
      "Normalized Income": 293300000.0,
      "Net Income From Continuing And Discontinued Operation": 293300000.0,
      "Total Expenses": 1843600000.0,
      "Total Operating Income As Reported": 434200000.0,
      "Diluted Average Shares": 261875000.0,
      "Basic Average Shares": 261875000.0,
      "Diluted EPS": 1.12,
      "Basic EPS": 1.12,
      "Diluted NI Availto Com Stockholders": 293300000.0,
      "Net Income Common Stockholders": 293300000.0,
      "Otherunder Preferred Stock Dividend": 0.0,
      "Net Income": 293300000.0,
      "Minority Interests": -1000000.0,
      "Net Income Including Noncontrolling Interests": 294300000.0,
      "Net Income Continuous Operations": 294300000.0,
      "Tax Provision": 114500000.0,
      "Pretax Income": 408800000.0,
      "Net Non Operating Interest Income Expense": -20300000.0,
      "Interest Expense Non Operating": 37900000.0,
      "Interest Income Non Operating": 17600000.0,
      "Operating Income": 434200000.0,
      "Operating Expense": 759800000.0,
      "Other Operating Expenses": 44200000.0,
      "Research And Development": 104000000.0,
      "Selling General And Administration": 611600000.0,
      "General And Administrative Expense": 611600000.0,
      "Gross Profit": 1194000000.0,
      "Cost Of Revenue": 1083800000.0,
      "Total Revenue": 2277800000.0,
      "Operating Revenue": 2277800000.0
    },
    "2024-12-31T00:00:00": {
      "Tax Effect Of Unusual Items": 0.0,
      "Tax Rate For Calcs": 0.232004,
      "Normalized EBITDA": 596800000.0,
      "Net Income From Continuing Operation Net Minority Interest": 332700000.0,
      "Reconciled Depreciation": 117300000.0,
      "Reconciled Cost Of Revenue": 1200200000.0,
      "EBITDA": 596800000.0,
      "EBIT": 479500000.0,
      "Net Interest Income": -19300000.0,
      "Interest Expense": 43300000.0,
      "Interest Income": 24000000.0,
      "Normalized Income": 332700000.0,
      "Net Income From Continuing And Discontinued Operation": 332700000.0,
      "Total Expenses": 1966900000.0,
      "Total Operating Income As Reported": 453000000.0,
      "Diluted Average Shares": null,
      "Basic Average Shares": null,
      "Diluted EPS": null,
      "Basic EPS": null,
      "Diluted NI Availto Com Stockholders": 332700000.0,
      "Net Income Common Stockholders": 332700000.0,
      "Otherunder Preferred Stock Dividend": 0.0,
      "Net Income": 332700000.0,
      "Minority Interests": -2300000.0,
      "Net Income Including Noncontrolling Interests": 335000000.0,
      "Net Income Continuous Operations": 335000000.0,
      "Tax Provision": 101200000.0,
      "Pretax Income": 436200000.0,
      "Net Non Operating Interest Income Expense": -19300000.0,
      "Interest Expense Non Operating": 43300000.0,
      "Interest Income Non Operating": 24000000.0,
      "Operating Income": 453000000.0,
      "Operating Expense": 766700000.0,
      "Other Operating Expenses": 38000000.0,
      "Research And Development": 115300000.0,
      "Selling General And Administration": 613400000.0,
      "General And Administrative Expense": 613400000.0,
      "Gross Profit": 1219700000.0,
      "Cost Of Revenue": 1200200000.0,
      "Total Revenue": 2419900000.0,
      "Operating Revenue": 2419900000.0
    },
    "2024-09-30T00:00:00": {
      "Tax Effect Of Unusual Items": 0.0,
      "Tax Rate For Calcs": 0.269253,
      "Normalized EBITDA": 475000000.0,
      "Net Income From Continuing Operation Net Minority Interest": 256100000.0,
      "Reconciled Depreciation": 85600000.0,
      "Reconciled Cost Of Revenue": 986500000.0,
      "EBITDA": 475000000.0,
      "EBIT": 389400000.0,
      "Net Interest Income": -19900000.0,
      "Interest Expense": 38800000.0,
      "Interest Income": 18900000.0,
      "Normalized Income": 256100000.0,
      "Net Income From Continuing And Discontinued Operation": 256100000.0,
      "Total Expenses": 1640500000.0,
      "Total Operating Income As Reported": 378200000.0,
      "Diluted Average Shares": null,
      "Basic Average Shares": null,
      "Diluted EPS": null,
      "Basic EPS": null,
      "Diluted NI Availto Com Stockholders": 256100000.0,
      "Net Income Common Stockholders": 256100000.0,
      "Otherunder Preferred Stock Dividend": 0.0,
      "Net Income": 256100000.0,
      "Minority Interests": -100000.0,
      "Net Income Including Noncontrolling Interests": 256200000.0,
      "Net Income Continuous Operations": 256200000.0,
      "Tax Provision": 94400000.0,
      "Pretax Income": 350600000.0,
      "Net Non Operating Interest Income Expense": -19900000.0,
      "Interest Expense Non Operating": 38800000.0,
      "Interest Income Non Operating": 18900000.0,
      "Operating Income": 378200000.0,
      "Operating Expense": 654000000.0,
      "Other Operating Expenses": 32100000.0,
      "Research And Development": 93800000.0,
      "Selling General And Administration": 528100000.0,
      "General And Administrative Expense": 528100000.0,
      "Gross Profit": 1032200000.0,
      "Cost Of Revenue": 986500000.0,
      "Total Revenue": 2018700000.0,
      "Operating Revenue": 2018700000.0
    },
    "2024-06-30T00:00:00": {
      "Tax Effect Of Unusual Items": 0.0,
      "Tax Rate For Calcs": 0.278469,
      "Normalized EBITDA": 548600000.0,
      "Net Income From Continuing Operation Net Minority Interest": 301700000.0,
      "Reconciled Depreciation": 93200000.0,
      "Reconciled Cost Of Revenue": 1044100000.0,
      "EBITDA": 548600000.0,
      "EBIT": 455400000.0,
      "Net Interest Income": -6300000.0,
      "Interest Expense": 37400000.0,
      "Interest Income": 31100000.0,
      "Normalized Income": 301700000.0,
      "Net Income From Continuing And Discontinued Operation": 301700000.0,
      "Total Expenses": 1758100000.0,
      "Total Operating Income As Reported": 424000000.0,
      "Diluted Average Shares": null,
      "Basic Average Shares": null,
      "Diluted EPS": null,
      "Basic EPS": null,
      "Diluted NI Availto Com Stockholders": 301700000.0,
      "Net Income Common Stockholders": 301700000.0,
      "Otherunder Preferred Stock Dividend": 0.0,
      "Net Income": 301700000.0,
      "Minority Interests": 100000.0,
      "Net Income Including Noncontrolling Interests": 301600000.0,
      "Net Income Continuous Operations": 301600000.0,
      "Tax Provision": 116400000.0,
      "Pretax Income": 418000000.0,
      "Net Non Operating Interest Income Expense": -6300000.0,
      "Interest Expense Non Operating": 37400000.0,
      "Interest Income Non Operating": 31100000.0,
      "Operating Income": 424000000.0,
      "Operating Expense": 714000000.0,
      "Other Operating Expenses": 37400000.0,
      "Research And Development": 99800000.0,
      "Selling General And Administration": 576800000.0,
      "General And Administrative Expense": 576800000.0,
      "Gross Profit": 1138000000.0,
      "Cost Of Revenue": 1044100000.0,
      "Total Revenue": 2182100000.0,
      "Operating Revenue": 2182100000.0
    }
  },
  "balance_sheet": {
    "2024-12-31T00:00:00": {
      "Treasury Shares Number": 114876.0,
      "Ordinary Shares Number": 262130857.0,
      "Share Issued": 262245733.0,
      "Net Debt": 2692100000.0,
      "Total Debt": 5086200000.0,
      "Tangible Book Value": -2011100000.0,
      "Invested Capital": 12297700000.0,
      "Working Capital": 2385200000.0,
      "Net Tangible Assets": -2011100000.0,
      "Capital Lease Obligations": 318900000.0,
      "Common Stock Equity": 7530400000.0,
      "Total Capitalization": 11931900000.0,
      "Total Equity Gross Minority Interest": 7548100000.0,
      "Minority Interest": 17700000.0,
      "Stockholders Equity": 7530400000.0,
      "Retained Earnings": 6679900000.0,
      "Capital Stock": 1049000000.0,
      "Common Stock": 1049000000.0,
      "Total Liabilities Net Minority Interest": 8526900000.0,
      "Total Non Current Liabilities Net Minority Interest": 5951400000.0,
      "Non Current Pension And Other Postretirement Benefit Plans": 137600000.0,
      "Non Current Deferred Taxes Liabilities": 1004000000.0,
      "Long Term Debt And Capital Lease Obligation": 4642700000.0,
      "Long Term Capital Lease Obligation": 241200000.0,
      "Long Term Debt": 4401500000.0,
      "Long Term Provisions": 167100000.0,
      "Current Liabilities": 2575500000.0,
      "Other Current Liabilities": 70900000.0,
      "Current Debt And Capital Lease Obligation": 443500000.0,
      "Current Capital Lease Obligation": 77700000.0,
      "Current Debt": 365800000.0,
      "Pensionand Other Post Retirement Benefit Plans Current": 379800000.0,
      "Current Provisions": 178100000.0,
      "Payables": 1206600000.0,
      "Other Payable": 88400000.0,
      "Total Tax Payable": 154600000.0,
      "Accounts Payable": 963600000.0,
      "Total Assets": 16075000000.0,
      "Total Non Current Assets": 11114300000.0,
      "Other Non Current Assets": 142400000.0,
      "Non Current Deferred Taxes Assets": 178700000.0,
      "Other Investments": 43000000.0,
      "Investmentin Financial Assets": 0.0,
      "Available For Sale Securities": null,
      "Financial Assets Designatedas Fair Value Through Profitor Loss Total": null,
      "Long Term Equity Investment": 0.0,
      "Investments In Other Ventures Under Equity Method": 0.0,
      "Goodwill And Other Intangible Assets": 9541500000.0,
      "Other Intangible Assets": 2644300000.0,
      "Goodwill": 6897200000.0,
      "Net PPE": 1208700000.0,
      "Accumulated Depreciation": -2794900000.0,
      "Gross PPE": 4003600000.0,
      "Construction In Progress": 453000000.0,
      "Other Properties": 98500000.0,
      "Machinery Furniture Equipment": 2089700000.0,
      "Buildings And Improvements": 1307700000.0,
      "Land And Improvements": 54700000.0,
      "Properties": 0.0,
      "Current Assets": 4960700000.0,
      "Other Current Assets": null,
      "Restricted Cash": 5500000.0,
      "Prepaid Assets": 75600000.0,
      "Inventory": 1320900000.0,
      "Inventories Adjustments Allowances": -265800000.0,
      "Finished Goods": 810700000.0,
      "Work In Process": 164500000.0,
      "Raw Materials": 611500000.0,
      "Other Receivables": 63000000.0,
      "Taxes Receivable": 368200000.0,
      "Accounts Receivable": 1051000000.0,
      "Allowance For Doubtful Accounts Receivable": -96300000.0,
      "Gross Accounts Receivable": 1147300000.0,
      "Cash Cash Equivalents And Short Term Investments": 2076500000.0,
      "Other Short Term Investments": 1300000.0,
      "Cash And Cash Equivalents": 2075200000.0
    },
    "2023-12-31T00:00:00": {
      "Treasury Shares Number": 1863478.0,
      "Ordinary Shares Number": 262167814.0,
      "Share Issued": 264031292.0,
      "Net Debt": 1754500000.0,
      "Total Debt": 4821300000.0,
      "Tangible Book Value": -1190400000.0,
      "Invested Capital": 11259400000.0,
      "Working Capital": 2730600000.0,
      "Net Tangible Assets": -1190400000.0,
      "Capital Lease Obligations": 284600000.0,
      "Common Stock Equity": 6722700000.0,
      "Total Capitalization": 10595400000.0,
      "Total Equity Gross Minority Interest": 6734700000.0,
      "Minority Interest": 12000000.0,
      "Stockholders Equity": 6722700000.0,
      "Retained Earnings": 6126500000.0,
      "Capital Stock": 1056100000.0,
      "Common Stock": 1056100000.0,
      "Total Liabilities Net Minority Interest": 8106700000.0,
      "Total Non Current Liabilities Net Minority Interest": 5332300000.0,
      "Non Current Pension And Other Postretirement Benefit Plans": 136200000.0,
      "Non Current Deferred Taxes Liabilities": 930300000.0,
      "Long Term Debt And Capital Lease Obligation": 4089000000.0,
      "Long Term Capital Lease Obligation": 216300000.0,
      "Long Term Debt": 3872700000.0,
      "Long Term Provisions": 176800000.0,
      "Current Liabilities": 2774400000.0,
      "Other Current Liabilities": 76300000.0,
      "Current Debt And Capital Lease Obligation": 732300000.0,
      "Current Capital Lease Obligation": 68300000.0,
      "Current Debt": 664000000.0,
      "Pensionand Other Post Retirement Benefit Plans Current": 362000000.0,
      "Current Provisions": 153900000.0,
      "Payables": 1191100000.0,
      "Other Payable": 81400000.0,
      "Total Tax Payable": 173200000.0,
      "Accounts Payable": 936500000.0,
      "Total Assets": 14841400000.0,
      "Total Non Current Assets": 9336400000.0,
      "Other Non Current Assets": 145500000.0,
      "Non Current Deferred Taxes Assets": 141000000.0,
      "Other Investments": 27700000.0,
      "Investmentin Financial Assets": 0.0,
      "Available For Sale Securities": 27700000.0,
      "Financial Assets Designatedas Fair Value Through Profitor Loss Total": null,
      "Long Term Equity Investment": null,
      "Investments In Other Ventures Under Equity Method": null,
      "Goodwill And Other Intangible Assets": 7913100000.0,
      "Other Intangible Assets": 2436900000.0,
      "Goodwill": 5476200000.0,
      "Net PPE": 1109100000.0,
      "Accumulated Depreciation": -2669200000.0,
      "Gross PPE": 3778300000.0,
      "Construction In Progress": 432800000.0,
      "Other Properties": 78800000.0,
      "Machinery Furniture Equipment": 1987400000.0,
      "Buildings And Improvements": 1225300000.0,
      "Land And Improvements": 54000000.0,
      "Properties": 0.0,
      "Current Assets": 5505000000.0,
      "Other Current Assets": null,
      "Restricted Cash": 33200000.0,
      "Prepaid Assets": 69300000.0,
      "Inventory": 1222300000.0,
      "Inventories Adjustments Allowances": -239000000.0,
      "Finished Goods": 736900000.0,
      "Work In Process": 134900000.0,
      "Raw Materials": 589500000.0,
      "Other Receivables": 68900000.0,
      "Taxes Receivable": 357400000.0,
      "Accounts Receivable": 969900000.0,
      "Allowance For Doubtful Accounts Receivable": -95900000.0,
      "Gross Accounts Receivable": 1065800000.0,
      "Cash Cash Equivalents And Short Term Investments": 2784000000.0,
      "Other Short Term Investments": 1800000.0,
      "Cash And Cash Equivalents": 2782200000.0
    },
    "2022-12-31T00:00:00": {
      "Treasury Shares Number": 149515.0,
      "Ordinary Shares Number": 266668231.0,
      "Share Issued": 266817746.0,
      "Net Debt": 2056000000.0,
      "Total Debt": 4665700000.0,
      "Tangible Book Value": -1464900000.0,
      "Invested Capital": 11026600000.0,
      "Working Capital": 2607400000.0,
      "Net Tangible Assets": -1464900000.0,
      "Capital Lease Obligations": 276300000.0,
      "Common Stock Equity": 6637200000.0,
      "Total Capitalization": 10444100000.0,
      "Total Equity Gross Minority Interest": 6642800000.0,
      "Minority Interest": 5600000.0,
      "Stockholders Equity": 6637200000.0,
      "Retained Earnings": 5900300000.0,
      "Capital Stock": 1067300000.0,
      "Common Stock": 1067300000.0,
      "Total Liabilities Net Minority Interest": 7772400000.0,
      "Total Non Current Liabilities Net Minority Interest": 5276500000.0,
      "Non Current Pension And Other Postretirement Benefit Plans": 130100000.0,
      "Non Current Deferred Taxes Liabilities": 914600000.0,
      "Long Term Debt And Capital Lease Obligation": 4014400000.0,
      "Long Term Capital Lease Obligation": 207500000.0,
      "Long Term Debt": 3806900000.0,
      "Long Term Provisions": 217400000.0,
      "Current Liabilities": 2495900000.0,
      "Other Current Liabilities": 73300000.0,
      "Current Debt And Capital Lease Obligation": 651300000.0,
      "Current Capital Lease Obligation": 68800000.0,
      "Current Debt": 582500000.0,
      "Pensionand Other Post Retirement Benefit Plans Current": 339100000.0,
      "Current Provisions": 146400000.0,
      "Payables": 1053900000.0,
      "Other Payable": 55700000.0,
      "Total Tax Payable": 145700000.0,
      "Accounts Payable": 852500000.0,
      "Total Assets": 14415200000.0,
      "Total Non Current Assets": 9311900000.0,
      "Other Non Current Assets": 62100000.0,
      "Non Current Deferred Taxes Assets": 133600000.0,
      "Other Investments": 1900000.0,
      "Investmentin Financial Assets": 0.0,
      "Available For Sale Securities": 1900000.0,
      "Financial Assets Designatedas Fair Value Through Profitor Loss Total": null,
      "Long Term Equity Investment": null,
      "Investments In Other Ventures Under Equity Method": null,
      "Goodwill And Other Intangible Assets": 8102100000.0,
      "Other Intangible Assets": 2534700000.0,
      "Goodwill": 5567400000.0,
      "Net PPE": 1012200000.0,
      "Accumulated Depreciation": -2712100000.0,
      "Gross PPE": 3724300000.0,
      "Construction In Progress": 400700000.0,
      "Other Properties": 75100000.0,
      "Machinery Furniture Equipment": 1938200000.0,
      "Buildings And Improvements": 1259600000.0,
      "Land And Improvements": 50700000.0,
      "Properties": 0.0,
      "Current Assets": 5103300000.0,
      "Other Current Assets": null,
      "Restricted Cash": 13400000.0,
      "Prepaid Assets": 82700000.0,
      "Inventory": 1357400000.0,
      "Inventories Adjustments Allowances": -241900000.0,
      "Finished Goods": 842700000.0,
      "Work In Process": 137400000.0,
      "Raw Materials": 619200000.0,
      "Other Receivables": 47900000.0,
      "Taxes Receivable": 245300000.0,
      "Accounts Receivable": 958100000.0,
      "Allowance For Doubtful Accounts Receivable": -100600000.0,
      "Gross Accounts Receivable": 1058700000.0,
      "Cash Cash Equivalents And Short Term Investments": 2398500000.0,
      "Other Short Term Investments": 65100000.0,
      "Cash And Cash Equivalents": 2333400000.0
    },
    "2021-12-31T00:00:00": {
      "Treasury Shares Number": 678176.0,
      "Ordinary Shares Number": 266769570.0,
      "Share Issued": 267447746.0,
      "Net Debt": 2252300000.0,
      "Total Debt": 5312500000.0,
      "Tangible Book Value": -2010000000.0,
      "Invested Capital": 6480900000.0,
      "Working Capital": 2544600000.0,
      "Net Tangible Assets": -2010000000.0,
      "Capital Lease Obligations": 62200000.0,
      "Common Stock Equity": 5716500000.0,
      "Total Capitalization": 5716500000.0,
      "Total Equity Gross Minority Interest": 5720300000.0,
      "Minority Interest": 3800000.0,
      "Stockholders Equity": 5716500000.0,
      "Retained Earnings": 5268500000.0,
      "Capital Stock": 1069800000.0,
      "Common Stock": 1069800000.0,
      "Total Liabilities Net Minority Interest": 8306500000.0,
      "Total Non Current Liabilities Net Minority Interest": 5719700000.0,
      "Non Current Pension And Other Postretirement Benefit Plans": 170700000.0,
      "Non Current Deferred Taxes Liabilities": 866500000.0,
      "Long Term Debt And Capital Lease Obligation": 4485900000.0,
      "Long Term Capital Lease Obligation": 217000000.0,
      "Long Term Debt": 4268900000.0,
      "Long Term Provisions": 196600000.0,
      "Current Liabilities": 2586800000.0,
      "Other Current Liabilities": 75200000.0,
      "Current Debt And Capital Lease Obligation": 826600000.0,
      "Current Capital Lease Obligation": 62200000.0,
      "Current Debt": 764400000.0,
      "Pensionand Other Post Retirement Benefit Plans Current": 345400000.0,
      "Current Provisions": 135800000.0,
      "Payables": 1006000000.0,
      "Other Payable": 66000000.0,
      "Total Tax Payable": 129500000.0,
      "Accounts Payable": 810500000.0,
      "Total Assets": 14026800000.0,
      "Total Non Current Assets": 8895400000.0,
      "Other Non Current Assets": 62600000.0,
      "Non Current Deferred Taxes Assets": 116300000.0,
      "Other Investments": 2400000.0,
      "Investmentin Financial Assets": 0.0,
      "Available For Sale Securities": 2400000.0,
      "Financial Assets Designatedas Fair Value Through Profitor Loss Total": 19000000.0,
      "Long Term Equity Investment": null,
      "Investments In Other Ventures Under Equity Method": null,
      "Goodwill And Other Intangible Assets": 7726500000.0,
      "Other Intangible Assets": 2485300000.0,
      "Goodwill": 5241200000.0,
      "Net PPE": 987600000.0,
      "Accumulated Depreciation": -2549500000.0,
      "Gross PPE": 3537100000.0,
      "Construction In Progress": 368800000.0,
      "Other Properties": 65500000.0,
      "Machinery Furniture Equipment": 1918000000.0,
      "Buildings And Improvements": 1135400000.0,
      "Land And Improvements": 49400000.0,
      "Properties": 0.0,
      "Current Assets": 5131400000.0,
      "Other Current Assets": 240400000.0,
      "Restricted Cash": 7300000.0,
      "Prepaid Assets": 83400000.0,
      "Inventory": 1252700000.0,
      "Inventories Adjustments Allowances": -149700000.0,
      "Finished Goods": 727400000.0,
      "Work In Process": 145700000.0,
      "Raw Materials": 529300000.0,
      "Other Receivables": 35600000.0,
      "Taxes Receivable": 115100000.0,
      "Accounts Receivable": 728500000.0,
      "Allowance For Doubtful Accounts Receivable": -98100000.0,
      "Gross Accounts Receivable": 826600000.0,
      "Cash Cash Equivalents And Short Term Investments": 2787400000.0,
      "Other Short Term Investments": 6400000.0,
      "Cash And Cash Equivalents": 2781000000.0
    }
  },
  "cashflow": {
    "2024-12-31T00:00:00": {
      "Free Cash Flow": 1283700000.0,
      "Repurchase Of Capital Stock": -46300000.0,
      "Repayment Of Debt": -94400000.0,
      "Issuance Of Debt": 801500000.0,
      "Issuance Of Capital Stock": 0.0,
      "Capital Expenditure": -239600000.0,
      "End Cash Position": 2080700000.0,
      "Beginning Cash Position": 2815400000.0,
      "Effect Of Exchange Rate Changes": 13600000.0,
      "Changes In Cash": -748300000.0,
      "Financing Cash Flow": -535800000.0,
      "Net Other Financing Charges": -20300000.0,
      "Cash Dividends Paid": -547000000.0,
      "Common Stock Dividend Paid": -547000000.0,
      "Net Common Stock Issuance": -46300000.0,
      "Common Stock Payments": -46300000.0,
      "Common Stock Issuance": 0.0,
      "Net Issuance Payments Of Debt": 93200000.0,
      "Net Short Term Debt Issuance": -613900000.0,
      "Net Long Term Debt Issuance": 707100000.0,
      "Long Term Debt Payments": -94400000.0,
      "Long Term Debt Issuance": 801500000.0,
      "Investing Cash Flow": -1735800000.0,
      "Net Investment Purchase And Sale": 7400000.0,
      "Purchase Of Investment": null,
      "Net Business Purchase And Sale": -1510400000.0,
      "Purchase Of Business": -1510400000.0,
      "Net PPE Purchase And Sale": 6800000.0,
      "Sale Of PPE": 6800000.0,
      "Capital Expenditure Reported": -239600000.0,
      "Operating Cash Flow": 1523300000.0,
      "Change In Working Capital": -75300000.0,
      "Change In Other Current Assets": -18500000.0,
      "Change In Payable": -11700000.0,
      "Change In Inventory": -56500000.0,
      "Change In Receivables": 11400000.0,
      "Other Non Cash Items": 41800000.0,
      "Deferred Tax": 6700000.0,
      "Depreciation And Amortization": 379700000.0,
      "Amortization Cash Flow": 155400000.0,
      "Depreciation": 224300000.0,
      "Gain Loss On Investment Securities": null,
      "Net Foreign Currency Exchange Gain Loss": 100000.0,
      "Gain Loss On Sale Of Business": 1400000.0,
      "Net Income From Continuing Operations": 1168900000.0
    },
    "2023-12-31T00:00:00": {
      "Free Cash Flow": 1583100000.0,
      "Repurchase Of Capital Stock": -439400000.0,
      "Repayment Of Debt": -79600000.0,
      "Issuance Of Debt": 700000000.0,
      "Issuance Of Capital Stock": 0.0,
      "Capital Expenditure": -253300000.0,
      "End Cash Position": 2815400000.0,
      "Beginning Cash Position": 2346800000.0,
      "Effect Of Exchange Rate Changes": -27500000.0,
      "Changes In Cash": 496100000.0,
      "Financing Cash Flow": -927000000.0,
      "Net Other Financing Charges": -45000000.0,
      "Cash Dividends Paid": -504000000.0,
      "Common Stock Dividend Paid": -504000000.0,
      "Net Common Stock Issuance": -439400000.0,
      "Common Stock Payments": -439400000.0,
      "Common Stock Issuance": 0.0,
      "Net Issuance Payments Of Debt": 64700000.0,
      "Net Short Term Debt Issuance": -555700000.0,
      "Net Long Term Debt Issuance": 620400000.0,
      "Long Term Debt Payments": -79600000.0,
      "Long Term Debt Issuance": 700000000.0,
      "Investing Cash Flow": -413300000.0,
      "Net Investment Purchase And Sale": -69100000.0,
      "Purchase Of Investment": null,
      "Net Business Purchase And Sale": -92600000.0,
      "Purchase Of Business": -92600000.0,
      "Net PPE Purchase And Sale": 1700000.0,
      "Sale Of PPE": 1700000.0,
      "Capital Expenditure Reported": -253300000.0,
      "Operating Cash Flow": 1836400000.0,
      "Change In Working Capital": 235900000.0,
      "Change In Other Current Assets": 38900000.0,
      "Change In Payable": 30000000.0,
      "Change In Inventory": 123900000.0,
      "Change In Receivables": 43100000.0,
      "Other Non Cash Items": 20600000.0,
      "Deferred Tax": 12400000.0,
      "Depreciation And Amortization": 370100000.0,
      "Amortization Cash Flow": 166200000.0,
      "Depreciation": 203900000.0,
      "Gain Loss On Investment Securities": null,
      "Net Foreign Currency Exchange Gain Loss": 4800000.0,
      "Gain Loss On Sale Of Business": 44100000.0,
      "Net Income From Continuing Operations": 1148500000.0
    },
    "2022-12-31T00:00:00": {
      "Free Cash Flow": 1030500000.0,
      "Repurchase Of Capital Stock": -44600000.0,
      "Repayment Of Debt": -106900000.0,
      "Issuance Of Debt": 100000000.0,
      "Issuance Of Capital Stock": 0.0,
      "Capital Expenditure": -205700000.0,
      "End Cash Position": 2346800000.0,
      "Beginning Cash Position": 2788300000.0,
      "Effect Of Exchange Rate Changes": 20200000.0,
      "Changes In Cash": -461700000.0,
      "Financing Cash Flow": -1234400000.0,
      "Net Other Financing Charges": -3300000.0,
      "Cash Dividends Paid": -439300000.0,
      "Common Stock Dividend Paid": -439300000.0,
      "Net Common Stock Issuance": -44600000.0,
      "Common Stock Payments": -44600000.0,
      "Common Stock Issuance": 0.0,
      "Net Issuance Payments Of Debt": -747200000.0,
      "Net Short Term Debt Issuance": -740300000.0,
      "Net Long Term Debt Issuance": -6900000.0,
      "Long Term Debt Payments": -106900000.0,
      "Long Term Debt Issuance": 100000000.0,
      "Investing Cash Flow": -463500000.0,
      "Net Investment Purchase And Sale": -27200000.0,
      "Purchase Of Investment": null,
      "Net Business Purchase And Sale": -235600000.0,
      "Purchase Of Business": -235600000.0,
      "Net PPE Purchase And Sale": 5000000.0,
      "Sale Of PPE": 5000000.0,
      "Capital Expenditure Reported": -205700000.0,
      "Operating Cash Flow": 1236200000.0,
      "Change In Working Capital": -248400000.0,
      "Change In Other Current Assets": -29300000.0,
      "Change In Payable": -13700000.0,
      "Change In Inventory": -47600000.0,
      "Change In Receivables": -157800000.0,
      "Other Non Cash Items": 67800000.0,
      "Deferred Tax": 12600000.0,
      "Depreciation And Amortization": 384200000.0,
      "Amortization Cash Flow": 146600000.0,
      "Depreciation": 237600000.0,
      "Gain Loss On Investment Securities": -600000.0,
      "Net Foreign Currency Exchange Gain Loss": -7100000.0,
      "Gain Loss On Sale Of Business": -600000.0,
      "Net Income From Continuing Operations": 999500000.0
    },
    "2021-12-31T00:00:00": {
      "Free Cash Flow": 942200000.0,
      "Repurchase Of Capital Stock": -91700000.0,
      "Repayment Of Debt": -74200000.0,
      "Issuance Of Debt": 794900000.0,
      "Issuance Of Capital Stock": 0.0,
      "Capital Expenditure": -170500000.0,
      "End Cash Position": 2788300000.0,
      "Beginning Cash Position": 2791700000.0,
      "Effect Of Exchange Rate Changes": 37900000.0,
      "Changes In Cash": -41300000.0,
      "Financing Cash Flow": -687100000.0,
      "Net Other Financing Charges": -48600000.0,
      "Cash Dividends Paid": -377900000.0,
      "Common Stock Dividend Paid": -377900000.0,
      "Net Common Stock Issuance": -91700000.0,
      "Common Stock Payments": -91700000.0,
      "Common Stock Issuance": 0.0,
      "Net Issuance Payments Of Debt": -165900000.0,
      "Net Short Term Debt Issuance": -886600000.0,
      "Net Long Term Debt Issuance": 720700000.0,
      "Long Term Debt Payments": -74200000.0,
      "Long Term Debt Issuance": 794900000.0,
      "Investing Cash Flow": -466900000.0,
      "Net Investment Purchase And Sale": -10400000.0,
      "Purchase Of Investment": -150300000.0,
      "Net Business Purchase And Sale": -296200000.0,
      "Purchase Of Business": -296200000.0,
      "Net PPE Purchase And Sale": 10200000.0,
      "Sale Of PPE": 10200000.0,
      "Capital Expenditure Reported": -170500000.0,
      "Operating Cash Flow": 1112700000.0,
      "Change In Working Capital": -205400000.0,
      "Change In Other Current Assets": 2800000.0,
      "Change In Payable": 140100000.0,
      "Change In Inventory": -351300000.0,
      "Change In Receivables": 3000000.0,
      "Other Non Cash Items": 49900000.0,
      "Deferred Tax": 44500000.0,
      "Depreciation And Amortization": 306400000.0,
      "Amortization Cash Flow": 127000000.0,
      "Depreciation": 179400000.0,
      "Gain Loss On Investment Securities": 700000.0,
      "Net Foreign Currency Exchange Gain Loss": 11500000.0,
      "Gain Loss On Sale Of Business": null,
      "Net Income From Continuing Operations": 905100000.0
    }
  },
  "earnings_estimate": {
    "avg": {
      "0q": 1.42705,
      "+1q": 1.67032,
      "0y": 5.79402,
      "+1y": 6.29279
    },
    "low": {
      "0q": 1.35086,
      "+1q": 1.57065,
      "0y": 5.24,
      "+1y": 5.68
    },
    "high": {
      "0q": 1.49029,
      "+1q": 1.77,
      "0y": 6.27,
      "+1y": 7.04
    },
    "yearAgoEps": {
      "0q": 1.2097,
      "+1q": 1.3667,
      "0y": 5.0988,
      "+1y": 5.79402
    },
    "numberOfAnalysts": {
      "0q": 3,
      "+1q": 2,
      "0y": 17,
      "+1y": 15
    },
    "growth": {
      "0q": 0.17969999,
      "+1q": 0.22219999,
      "0y": 0.1363,
      "+1y": 0.0861
    }
  },
  "revenue_estimate": {
    "avg": {
      "0q": 2473341340,
      "+1q": 2803755060,
      "0y": 10490184860,
      "+1y": 11267894520
    },
    "low": {
      "0q": 2423146000,
      "+1q": 2730711130,
      "0y": 10152400000,
      "+1y": 10535600000
    },
    "high": {
      "0q": 2542000000,
      "+1q": 2876799000,
      "0y": 10947149000,
      "+1y": 12196272000
    },
    "numberOfAnalysts": {
      "0q": 4,
      "+1q": 2,
      "0y": 17,
      "+1y": 17
    },
    "yearAgoRevenue": {
      "0q": 2277800000,
      "+1q": 2496500000,
      "0y": 9480600000,
      "+1y": 10490184860
    },
    "growth": {
      "0q": 0.0858,
      "+1q": 0.123100005,
      "0y": 0.1065,
      "+1y": 0.074099995
    }
  },
  "growth_estimates": {
    "stockTrend": {
      "0q": 0.17969999,
      "+1q": 0.22219999,
      "0y": 0.1363,
      "+1y": 0.0861,
      "LTG": null
    },
    "indexTrend": {
      "0q": 0.1273,
      "+1q": 0.103599995,
      "0y": 0.14310001,
      "+1y": 0.1557,
      "LTG": 0.122
    }
  },
  "revenue_forecasts": null,
  "dividend_rate": 2.38,
  "trailing_dividend_rate": 2.38
}