{
  "ticker": "MA",
  "name": "Mastercard",
  "country": "usa",
  "currency": "USD",
  "last_fetched": "2026-02-26T20:45:22.091105",
  "market_cap": 457561735168,
  "revenue": 32790999040,
  "net_income": 14968000512,
  "pe_ratio": 31.073334,
  "forward_pe": 22.667149,
  "dividend_yield": 0.68,
  "profit_margin": 0.45646998,
  "roe": 2.09915,
  "debt_to_equity": 256.042,
  "beta": 0.821,
  "ev_to_ebitda": 22.548,
  "sector": "Financial Services",
  "industry": "Credit Services",
  "summary": "Mastercard Incorporated, a technology company, provides transaction processing and other payment-related products and services in the United States and internationally. The company offers products and services for account holders, merchants, financial institutions, digital partners, businesses, governments, and other organizations, such as programs that enable issuers to provide consumers with credits to defer payments; payment products and solutions that allow its customers to access funds in deposit and other accounts; prepaid programs services; consumer bill payment services; and commercial credit, debit, and prepaid payment products and solutions. It also provides solutions that enable businesses or governments to make payments to businesses, including Virtual Card Number, which is generated dynamically from an existing account and leverages the credit limit of the funding account; and a platform to optimize supplier payment enablement campaigns for financial institutions. In addition, the company offers Mastercard Move, which partners with digital messaging and payment platforms to enable consumers to send money directly within applications to other consumers; and partners with central banks, fintechs, and financial institutions, as well as enables various cross-border payment flows. Further, it provides security solutions; marketing, personalization, and issuer and merchant loyalty services; business and operational intelligence, advanced analytics and AI, consulting and agentic solutions, and payments and portfolio optimization; digital and authentication; processing and gateway solutions; and other solutions. The company offers payment solutions and services under the MasterCard, Maestro, and Cirrus names. Mastercard Incorporated was founded in 1966 and is headquartered in Purchase, New York.",
  "website": "https://www.mastercard.com",
  "employees": 39800,
  "target_high": 756.0,
  "target_low": 520.0,
  "target_mean": 662.05554,
  "target_median": 667.0,
  "recommendation": "strong_buy",
  "num_analysts": 36,
  "income_stmt": {
    "2025-12-31T00:00:00": {
      "Tax Effect Of Unusual Items": -73840025.837012,
      "Tax Rate For Calcs": 0.194316,
      "Normalized EBITDA": 20823000000.0,
      "Total Unusual Items": -380000000.0,
      "Total Unusual Items Excluding Goodwill": -380000000.0,
      "Net Income From Continuing Operation Net Minority Interest": 14968000000.0,
      "Reconciled Depreciation": 1143000000.0,
      "Reconciled Cost Of Revenue": 7251000000.0,
      "EBITDA": 20443000000.0,
      "EBIT": 19300000000.0,
      "Net Interest Income": -722000000.0,
      "Interest Expense": 722000000.0,
      "Normalized Income": 15274159974.162989,
      "Net Income From Continuing And Discontinued Operation": 14968000000.0,
      "Total Expenses": 13277000000.0,
      "Total Operating Income As Reported": 18897000000.0,
      "Diluted Average Shares": 906000000.0,
      "Basic Average Shares": 905000000.0,
      "Diluted EPS": 16.52,
      "Basic EPS": 16.54,
      "Diluted NI Availto Com Stockholders": 14968000000.0,
      "Net Income Common Stockholders": 14968000000.0,
      "Net Income": 14968000000.0,
      "Net Income Including Noncontrolling Interests": 14968000000.0,
      "Net Income Continuous Operations": 14968000000.0,
      "Tax Provision": 3610000000.0,
      "Pretax Income": 18578000000.0,
      "Other Income Expense": -214000000.0,
      "Other Non Operating Income Expenses": 166000000.0,
      "Special Income Charges": -504000000.0,
      "Other Special Charges": 504000000.0,
      "Gain On Sale Of Security": 124000000.0,
      "Net Non Operating Interest Income Expense": -722000000.0,
      "Interest Expense Non Operating": 722000000.0,
      "Operating Income": 19514000000.0,
      "Operating Expense": 6026000000.0,
      "Depreciation Amortization Depletion Income Statement": 1143000000.0,
      "Depreciation And Amortization In Income Statement": 1143000000.0,
      "Selling General And Administration": 4883000000.0,
      "Selling And Marketing Expense": 929000000.0,
      "General And Administrative Expense": 3954000000.0,
      "Other Gand A": 3954000000.0,
      "Gross Profit": 25540000000.0,
      "Cost Of Revenue": 7251000000.0,
      "Total Revenue": 32791000000.0,
      "Operating Revenue": 32791000000.0
    },
    "2024-12-31T00:00:00": {
      "Tax Effect Of Unusual Items": -69743018.224728,
      "Tax Rate For Calcs": 0.156025,
      "Normalized EBITDA": 17244000000.0,
      "Total Unusual Items": -447000000.0,
      "Total Unusual Items Excluding Goodwill": -447000000.0,
      "Net Income From Continuing Operation Net Minority Interest": 12874000000.0,
      "Reconciled Depreciation": 897000000.0,
      "Reconciled Cost Of Revenue": 6673000000.0,
      "EBITDA": 16797000000.0,
      "EBIT": 15900000000.0,
      "Net Interest Income": -646000000.0,
      "Interest Expense": 646000000.0,
      "Normalized Income": 13251256981.775272,
      "Net Income From Continuing And Discontinued Operation": 12874000000.0,
      "Total Expenses": 11840000000.0,
      "Total Operating Income As Reported": 15582000000.0,
      "Diluted Average Shares": 927000000.0,
      "Basic Average Shares": 925000000.0,
      "Diluted EPS": 13.89,
      "Basic EPS": 13.91,
      "Diluted NI Availto Com Stockholders": 12874000000.0,
      "Net Income Common Stockholders": 12874000000.0,
      "Net Income": 12874000000.0,
      "Net Income Including Noncontrolling Interests": 12874000000.0,
      "Net Income Continuous Operations": 12874000000.0,
      "Tax Provision": 2380000000.0,
      "Pretax Income": 15254000000.0,
      "Other Income Expense": -427000000.0,
      "Other Non Operating Income Expenses": 20000000.0,
      "Special Income Charges": -680000000.0,
      "Other Special Charges": 680000000.0,
      "Gain On Sale Of Security": 233000000.0,
      "Net Non Operating Interest Income Expense": -646000000.0,
      "Interest Expense Non Operating": 646000000.0,
      "Operating Income": 16327000000.0,
      "Operating Expense": 5167000000.0,
      "Depreciation Amortization Depletion Income Statement": 897000000.0,
      "Depreciation And Amortization In Income Statement": 897000000.0,
      "Selling General And Administration": 4270000000.0,
      "Selling And Marketing Expense": 815000000.0,
      "General And Administrative Expense": 3455000000.0,
      "Other Gand A": 3455000000.0,
      "Gross Profit": 21494000000.0,
      "Cost Of Revenue": 6673000000.0,
      "Total Revenue": 28167000000.0,
      "Operating Revenue": 28167000000.0
    },
    "2023-12-31T00:00:00": {
      "Tax Effect Of Unusual Items": -73211000.0,
      "Tax Rate For Calcs": 0.179,
      "Normalized EBITDA": 15422000000.0,
      "Total Unusual Items": -409000000.0,
      "Total Unusual Items Excluding Goodwill": -409000000.0,
      "Net Income From Continuing Operation Net Minority Interest": 11195000000.0,
      "Reconciled Depreciation": 799000000.0,
      "Reconciled Cost Of Revenue": 6022000000.0,
      "EBITDA": 15013000000.0,
      "EBIT": 14214000000.0,
      "Net Interest Income": -575000000.0,
      "Interest Expense": 575000000.0,
      "Normalized Income": 11530789000.0,
      "Net Income From Continuing And Discontinued Operation": 11195000000.0,
      "Total Expenses": 10468000000.0,
      "Total Operating Income As Reported": 14008000000.0,
      "Diluted Average Shares": 946000000.0,
      "Basic Average Shares": 944000000.0,
      "Diluted EPS": 11.83,
      "Basic EPS": 11.86,
      "Diluted NI Availto Com Stockholders": 11195000000.0,
      "Net Income Common Stockholders": 11195000000.0,
      "Net Income": 11195000000.0,
      "Net Income Including Noncontrolling Interests": 11195000000.0,
      "Net Income Continuous Operations": 11195000000.0,
      "Tax Provision": 2444000000.0,
      "Pretax Income": 13639000000.0,
      "Other Income Expense": -416000000.0,
      "Other Non Operating Income Expenses": -7000000.0,
      "Special Income Charges": -539000000.0,
      "Other Special Charges": 539000000.0,
      "Gain On Sale Of Security": 130000000.0,
      "Net Non Operating Interest Income Expense": -575000000.0,
      "Interest Expense Non Operating": 575000000.0,
      "Operating Income": 14630000000.0,
      "Operating Expense": 4446000000.0,
      "Depreciation Amortization Depletion Income Statement": 799000000.0,
      "Depreciation And Amortization In Income Statement": 799000000.0,
      "Selling General And Administration": 3647000000.0,
      "Selling And Marketing Expense": 825000000.0,
      "General And Administrative Expense": 2822000000.0,
      "Other Gand A": 2822000000.0,
      "Gross Profit": 19076000000.0,
      "Cost Of Revenue": 6022000000.0,
      "Total Revenue": 25098000000.0,
      "Operating Revenue": 25098000000.0
    },
    "2022-12-31T00:00:00": {
      "Tax Effect Of Unusual Items": -83468000.0,
      "Tax Rate For Calcs": 0.154,
      "Normalized EBITDA": 13495000000.0,
      "Total Unusual Items": -542000000.0,
      "Total Unusual Items Excluding Goodwill": -542000000.0,
      "Net Income From Continuing Operation Net Minority Interest": 9930000000.0,
      "Reconciled Depreciation": 750000000.0,
      "Reconciled Cost Of Revenue": 5263000000.0,
      "EBITDA": 12953000000.0,
      "EBIT": 12203000000.0,
      "Net Interest Income": -471000000.0,
      "Interest Expense": 471000000.0,
      "Normalized Income": 10388532000.0,
      "Net Income From Continuing And Discontinued Operation": 9930000000.0,
      "Total Expenses": 9515000000.0,
      "Total Operating Income As Reported": 12264000000.0,
      "Diluted Average Shares": 971000000.0,
      "Basic Average Shares": 968000000.0,
      "Diluted EPS": 10.22,
      "Basic EPS": 10.26,
      "Diluted NI Availto Com Stockholders": 9930000000.0,
      "Net Income Common Stockholders": 9930000000.0,
      "Net Income": 9930000000.0,
      "Net Income Including Noncontrolling Interests": 9930000000.0,
      "Net Income Continuous Operations": 9930000000.0,
      "Tax Provision": 1802000000.0,
      "Pretax Income": 11732000000.0,
      "Other Income Expense": -519000000.0,
      "Other Non Operating Income Expenses": 23000000.0,
      "Special Income Charges": -356000000.0,
      "Other Special Charges": 356000000.0,
      "Gain On Sale Of Security": -186000000.0,
      "Net Non Operating Interest Income Expense": -471000000.0,
      "Interest Expense Non Operating": 471000000.0,
      "Operating Income": 12722000000.0,
      "Operating Expense": 4252000000.0,
      "Depreciation Amortization Depletion Income Statement": 750000000.0,
      "Depreciation And Amortization In Income Statement": 750000000.0,
      "Selling General And Administration": 3502000000.0,
      "Selling And Marketing Expense": 789000000.0,
      "General And Administrative Expense": 2713000000.0,
      "Other Gand A": 2713000000.0,
      "Gross Profit": 16974000000.0,
      "Cost Of Revenue": 5263000000.0,
      "Total Revenue": 22237000000.0,
      "Operating Revenue": 22237000000.0
    }
  },
  "quarterly_income": {
    "2025-12-31T00:00:00": {
      "Tax Effect Of Unusual Items": -39662018.04758,
      "Tax Rate For Calcs": 0.16735,
      "Normalized EBITDA": 5569000000.0,
      "Total Unusual Items": -237000000.0,
      "Total Unusual Items Excluding Goodwill": -237000000.0,
      "Net Income From Continuing Operation Net Minority Interest": 4060000000.0,
      "Reconciled Depreciation": 297000000.0,
      "Reconciled Cost Of Revenue": 1818000000.0,
      "EBITDA": 5332000000.0,
      "EBIT": 5035000000.0,
      "Net Interest Income": -159000000.0,
      "Interest Expense": 159000000.0,
      "Normalized Income": 4257337981.95242,
      "Net Income From Continuing And Discontinued Operation": 4060000000.0,
      "Total Expenses": 3677000000.0,
      "Total Operating Income As Reported": 4910000000.0,
      "Diluted Average Shares": 898000000.0,
      "Basic Average Shares": 897000000.0,
      "Diluted EPS": 4.52,
      "Basic EPS": 4.53,
      "Diluted NI Availto Com Stockholders": 4060000000.0,
      "Net Income Common Stockholders": 4060000000.0,
      "Net Income": 4060000000.0,
      "Net Income Including Noncontrolling Interests": 4060000000.0,
      "Net Income Continuous Operations": 4060000000.0,
      "Tax Provision": 816000000.0,
      "Pretax Income": 4876000000.0,
      "Other Income Expense": -94000000.0,
      "Other Non Operating Income Expenses": 143000000.0,
      "Special Income Charges": -174000000.0,
      "Other Special Charges": 174000000.0,
      "Gain On Sale Of Security": -63000000.0,
      "Net Non Operating Interest Income Expense": -159000000.0,
      "Interest Expense Non Operating": 159000000.0,
      "Operating Income": 5129000000.0,
      "Operating Expense": 1859000000.0,
      "Depreciation Amortization Depletion Income Statement": 297000000.0,
      "Depreciation And Amortization In Income Statement": 297000000.0,
      "Selling General And Administration": 1562000000.0,
      "Selling And Marketing Expense": 319000000.0,
      "General And Administrative Expense": 1243000000.0,
      "Other Gand A": 1243000000.0,
      "Gross Profit": 6988000000.0,
      "Cost Of Revenue": 1818000000.0,
      "Total Revenue": 8806000000.0,
      "Operating Revenue": 8806000000.0
    },
    "2025-09-30T00:00:00": {
      "Tax Effect Of Unusual Items": 2795000.0,
      "Tax Rate For Calcs": 0.215,
      "Normalized EBITDA": 5462000000.0,
      "Total Unusual Items": 13000000.0,
      "Total Unusual Items Excluding Goodwill": 13000000.0,
      "Net Income From Continuing Operation Net Minority Interest": 3927000000.0,
      "Reconciled Depreciation": 290000000.0,
      "Reconciled Cost Of Revenue": 1893000000.0,
      "EBITDA": 5475000000.0,
      "EBIT": 5185000000.0,
      "Net Interest Income": -186000000.0,
      "Interest Expense": 186000000.0,
      "Normalized Income": 3916795000.0,
      "Net Income From Continuing And Discontinued Operation": 3927000000.0,
      "Total Expenses": 3432000000.0,
      "Total Operating Income As Reported": 5061000000.0,
      "Diluted Average Shares": 905000000.0,
      "Basic Average Shares": 903000000.0,
      "Diluted EPS": 4.34,
      "Basic EPS": 4.35,
      "Diluted NI Availto Com Stockholders": 3927000000.0,
      "Net Income Common Stockholders": 3927000000.0,
      "Net Income": 3927000000.0,
      "Net Income Including Noncontrolling Interests": 3927000000.0,
      "Net Income Continuous Operations": 3927000000.0,
      "Tax Provision": 1072000000.0,
      "Pretax Income": 4999000000.0,
      "Other Income Expense": 15000000.0,
      "Other Non Operating Income Expenses": 2000000.0,
      "Special Income Charges": -83000000.0,
      "Other Special Charges": 83000000.0,
      "Gain On Sale Of Security": 96000000.0,
      "Net Non Operating Interest Income Expense": -186000000.0,
      "Interest Expense Non Operating": 186000000.0,
      "Operating Income": 5170000000.0,
      "Operating Expense": 1539000000.0,
      "Depreciation Amortization Depletion Income Statement": 290000000.0,
      "Depreciation And Amortization In Income Statement": 290000000.0,
      "Selling General And Administration": 1249000000.0,
      "Selling And Marketing Expense": 245000000.0,
      "General And Administrative Expense": 1004000000.0,
      "Other Gand A": 1004000000.0,
      "Gross Profit": 6709000000.0,
      "Cost Of Revenue": 1893000000.0,
      "Total Revenue": 8602000000.0,
      "Operating Revenue": 8602000000.0
    },
    "2025-06-30T00:00:00": {
      "Tax Effect Of Unusual Items": -13104000.0,
      "Tax Rate For Calcs": 0.208,
      "Normalized EBITDA": 5211000000.0,
      "Total Unusual Items": -63000000.0,
      "Total Unusual Items Excluding Goodwill": -63000000.0,
      "Net Income From Continuing Operation Net Minority Interest": 3701000000.0,
      "Reconciled Depreciation": 281000000.0,
      "Reconciled Cost Of Revenue": 1852000000.0,
      "EBITDA": 5148000000.0,
      "EBIT": 4867000000.0,
      "Net Interest Income": -195000000.0,
      "Interest Expense": 195000000.0,
      "Normalized Income": 3750896000.0,
      "Net Income From Continuing And Discontinued Operation": 3701000000.0,
      "Total Expenses": 3219000000.0,
      "Total Operating Income As Reported": 4777000000.0,
      "Diluted Average Shares": 909000000.0,
      "Basic Average Shares": 908000000.0,
      "Diluted EPS": 4.07,
      "Basic EPS": 4.08,
      "Diluted NI Availto Com Stockholders": 3701000000.0,
      "Net Income Common Stockholders": 3701000000.0,
      "Net Income": 3701000000.0,
      "Net Income Including Noncontrolling Interests": 3701000000.0,
      "Net Income Continuous Operations": 3701000000.0,
      "Tax Provision": 971000000.0,
      "Pretax Income": 4672000000.0,
      "Other Income Expense": -47000000.0,
      "Other Non Operating Income Expenses": 16000000.0,
      "Special Income Charges": -96000000.0,
      "Other Special Charges": 96000000.0,
      "Gain On Sale Of Security": 33000000.0,
      "Net Non Operating Interest Income Expense": -195000000.0,
      "Interest Expense Non Operating": 195000000.0,
      "Operating Income": 4914000000.0,
      "Operating Expense": 1367000000.0,
      "Depreciation Amortization Depletion Income Statement": 281000000.0,
      "Depreciation And Amortization In Income Statement": 281000000.0,
      "Selling General And Administration": 1086000000.0,
      "Selling And Marketing Expense": 213000000.0,
      "General And Administrative Expense": 873000000.0,
      "Other Gand A": 873000000.0,
      "Gross Profit": 6281000000.0,
      "Cost Of Revenue": 1852000000.0,
      "Total Revenue": 8133000000.0,
      "Operating Revenue": 8133000000.0
    },
    "2025-03-31T00:00:00": {
      "Tax Effect Of Unusual Items": -17298000.0,
      "Tax Rate For Calcs": 0.186,
      "Normalized EBITDA": 4581000000.0,
      "Total Unusual Items": -93000000.0,
      "Total Unusual Items Excluding Goodwill": -93000000.0,
      "Net Income From Continuing Operation Net Minority Interest": 3280000000.0,
      "Reconciled Depreciation": 275000000.0,
      "Reconciled Cost Of Revenue": 1688000000.0,
      "EBITDA": 4488000000.0,
      "EBIT": 4213000000.0,
      "Net Interest Income": -182000000.0,
      "Interest Expense": 182000000.0,
      "Normalized Income": 3355702000.0,
      "Net Income From Continuing And Discontinued Operation": 3280000000.0,
      "Total Expenses": 2949000000.0,
      "Total Operating Income As Reported": 4149000000.0,
      "Diluted Average Shares": 914000000.0,
      "Basic Average Shares": 912000000.0,
      "Diluted EPS": 3.59,
      "Basic EPS": 3.6,
      "Diluted NI Availto Com Stockholders": 3280000000.0,
      "Net Income Common Stockholders": 3280000000.0,
      "Net Income": 3280000000.0,
      "Net Income Including Noncontrolling Interests": 3280000000.0,
      "Net Income Continuous Operations": 3280000000.0,
      "Tax Provision": 751000000.0,
      "Pretax Income": 4031000000.0,
      "Other Income Expense": -88000000.0,
      "Other Non Operating Income Expenses": 5000000.0,
      "Special Income Charges": -151000000.0,
      "Other Special Charges": 151000000.0,
      "Gain On Sale Of Security": 58000000.0,
      "Net Non Operating Interest Income Expense": -182000000.0,
      "Interest Expense Non Operating": 182000000.0,
      "Operating Income": 4301000000.0,
      "Operating Expense": 1261000000.0,
      "Depreciation Amortization Depletion Income Statement": 275000000.0,
      "Depreciation And Amortization In Income Statement": 275000000.0,
      "Selling General And Administration": 986000000.0,
      "Selling And Marketing Expense": 152000000.0,
      "General And Administrative Expense": 834000000.0,
      "Other Gand A": 834000000.0,
      "Gross Profit": 5562000000.0,
      "Cost Of Revenue": 1688000000.0,
      "Total Revenue": 7250000000.0,
      "Operating Revenue": 7250000000.0
    },
    "2024-12-31T00:00:00": {
      "Tax Effect Of Unusual Items": -22575173.477255,
      "Tax Rate For Calcs": 0.141095,
      "Normalized EBITDA": 4466000000.0,
      "Total Unusual Items": -160000000.0,
      "Total Unusual Items Excluding Goodwill": -160000000.0,
      "Net Income From Continuing Operation Net Minority Interest": 3342000000.0,
      "Reconciled Depreciation": 231000000.0,
      "Reconciled Cost Of Revenue": 1653000000.0,
      "EBITDA": 4306000000.0,
      "EBIT": 4075000000.0,
      "Net Interest Income": -184000000.0,
      "Interest Expense": 184000000.0,
      "Normalized Income": 3479424826.522745,
      "Net Income From Continuing And Discontinued Operation": 3342000000.0,
      "Total Expenses": 3255000000.0,
      "Total Operating Income As Reported": 3938000000.0,
      "Diluted Average Shares": 919000000.0,
      "Basic Average Shares": 917000000.0,
      "Diluted EPS": 3.64,
      "Basic EPS": 3.64,
      "Diluted NI Availto Com Stockholders": 3342000000.0,
      "Net Income Common Stockholders": 3342000000.0,
      "Net Income": 3342000000.0,
      "Net Income Including Noncontrolling Interests": 3342000000.0,
      "Net Income Continuous Operations": 3342000000.0,
      "Tax Provision": 549000000.0,
      "Pretax Income": 3891000000.0,
      "Other Income Expense": -159000000.0,
      "Other Non Operating Income Expenses": 1000000.0,
      "Special Income Charges": -280000000.0,
      "Other Special Charges": 280000000.0,
      "Gain On Sale Of Security": 120000000.0,
      "Net Non Operating Interest Income Expense": -184000000.0,
      "Interest Expense Non Operating": 184000000.0,
      "Operating Income": 4234000000.0,
      "Operating Expense": 1602000000.0,
      "Depreciation Amortization Depletion Income Statement": 231000000.0,
      "Depreciation And Amortization In Income Statement": 231000000.0,
      "Selling General And Administration": 1371000000.0,
      "Selling And Marketing Expense": 295000000.0,
      "General And Administrative Expense": 1076000000.0,
      "Other Gand A": 1076000000.0,
      "Gross Profit": 5836000000.0,
      "Cost Of Revenue": 1653000000.0,
      "Total Revenue": 7489000000.0,
      "Operating Revenue": 7489000000.0
    }
  },
  "balance_sheet": {
    "2025-12-31T00:00:00": {
      "Treasury Shares Number": 518000000.0,
      "Ordinary Shares Number": 894037665.0,
      "Share Issued": 1412037665.0,
      "Net Debt": 8434000000.0,
      "Total Debt": 19000000000.0,
      "Tangible Book Value": -7377000000.0,
      "Invested Capital": 26737000000.0,
      "Working Capital": 796000000.0,
      "Net Tangible Assets": -7377000000.0,
      "Common Stock Equity": 7737000000.0,
      "Total Capitalization": 25988000000.0,
      "Total Equity Gross Minority Interest": 7746000000.0,
      "Minority Interest": 9000000.0,
      "Stockholders Equity": 7737000000.0,
      "Gains Losses Not Affecting Retained Earnings": -981000000.0,
      "Other Equity Adjustments": -981000000.0,
      "Treasury Stock": 83224000000.0,
      "Retained Earnings": 85035000000.0,
      "Additional Paid In Capital": 6907000000.0,
      "Capital Stock": 0.0,
      "Common Stock": 0.0,
      "Total Liabilities Net Minority Interest": 46411000000.0,
      "Total Non Current Liabilities Net Minority Interest": 23649000000.0,
      "Other Non Current Liabilities": 5091000000.0,
      "Preferred Securities Outside Stock Equity": null,
      "Non Current Deferred Liabilities": 307000000.0,
      "Non Current Deferred Taxes Liabilities": 307000000.0,
      "Long Term Debt And Capital Lease Obligation": 18251000000.0,
      "Long Term Debt": 18251000000.0,
      "Current Liabilities": 22762000000.0,
      "Other Current Liabilities": 6942000000.0,
      "Current Debt And Capital Lease Obligation": 749000000.0,
      "Current Debt": 749000000.0,
      "Other Current Borrowings": 749000000.0,
      "Payables And Accrued Expenses": 15071000000.0,
      "Current Accrued Expenses": 13158000000.0,
      "Payables": 1913000000.0,
      "Other Payable": null,
      "Total Tax Payable": 914000000.0,
      "Accounts Payable": 999000000.0,
      "Total Assets": 54157000000.0,
      "Total Non Current Assets": 30599000000.0,
      "Other Non Current Assets": 8809000000.0,
      "Non Current Deferred Assets": 1567000000.0,
      "Non Current Deferred Taxes Assets": 1567000000.0,
      "Non Current Accounts Receivable": 1101000000.0,
      "Investments And Advances": 1705000000.0,
      "Investmentin Financial Assets": 1705000000.0,
      "Available For Sale Securities": 1705000000.0,
      "Goodwill And Other Intangible Assets": 15114000000.0,
      "Other Intangible Assets": 5554000000.0,
      "Goodwill": 9560000000.0,
      "Net PPE": 2303000000.0,
      "Accumulated Depreciation": -2756000000.0,
      "Gross PPE": 5059000000.0,
      "Leases": 497000000.0,
      "Other Properties": 3713000000.0,
      "Machinery Furniture Equipment": 105000000.0,
      "Buildings And Improvements": 744000000.0,
      "Properties": 0.0,
      "Current Assets": 23558000000.0,
      "Other Current Assets": 5369000000.0,
      "Restricted Cash": 2682000000.0,
      "Prepaid Assets": null,
      "Receivables": 4609000000.0,
      "Other Receivables": null,
      "Accounts Receivable": 4609000000.0,
      "Cash Cash Equivalents And Short Term Investments": 10898000000.0,
      "Other Short Term Investments": 332000000.0,
      "Cash And Cash Equivalents": 10566000000.0
    },
    "2024-12-31T00:00:00": {
      "Treasury Shares Number": 497000000.0,
      "Ordinary Shares Number": 913400000.0,
      "Share Issued": 1410400000.0,
      "Net Debt": 9784000000.0,
      "Total Debt": 18226000000.0,
      "Tangible Book Value": -8161000000.0,
      "Invested Capital": 24711000000.0,
      "Working Capital": 504000000.0,
      "Net Tangible Assets": -8161000000.0,
      "Common Stock Equity": 6485000000.0,
      "Total Capitalization": 23961000000.0,
      "Total Equity Gross Minority Interest": 6515000000.0,
      "Minority Interest": 30000000.0,
      "Stockholders Equity": 6485000000.0,
      "Gains Losses Not Affecting Retained Earnings": -1433000000.0,
      "Other Equity Adjustments": -1433000000.0,
      "Treasury Stock": 71431000000.0,
      "Retained Earnings": 72907000000.0,
      "Additional Paid In Capital": 6442000000.0,
      "Capital Stock": 0.0,
      "Common Stock": 0.0,
      "Total Liabilities Net Minority Interest": 41566000000.0,
      "Total Non Current Liabilities Net Minority Interest": 22346000000.0,
      "Other Non Current Liabilities": 4553000000.0,
      "Preferred Securities Outside Stock Equity": null,
      "Non Current Deferred Liabilities": 317000000.0,
      "Non Current Deferred Taxes Liabilities": 317000000.0,
      "Long Term Debt And Capital Lease Obligation": 17476000000.0,
      "Long Term Debt": 17476000000.0,
      "Current Liabilities": 19220000000.0,
      "Other Current Liabilities": 6218000000.0,
      "Current Debt And Capital Lease Obligation": 750000000.0,
      "Current Debt": 750000000.0,
      "Other Current Borrowings": 750000000.0,
      "Payables And Accrued Expenses": 12252000000.0,
      "Current Accrued Expenses": 10869000000.0,
      "Payables": 1383000000.0,
      "Other Payable": null,
      "Total Tax Payable": 454000000.0,
      "Accounts Payable": 929000000.0,
      "Total Assets": 48081000000.0,
      "Total Non Current Assets": 28357000000.0,
      "Other Non Current Assets": 7350000000.0,
      "Non Current Deferred Assets": 1614000000.0,
      "Non Current Deferred Taxes Assets": 1614000000.0,
      "Non Current Accounts Receivable": 1002000000.0,
      "Investments And Advances": 1607000000.0,
      "Investmentin Financial Assets": 1607000000.0,
      "Available For Sale Securities": 1607000000.0,
      "Goodwill And Other Intangible Assets": 14646000000.0,
      "Other Intangible Assets": 5453000000.0,
      "Goodwill": 9193000000.0,
      "Net PPE": 2138000000.0,
      "Accumulated Depreciation": -2393000000.0,
      "Gross PPE": 4531000000.0,
      "Leases": 436000000.0,
      "Other Properties": 3285000000.0,
      "Machinery Furniture Equipment": 101000000.0,
      "Buildings And Improvements": 709000000.0,
      "Properties": 0.0,
      "Current Assets": 19724000000.0,
      "Other Current Assets": 4813000000.0,
      "Restricted Cash": 2366000000.0,
      "Prepaid Assets": null,
      "Receivables": 3773000000.0,
      "Other Receivables": null,
      "Accounts Receivable": 3773000000.0,
      "Cash Cash Equivalents And Short Term Investments": 8772000000.0,
      "Other Short Term Investments": 330000000.0,
      "Cash And Cash Equivalents": 8442000000.0
    },
    "2023-12-31T00:00:00": {
      "Treasury Shares Number": 475000000.0,
      "Ordinary Shares Number": 934000000.0,
      "Share Issued": 1409000000.0,
      "Net Debt": 7093000000.0,
      "Total Debt": 15681000000.0,
      "Tangible Book Value": -4817000000.0,
      "Invested Capital": 22610000000.0,
      "Working Capital": 2697000000.0,
      "Net Tangible Assets": -4817000000.0,
      "Common Stock Equity": 6929000000.0,
      "Total Capitalization": 21273000000.0,
      "Total Equity Gross Minority Interest": 6997000000.0,
      "Minority Interest": 68000000.0,
      "Stockholders Equity": 6929000000.0,
      "Gains Losses Not Affecting Retained Earnings": -1099000000.0,
      "Other Equity Adjustments": -1099000000.0,
      "Treasury Stock": 60429000000.0,
      "Retained Earnings": 62564000000.0,
      "Additional Paid In Capital": 5893000000.0,
      "Capital Stock": 0.0,
      "Common Stock": 0.0,
      "Total Liabilities Net Minority Interest": 35451000000.0,
      "Total Non Current Liabilities Net Minority Interest": 19187000000.0,
      "Other Non Current Liabilities": 4474000000.0,
      "Preferred Securities Outside Stock Equity": null,
      "Non Current Deferred Liabilities": 369000000.0,
      "Non Current Deferred Taxes Liabilities": 369000000.0,
      "Long Term Debt And Capital Lease Obligation": 14344000000.0,
      "Long Term Debt": 14344000000.0,
      "Current Liabilities": 16264000000.0,
      "Other Current Liabilities": 4853000000.0,
      "Current Debt And Capital Lease Obligation": 1337000000.0,
      "Current Debt": 1337000000.0,
      "Other Current Borrowings": null,
      "Payables And Accrued Expenses": 10074000000.0,
      "Current Accrued Expenses": 8754000000.0,
      "Payables": 1320000000.0,
      "Other Payable": null,
      "Total Tax Payable": 486000000.0,
      "Accounts Payable": 834000000.0,
      "Total Assets": 42448000000.0,
      "Total Non Current Assets": 23487000000.0,
      "Other Non Current Assets": 5813000000.0,
      "Non Current Deferred Assets": 1355000000.0,
      "Non Current Deferred Taxes Assets": 1355000000.0,
      "Non Current Accounts Receivable": 783000000.0,
      "Investments And Advances": 1729000000.0,
      "Investmentin Financial Assets": 1729000000.0,
      "Available For Sale Securities": 1729000000.0,
      "Goodwill And Other Intangible Assets": 11746000000.0,
      "Other Intangible Assets": 4086000000.0,
      "Goodwill": 7660000000.0,
      "Net PPE": 2061000000.0,
      "Accumulated Depreciation": -2237000000.0,
      "Gross PPE": 4298000000.0,
      "Leases": 398000000.0,
      "Other Properties": 3132000000.0,
      "Machinery Furniture Equipment": 90000000.0,
      "Buildings And Improvements": 678000000.0,
      "Properties": 0.0,
      "Current Assets": 18961000000.0,
      "Other Current Assets": 3844000000.0,
      "Restricted Cash": 1877000000.0,
      "Prepaid Assets": null,
      "Receivables": 4060000000.0,
      "Other Receivables": null,
      "Accounts Receivable": 4060000000.0,
      "Cash Cash Equivalents And Short Term Investments": 9180000000.0,
      "Other Short Term Investments": 592000000.0,
      "Cash And Cash Equivalents": 8588000000.0
    },
    "2022-12-31T00:00:00": {
      "Treasury Shares Number": 451000000.0,
      "Ordinary Shares Number": 956000000.0,
      "Share Issued": 1407000000.0,
      "Net Debt": 7015000000.0,
      "Total Debt": 14023000000.0,
      "Tangible Book Value": -5083000000.0,
      "Invested Capital": 20321000000.0,
      "Working Capital": 2435000000.0,
      "Net Tangible Assets": -5083000000.0,
      "Common Stock Equity": 6298000000.0,
      "Total Capitalization": 20047000000.0,
      "Total Equity Gross Minority Interest": 6377000000.0,
      "Minority Interest": 79000000.0,
      "Stockholders Equity": 6298000000.0,
      "Gains Losses Not Affecting Retained Earnings": -1253000000.0,
      "Other Equity Adjustments": -1253000000.0,
      "Treasury Stock": 51354000000.0,
      "Retained Earnings": 53607000000.0,
      "Additional Paid In Capital": 5298000000.0,
      "Capital Stock": 0.0,
      "Common Stock": 0.0,
      "Total Liabilities Net Minority Interest": 32347000000.0,
      "Total Non Current Liabilities Net Minority Interest": 18176000000.0,
      "Other Non Current Liabilities": 4034000000.0,
      "Preferred Securities Outside Stock Equity": null,
      "Non Current Deferred Liabilities": 393000000.0,
      "Non Current Deferred Taxes Liabilities": 393000000.0,
      "Long Term Debt And Capital Lease Obligation": 13749000000.0,
      "Long Term Debt": 13749000000.0,
      "Current Liabilities": 14171000000.0,
      "Other Current Liabilities": 4076000000.0,
      "Current Debt And Capital Lease Obligation": 274000000.0,
      "Current Debt": 274000000.0,
      "Other Current Borrowings": null,
      "Payables And Accrued Expenses": 9821000000.0,
      "Current Accrued Expenses": 8616000000.0,
      "Payables": 1205000000.0,
      "Other Payable": null,
      "Total Tax Payable": 279000000.0,
      "Accounts Payable": 926000000.0,
      "Total Assets": 38724000000.0,
      "Total Non Current Assets": 22118000000.0,
      "Other Non Current Assets": 5217000000.0,
      "Non Current Deferred Assets": 1151000000.0,
      "Non Current Deferred Taxes Assets": 1151000000.0,
      "Non Current Accounts Receivable": 633000000.0,
      "Investments And Advances": 1730000000.0,
      "Investmentin Financial Assets": 1730000000.0,
      "Available For Sale Securities": 1730000000.0,
      "Goodwill And Other Intangible Assets": 11381000000.0,
      "Other Intangible Assets": 3859000000.0,
      "Goodwill": 7522000000.0,
      "Net PPE": 2006000000.0,
      "Accumulated Depreciation": -1904000000.0,
      "Gross PPE": 3910000000.0,
      "Leases": 376000000.0,
      "Other Properties": 2786000000.0,
      "Machinery Furniture Equipment": 96000000.0,
      "Buildings And Improvements": 652000000.0,
      "Properties": 0.0,
      "Current Assets": 16606000000.0,
      "Other Current Assets": 3616000000.0,
      "Restricted Cash": 2157000000.0,
      "Prepaid Assets": 34000000.0,
      "Receivables": 3425000000.0,
      "Other Receivables": null,
      "Accounts Receivable": 3425000000.0,
      "Cash Cash Equivalents And Short Term Investments": 7408000000.0,
      "Other Short Term Investments": 400000000.0,
      "Cash And Cash Equivalents": 7008000000.0
    },
    "2021-12-31T00:00:00": {
      "Treasury Shares Number": null,
      "Ordinary Shares Number": null,
      "Share Issued": null,
      "Net Debt": null,
      "Total Debt": null,
      "Tangible Book Value": null,
      "Invested Capital": null,
      "Working Capital": null,
      "Net Tangible Assets": null,
      "Common Stock Equity": null,
      "Total Capitalization": null,
      "Total Equity Gross Minority Interest": null,
      "Minority Interest": null,
      "Stockholders Equity": null,
      "Gains Losses Not Affecting Retained Earnings": null,
      "Other Equity Adjustments": null,
      "Treasury Stock": null,
      "Retained Earnings": null,
      "Additional Paid In Capital": null,
      "Capital Stock": null,
      "Common Stock": null,
      "Total Liabilities Net Minority Interest": null,
      "Total Non Current Liabilities Net Minority Interest": null,
      "Other Non Current Liabilities": null,
      "Preferred Securities Outside Stock Equity": 29000000.0,
      "Non Current Deferred Liabilities": null,
      "Non Current Deferred Taxes Liabilities": null,
      "Long Term Debt And Capital Lease Obligation": null,
      "Long Term Debt": null,
      "Current Liabilities": null,
      "Other Current Liabilities": null,
      "Current Debt And Capital Lease Obligation": null,
      "Current Debt": null,
      "Other Current Borrowings": 792000000.0,
      "Payables And Accrued Expenses": null,
      "Current Accrued Expenses": null,
      "Payables": null,
      "Other Payable": 913000000.0,
      "Total Tax Payable": null,
      "Accounts Payable": null,
      "Total Assets": null,
      "Total Non Current Assets": null,
      "Other Non Current Assets": null,
      "Non Current Deferred Assets": null,
      "Non Current Deferred Taxes Assets": null,
      "Non Current Accounts Receivable": null,
      "Investments And Advances": null,
      "Investmentin Financial Assets": null,
      "Available For Sale Securities": null,
      "Goodwill And Other Intangible Assets": null,
      "Other Intangible Assets": null,
      "Goodwill": null,
      "Net PPE": null,
      "Accumulated Depreciation": null,
      "Gross PPE": null,
      "Leases": null,
      "Other Properties": null,
      "Machinery Furniture Equipment": null,
      "Buildings And Improvements": null,
      "Properties": null,
      "Current Assets": null,
      "Other Current Assets": null,
      "Restricted Cash": null,
      "Prepaid Assets": 92000000.0,
      "Receivables": null,
      "Other Receivables": 1319000000.0,
      "Accounts Receivable": null,
      "Cash Cash Equivalents And Short Term Investments": null,
      "Other Short Term Investments": null,
      "Cash And Cash Equivalents": null
    }
  },
  "cashflow": {
    "2025-12-31T00:00:00": {
      "Free Cash Flow": 16433000000.0,
      "Repurchase Of Capital Stock": -11727000000.0,
      "Repayment Of Debt": -750000000.0,
      "Issuance Of Debt": 1242000000.0,
      "Capital Expenditure": -1215000000.0,
      "Interest Paid Supplemental Data": 680000000.0,
      "Income Tax Paid Supplemental Data": 3020000000.0,
      "End Cash Position": 13248000000.0,
      "Beginning Cash Position": 10808000000.0,
      "Effect Of Exchange Rate Changes": 333000000.0,
      "Changes In Cash": 2107000000.0,
      "Financing Cash Flow": -14179000000.0,
      "Cash Flow From Continuing Financing Activities": -14179000000.0,
      "Net Other Financing Charges": -391000000.0,
      "Proceeds From Stock Option Exercised": 203000000.0,
      "Cash Dividends Paid": -2756000000.0,
      "Common Stock Dividend Paid": -2756000000.0,
      "Net Common Stock Issuance": -11727000000.0,
      "Common Stock Payments": -11727000000.0,
      "Net Issuance Payments Of Debt": 492000000.0,
      "Net Long Term Debt Issuance": 492000000.0,
      "Long Term Debt Payments": -750000000.0,
      "Long Term Debt Issuance": 1242000000.0,
      "Investing Cash Flow": -1362000000.0,
      "Cash Flow From Continuing Investing Activities": -1362000000.0,
      "Net Other Investing Changes": 2000000.0,
      "Net Investment Purchase And Sale": -149000000.0,
      "Sale Of Investment": 719000000.0,
      "Purchase Of Investment": -868000000.0,
      "Net Business Purchase And Sale": 0.0,
      "Purchase Of Business": 0.0,
      "Net PPE Purchase And Sale": -489000000.0,
      "Purchase Of PPE": -489000000.0,
      "Capital Expenditure Reported": -726000000.0,
      "Operating Cash Flow": 17648000000.0,
      "Cash Flow From Continuing Operating Activities": 17648000000.0,
      "Change In Working Capital": -1442000000.0,
      "Change In Other Working Capital": 834000000.0,
      "Change In Other Current Liabilities": 89000000.0,
      "Change In Other Current Assets": 202000000.0,
      "Change In Payables And Accrued Expense": 1554000000.0,
      "Change In Accrued Expense": 1694000000.0,
      "Change In Payable": -140000000.0,
      "Change In Account Payable": 45000000.0,
      "Change In Tax Payable": -185000000.0,
      "Change In Income Tax Payable": -185000000.0,
      "Change In Prepaid Assets": -3388000000.0,
      "Change In Receivables": -733000000.0,
      "Changes In Account Receivables": -642000000.0,
      "Other Non Cash Items": 2237000000.0,
      "Stock Based Compensation": 597000000.0,
      "Deferred Tax": 57000000.0,
      "Deferred Income Tax": 57000000.0,
      "Depreciation Amortization Depletion": 1143000000.0,
      "Depreciation And Amortization": 1143000000.0,
      "Operating Gains Losses": 88000000.0,
      "Gain Loss On Investment Securities": 88000000.0,
      "Net Income From Continuing Operations": 14968000000.0
    },
    "2024-12-31T00:00:00": {
      "Free Cash Flow": 13586000000.0,
      "Repurchase Of Capital Stock": -10954000000.0,
      "Repayment Of Debt": -1336000000.0,
      "Issuance Of Debt": 3960000000.0,
      "Capital Expenditure": -1194000000.0,
      "Interest Paid Supplemental Data": 571000000.0,
      "Income Tax Paid Supplemental Data": 3252000000.0,
      "End Cash Position": 10808000000.0,
      "Beginning Cash Position": 10465000000.0,
      "Effect Of Exchange Rate Changes": -199000000.0,
      "Changes In Cash": 542000000.0,
      "Financing Cash Flow": -10836000000.0,
      "Cash Flow From Continuing Financing Activities": -10836000000.0,
      "Net Other Financing Charges": -282000000.0,
      "Proceeds From Stock Option Exercised": 224000000.0,
      "Cash Dividends Paid": -2448000000.0,
      "Common Stock Dividend Paid": -2448000000.0,
      "Net Common Stock Issuance": -10954000000.0,
      "Common Stock Payments": -10954000000.0,
      "Net Issuance Payments Of Debt": 2624000000.0,
      "Net Long Term Debt Issuance": 2624000000.0,
      "Long Term Debt Payments": -1336000000.0,
      "Long Term Debt Issuance": 3960000000.0,
      "Investing Cash Flow": -3402000000.0,
      "Cash Flow From Continuing Investing Activities": -3402000000.0,
      "Net Other Investing Changes": -3000000.0,
      "Net Investment Purchase And Sale": 306000000.0,
      "Sale Of Investment": 964000000.0,
      "Purchase Of Investment": -658000000.0,
      "Net Business Purchase And Sale": -2511000000.0,
      "Purchase Of Business": -2511000000.0,
      "Net PPE Purchase And Sale": -474000000.0,
      "Purchase Of PPE": -474000000.0,
      "Capital Expenditure Reported": -720000000.0,
      "Operating Cash Flow": 14780000000.0,
      "Cash Flow From Continuing Operating Activities": 14780000000.0,
      "Change In Working Capital": -1040000000.0,
      "Change In Other Working Capital": 131000000.0,
      "Change In Other Current Liabilities": 922000000.0,
      "Change In Other Current Assets": -593000000.0,
      "Change In Payables And Accrued Expense": 1704000000.0,
      "Change In Accrued Expense": 1792000000.0,
      "Change In Payable": -88000000.0,
      "Change In Account Payable": 75000000.0,
      "Change In Tax Payable": -163000000.0,
      "Change In Income Tax Payable": -163000000.0,
      "Change In Prepaid Assets": -3225000000.0,
      "Change In Receivables": 21000000.0,
      "Changes In Account Receivables": 186000000.0,
      "Other Non Cash Items": 2021000000.0,
      "Stock Based Compensation": 526000000.0,
      "Deferred Tax": -527000000.0,
      "Deferred Income Tax": -527000000.0,
      "Depreciation Amortization Depletion": 897000000.0,
      "Depreciation And Amortization": 897000000.0,
      "Operating Gains Losses": 29000000.0,
      "Gain Loss On Investment Securities": 29000000.0,
      "Net Income From Continuing Operations": 12874000000.0
    },
    "2023-12-31T00:00:00": {
      "Free Cash Flow": 10892000000.0,
      "Repurchase Of Capital Stock": -9032000000.0,
      "Repayment Of Debt": 0.0,
      "Issuance Of Debt": 1554000000.0,
      "Capital Expenditure": -1088000000.0,
      "Interest Paid Supplemental Data": 477000000.0,
      "Income Tax Paid Supplemental Data": 2746000000.0,
      "End Cash Position": 10465000000.0,
      "Beginning Cash Position": 9196000000.0,
      "Effect Of Exchange Rate Changes": 128000000.0,
      "Changes In Cash": 1141000000.0,
      "Financing Cash Flow": -9488000000.0,
      "Cash Flow From Continuing Financing Activities": -9488000000.0,
      "Net Other Financing Charges": -89000000.0,
      "Proceeds From Stock Option Exercised": 237000000.0,
      "Cash Dividends Paid": -2158000000.0,
      "Common Stock Dividend Paid": -2158000000.0,
      "Net Common Stock Issuance": -9032000000.0,
      "Common Stock Payments": -9032000000.0,
      "Net Issuance Payments Of Debt": 1554000000.0,
      "Net Long Term Debt Issuance": 1554000000.0,
      "Long Term Debt Payments": 0.0,
      "Long Term Debt Issuance": 1554000000.0,
      "Investing Cash Flow": -1351000000.0,
      "Cash Flow From Continuing Investing Activities": -1351000000.0,
      "Net Other Investing Changes": -6000000.0,
      "Net Investment Purchase And Sale": -257000000.0,
      "Sale Of Investment": 479000000.0,
      "Purchase Of Investment": -736000000.0,
      "Net Business Purchase And Sale": 0.0,
      "Purchase Of Business": 0.0,
      "Net PPE Purchase And Sale": -371000000.0,
      "Purchase Of PPE": -371000000.0,
      "Capital Expenditure Reported": -717000000.0,
      "Operating Cash Flow": 11980000000.0,
      "Cash Flow From Continuing Operating Activities": 11980000000.0,
      "Change In Working Capital": -1943000000.0,
      "Change In Other Working Capital": 922000000.0,
      "Change In Other Current Liabilities": 282000000.0,
      "Change In Other Current Assets": 40000000.0,
      "Change In Payables And Accrued Expense": -32000000.0,
      "Change In Accrued Expense": 196000000.0,
      "Change In Payable": -228000000.0,
      "Change In Account Payable": -99000000.0,
      "Change In Tax Payable": -129000000.0,
      "Change In Income Tax Payable": -129000000.0,
      "Change In Prepaid Assets": -2438000000.0,
      "Change In Receivables": -717000000.0,
      "Changes In Account Receivables": -546000000.0,
      "Other Non Cash Items": 1644000000.0,
      "Stock Based Compensation": 460000000.0,
      "Deferred Tax": -236000000.0,
      "Deferred Income Tax": -236000000.0,
      "Depreciation Amortization Depletion": 799000000.0,
      "Depreciation And Amortization": 799000000.0,
      "Operating Gains Losses": 61000000.0,
      "Gain Loss On Investment Securities": 61000000.0,
      "Net Income From Continuing Operations": 11195000000.0
    },
    "2022-12-31T00:00:00": {
      "Free Cash Flow": 10098000000.0,
      "Repurchase Of Capital Stock": -8753000000.0,
      "Repayment Of Debt": -724000000.0,
      "Issuance Of Debt": 1123000000.0,
      "Capital Expenditure": -1097000000.0,
      "Interest Paid Supplemental Data": 414000000.0,
      "Income Tax Paid Supplemental Data": 2506000000.0,
      "End Cash Position": 9196000000.0,
      "Beginning Cash Position": 9902000000.0,
      "Effect Of Exchange Rate Changes": -103000000.0,
      "Changes In Cash": -603000000.0,
      "Financing Cash Flow": -10328000000.0,
      "Cash Flow From Continuing Financing Activities": -10328000000.0,
      "Net Other Financing Charges": -161000000.0,
      "Proceeds From Stock Option Exercised": 90000000.0,
      "Cash Dividends Paid": -1903000000.0,
      "Common Stock Dividend Paid": -1903000000.0,
      "Net Common Stock Issuance": -8753000000.0,
      "Common Stock Payments": -8753000000.0,
      "Net Issuance Payments Of Debt": 399000000.0,
      "Net Long Term Debt Issuance": 399000000.0,
      "Long Term Debt Payments": -724000000.0,
      "Long Term Debt Issuance": 1123000000.0,
      "Investing Cash Flow": -1470000000.0,
      "Cash Flow From Continuing Investing Activities": -1470000000.0,
      "Net Other Investing Changes": -3000000.0,
      "Net Investment Purchase And Sale": -57000000.0,
      "Sale Of Investment": 537000000.0,
      "Purchase Of Investment": -594000000.0,
      "Net Business Purchase And Sale": -313000000.0,
      "Purchase Of Business": -313000000.0,
      "Net PPE Purchase And Sale": -442000000.0,
      "Purchase Of PPE": -442000000.0,
      "Capital Expenditure Reported": -655000000.0,
      "Operating Cash Flow": 11195000000.0,
      "Cash Flow From Continuing Operating Activities": 11195000000.0,
      "Change In Working Capital": -904000000.0,
      "Change In Other Working Capital": -6000000.0,
      "Change In Other Current Liabilities": 201000000.0,
      "Change In Other Current Assets": 48000000.0,
      "Change In Payables And Accrued Expense": 1497000000.0,
      "Change In Accrued Expense": 1428000000.0,
      "Change In Payable": 69000000.0,
      "Change In Account Payable": 190000000.0,
      "Change In Tax Payable": -121000000.0,
      "Change In Income Tax Payable": -121000000.0,
      "Change In Prepaid Assets": -2175000000.0,
      "Change In Receivables": -469000000.0,
      "Changes In Account Receivables": -481000000.0,
      "Other Non Cash Items": 1630000000.0,
      "Stock Based Compensation": 295000000.0,
      "Deferred Tax": -651000000.0,
      "Deferred Income Tax": -651000000.0,
      "Depreciation Amortization Depletion": 750000000.0,
      "Depreciation And Amortization": 750000000.0,
      "Operating Gains Losses": 145000000.0,
      "Gain Loss On Investment Securities": 145000000.0,
      "Net Income From Continuing Operations": 9930000000.0
    }
  },
  "earnings_estimate": {
    "avg": {
      "0q": 4.40606,
      "+1q": 4.84479,
      "0y": 19.51903,
      "+1y": 22.61908
    },
    "low": {
      "0q": 4.27,
      "+1q": 4.74,
      "0y": 18.62,
      "+1y": 21.67
    },
    "high": {
      "0q": 4.62,
      "+1q": 5.00604,
      "0y": 20.1126,
      "+1y": 23.58918
    },
    "yearAgoEps": {
      "0q": 3.73,
      "+1q": 4.15,
      "0y": 17.01,
      "+1y": 19.51903
    },
    "numberOfAnalysts": {
      "0q": 29,
      "+1q": 27,
      "0y": 38,
      "+1y": 36
    },
    "growth": {
      "0q": 0.18120001,
      "+1q": 0.1674,
      "0y": 0.1475,
      "+1y": 0.1588
    }
  },
  "revenue_estimate": {
    "avg": {
      "0q": 8260552120,
      "+1q": 9125625920,
      "0y": 36994828710,
      "+1y": 41498511390
    },
    "low": {
      "0q": 8163000000,
      "+1q": 9009000000,
      "0y": 36398000000,
      "+1y": 40743000000
    },
    "high": {
      "0q": 8438000000,
      "+1q": 9267000000,
      "0y": 37381000000,
      "+1y": 42595294440
    },
    "numberOfAnalysts": {
      "0q": 27,
      "+1q": 25,
      "0y": 35,
      "+1y": 34
    },
    "yearAgoRevenue": {
      "0q": 7250000000,
      "+1q": 8133000000,
      "0y": 32791000000,
      "+1y": 36994828710
    },
    "growth": {
      "0q": 0.13939999,
      "+1q": 0.122,
      "0y": 0.1282,
      "+1y": 0.121700004
    }
  },
  "growth_estimates": {
    "stockTrend": {
      "0q": 0.18120001,
      "+1q": 0.1674,
      "0y": 0.1475,
      "+1y": 0.1588,
      "LTG": null
    },
    "indexTrend": {
      "0q": 0.1273,
      "+1q": 0.103599995,
      "0y": 0.14310001,
      "+1y": 0.1557,
      "LTG": 0.122
    }
  },
  "revenue_forecasts": null,
  "dividend_rate": 3.48,
  "trailing_dividend_rate": 3.15
}