{
  "ticker": "MB.MI",
  "name": "Mediobanca",
  "country": "italy",
  "currency": "EUR",
  "last_fetched": "2026-02-26T20:49:11.919777",
  "market_cap": 15886081024,
  "revenue": 3254001920,
  "net_income": 1183136000,
  "pe_ratio": 13.4013605,
  "forward_pe": 10.960277,
  "dividend_yield": 6.41,
  "profit_margin": 0.36359,
  "roe": null,
  "debt_to_equity": null,
  "beta": 0.594,
  "ev_to_ebitda": null,
  "sector": "Financial Services",
  "industry": "Banks - Regional",
  "summary": "Mediobanca Banca di Credito Finanziario S.p.A., together with its subsidiaries, provides various banking products and services in Italy, Other European countries, the United States, Asia, and internationally. It operates through Wealth Management, Consumer Finance, Corporate and Investment Banking, Insurance - Principal Investing, and Holding Functions segments. The Wealth Management segment offers asset management and management services to private banking and premier customers. Its Consumer Finance segment provides a range of consumer credit products comprising personal and special-purpose loans, salary-or pension-backed finances, and credit cards, as well as Pagolight, a buy-now-pay-later solution. The Corporate and Investment Banking segment offers lending, capital market, advisory, and trading services; and specialty finance services, such as factoring and credit management services. Its Insurance - Principal Investing segment engages in the equity investment and holding activities. The Holding Functions segment engages in treasury, and asset and liability management operations. Mediobanca Banca di Credito Finanziario S.p.A. was founded in 1946 and is headquartered in Milan, Italy. Mediobanca Banca di Credito Finanziario S.p.A. is a subsidiary of Banca Monte dei Paschi di Siena S.p.A.",
  "website": "https://www.mediobanca.com",
  "employees": 5533,
  "target_high": 22.61,
  "target_low": 16.6,
  "target_mean": 19.51833,
  "target_median": 19.55,
  "recommendation": "hold",
  "num_analysts": 6,
  "income_stmt": {
    "2024-06-30T00:00:00": {
      "Tax Effect Of Unusual Items": -16550898.78871,
      "Tax Rate For Calcs": 0.253712,
      "Total Unusual Items": -65235000.0,
      "Total Unusual Items Excluding Goodwill": -65235000.0,
      "Net Income From Continuing Operation Net Minority Interest": 1273382000.0,
      "Reconciled Depreciation": 109680000.0,
      "Net Interest Income": 1947533000.0,
      "Interest Expense": 2025489000.0,
      "Interest Income": 3973022000.0,
      "Normalized Income": 1322066101.21129,
      "Net Income From Continuing And Discontinued Operation": 1273382000.0,
      "Diluted Average Shares": 833095781.0,
      "Basic Average Shares": 826608063.0,
      "Diluted EPS": 1.53,
      "Basic EPS": 1.54,
      "Diluted NI Availto Com Stockholders": 1273382000.0,
      "Net Income Common Stockholders": 1273382000.0,
      "Net Income": 1273382000.0,
      "Minority Interests": -3137000.0,
      "Net Income Including Noncontrolling Interests": 1276519000.0,
      "Net Income Extraordinary": 0.0,
      "Net Income Continuous Operations": 1276519000.0,
      "Tax Provision": 433972000.0,
      "Pretax Income": 1710491000.0,
      "Other Non Operating Income Expenses": -90200000.0,
      "Special Income Charges": -65235000.0,
      "Other Special Charges": null,
      "Write Off": null,
      "Impairment Of Capital Assets": 43516000.0,
      "Restructuring And Mergern Acquisition": 21719000.0,
      "Gain On Sale Of Security": 41613000.0,
      "Operating Expense": 1739705000.0,
      "Other Operating Expenses": 182606000.0,
      "Depreciation And Amortization In Income Statement": 109680000.0,
      "Amortization": 38568000.0,
      "Depreciation Income Statement": 71112000.0,
      "Selling General And Administration": 633796000.0,
      "Selling And Marketing Expense": 55408000.0,
      "General And Administrative Expense": 578388000.0,
      "Insurance And Claims": 24200000.0,
      "Rent And Landing Fees": 8554000.0,
      "Total Revenue": 3249642000.0,
      "Operating Revenue": 3249642000.0
    },
    "2023-06-30T00:00:00": {
      "Tax Effect Of Unusual Items": -18694860.0,
      "Tax Rate For Calcs": 0.276,
      "Total Unusual Items": -67735000.0,
      "Total Unusual Items Excluding Goodwill": -67735000.0,
      "Net Income From Continuing Operation Net Minority Interest": 1025986000.0,
      "Reconciled Depreciation": 92336000.0,
      "Net Interest Income": 1807593000.0,
      "Interest Expense": 1026491000.0,
      "Interest Income": 2834084000.0,
      "Normalized Income": 1124562140.0,
      "Net Income From Continuing And Discontinued Operation": 1025986000.0,
      "Diluted Average Shares": 845322563.0,
      "Basic Average Shares": 840761242.0,
      "Diluted EPS": 1.21,
      "Basic EPS": 1.22,
      "Diluted NI Availto Com Stockholders": 1025986000.0,
      "Net Income Common Stockholders": 1025986000.0,
      "Net Income": 1025986000.0,
      "Minority Interests": -3034000.0,
      "Net Income Including Noncontrolling Interests": 1029020000.0,
      "Net Income Extraordinary": 0.0,
      "Net Income Continuous Operations": 1029020000.0,
      "Tax Provision": 394476000.0,
      "Pretax Income": 1423496000.0,
      "Other Non Operating Income Expenses": -185800000.0,
      "Special Income Charges": -70646000.0,
      "Other Special Charges": 4000000.0,
      "Write Off": 67000000.0,
      "Impairment Of Capital Assets": 1253000.0,
      "Restructuring And Mergern Acquisition": 19857000.0,
      "Gain On Sale Of Security": 10074000.0,
      "Operating Expense": 1642287000.0,
      "Other Operating Expenses": 185694000.0,
      "Depreciation And Amortization In Income Statement": 92336000.0,
      "Amortization": 30192000.0,
      "Depreciation Income Statement": 62144000.0,
      "Selling General And Administration": 624240000.0,
      "Selling And Marketing Expense": 49157000.0,
      "General And Administrative Expense": 575083000.0,
      "Insurance And Claims": null,
      "Rent And Landing Fees": 8797000.0,
      "Total Revenue": 2908216000.0,
      "Operating Revenue": 2908216000.0
    },
    "2022-06-30T00:00:00": {
      "Tax Effect Of Unusual Items": -5286187.8,
      "Tax Rate For Calcs": 0.2514,
      "Total Unusual Items": -21027000.0,
      "Total Unusual Items Excluding Goodwill": -21027000.0,
      "Net Income From Continuing Operation Net Minority Interest": 906977000.0,
      "Reconciled Depreciation": 86585000.0,
      "Net Interest Income": 1494306000.0,
      "Interest Expense": 353681000.0,
      "Interest Income": 1847987000.0,
      "Normalized Income": 926450812.2,
      "Net Income From Continuing And Discontinued Operation": 906977000.0,
      "Diluted Average Shares": 842975394.0,
      "Basic Average Shares": 838844304.0,
      "Diluted EPS": 1.08,
      "Basic EPS": 1.08,
      "Diluted NI Availto Com Stockholders": 906977000.0,
      "Net Income Common Stockholders": 906977000.0,
      "Net Income": 906977000.0,
      "Minority Interests": -2677000.0,
      "Net Income Including Noncontrolling Interests": 909654000.0,
      "Net Income Extraordinary": 0.0,
      "Net Income Continuous Operations": 909654000.0,
      "Tax Provision": 251995000.0,
      "Pretax Income": 1161649000.0,
      "Other Non Operating Income Expenses": -90100000.0,
      "Special Income Charges": -20696000.0,
      "Other Special Charges": null,
      "Write Off": null,
      "Impairment Of Capital Assets": 0.0,
      "Restructuring And Mergern Acquisition": 16963000.0,
      "Gain On Sale Of Security": -2030000.0,
      "Operating Expense": 1490404000.0,
      "Other Operating Expenses": 139964000.0,
      "Depreciation And Amortization In Income Statement": 86585000.0,
      "Amortization": 29528000.0,
      "Depreciation Income Statement": 57057000.0,
      "Selling General And Administration": 588696000.0,
      "Selling And Marketing Expense": 42073000.0,
      "General And Administrative Expense": 546623000.0,
      "Insurance And Claims": null,
      "Rent And Landing Fees": 8451000.0,
      "Total Revenue": 2513784000.0,
      "Operating Revenue": 2513784000.0
    },
    "2021-06-30T00:00:00": {
      "Tax Effect Of Unusual Items": -19875935.4,
      "Tax Rate For Calcs": 0.2514,
      "Total Unusual Items": -79061000.0,
      "Total Unusual Items Excluding Goodwill": -79061000.0,
      "Net Income From Continuing Operation Net Minority Interest": 807576000.0,
      "Reconciled Depreciation": 85793000.0,
      "Net Interest Income": 1417567000.0,
      "Interest Expense": 402327000.0,
      "Interest Income": 1819894000.0,
      "Normalized Income": 929234064.6,
      "Net Income From Continuing And Discontinued Operation": 807576000.0,
      "Diluted Average Shares": 867244606.0,
      "Basic Average Shares": 862328603.0,
      "Diluted EPS": 0.93,
      "Basic EPS": 0.94,
      "Diluted NI Availto Com Stockholders": 807576000.0,
      "Net Income Common Stockholders": 807576000.0,
      "Net Income": 807576000.0,
      "Minority Interests": -1623000.0,
      "Net Income Including Noncontrolling Interests": 809199000.0,
      "Net Income Extraordinary": 0.0,
      "Net Income Continuous Operations": 809199000.0,
      "Tax Provision": 271781000.0,
      "Pretax Income": 1080980000.0,
      "Other Non Operating Income Expenses": null,
      "Special Income Charges": -79061000.0,
      "Other Special Charges": null,
      "Write Off": null,
      "Impairment Of Capital Assets": 0.0,
      "Restructuring And Mergern Acquisition": 16588000.0,
      "Gain On Sale Of Security": 130816000.0,
      "Operating Expense": 1420275000.0,
      "Other Operating Expenses": 138032000.0,
      "Depreciation And Amortization In Income Statement": 85793000.0,
      "Amortization": 32368000.0,
      "Depreciation Income Statement": 53425000.0,
      "Selling General And Administration": 561955000.0,
      "Selling And Marketing Expense": 39627000.0,
      "General And Administrative Expense": 522328000.0,
      "Insurance And Claims": null,
      "Rent And Landing Fees": 8632000.0,
      "Total Revenue": 2585540000.0,
      "Operating Revenue": 2585540000.0
    }
  },
  "quarterly_income": {
    "2025-12-31T00:00:00": {
      "Tax Effect Of Unusual Items": null,
      "Tax Rate For Calcs": null,
      "Net Income From Continuing Operation Net Minority Interest": null,
      "Net Interest Income": null,
      "Interest Income": null,
      "Normalized Income": null,
      "Net Income From Continuing And Discontinued Operation": null,
      "Diluted Average Shares": 806400000.0,
      "Basic Average Shares": 806400000.0,
      "Diluted EPS": 0.274554,
      "Basic EPS": 0.274554,
      "Diluted NI Availto Com Stockholders": null,
      "Net Income Common Stockholders": null,
      "Net Income": null,
      "Minority Interests": null,
      "Net Income Including Noncontrolling Interests": null,
      "Net Income Continuous Operations": null,
      "Tax Provision": null,
      "Pretax Income": null,
      "Other Non Operating Income Expenses": null,
      "Gain On Sale Of Security": null,
      "Operating Expense": null,
      "Other Operating Expenses": null,
      "Selling General And Administration": null,
      "General And Administrative Expense": null,
      "Total Revenue": null,
      "Operating Revenue": null
    },
    "2025-06-30T00:00:00": {
      "Tax Effect Of Unusual Items": null,
      "Tax Rate For Calcs": null,
      "Net Income From Continuing Operation Net Minority Interest": null,
      "Net Interest Income": null,
      "Interest Income": null,
      "Normalized Income": null,
      "Net Income From Continuing And Discontinued Operation": null,
      "Diluted Average Shares": 806365092.0,
      "Basic Average Shares": 806365092.0,
      "Diluted EPS": 0.409778,
      "Basic EPS": 0.409778,
      "Diluted NI Availto Com Stockholders": null,
      "Net Income Common Stockholders": null,
      "Net Income": null,
      "Minority Interests": null,
      "Net Income Including Noncontrolling Interests": null,
      "Net Income Continuous Operations": null,
      "Tax Provision": null,
      "Pretax Income": null,
      "Other Non Operating Income Expenses": null,
      "Gain On Sale Of Security": null,
      "Operating Expense": null,
      "Other Operating Expenses": null,
      "Selling General And Administration": null,
      "General And Administrative Expense": null,
      "Total Revenue": null,
      "Operating Revenue": null
    },
    "2024-12-31T00:00:00": {
      "Tax Effect Of Unusual Items": null,
      "Tax Rate For Calcs": null,
      "Net Income From Continuing Operation Net Minority Interest": null,
      "Net Interest Income": null,
      "Interest Income": null,
      "Normalized Income": null,
      "Net Income From Continuing And Discontinued Operation": null,
      "Diluted Average Shares": 822151614.0,
      "Basic Average Shares": 822151614.0,
      "Diluted EPS": 0.401021,
      "Basic EPS": 0.401021,
      "Diluted NI Availto Com Stockholders": null,
      "Net Income Common Stockholders": null,
      "Net Income": null,
      "Minority Interests": null,
      "Net Income Including Noncontrolling Interests": null,
      "Net Income Continuous Operations": null,
      "Tax Provision": null,
      "Pretax Income": null,
      "Other Non Operating Income Expenses": null,
      "Gain On Sale Of Security": null,
      "Operating Expense": null,
      "Other Operating Expenses": null,
      "Selling General And Administration": null,
      "General And Administrative Expense": null,
      "Total Revenue": null,
      "Operating Revenue": null
    },
    "2024-09-30T00:00:00": {
      "Tax Effect Of Unusual Items": null,
      "Tax Rate For Calcs": null,
      "Net Income From Continuing Operation Net Minority Interest": null,
      "Net Interest Income": null,
      "Interest Income": null,
      "Normalized Income": null,
      "Net Income From Continuing And Discontinued Operation": null,
      "Diluted Average Shares": 825000000.0,
      "Basic Average Shares": 825000000.0,
      "Diluted EPS": 0.4,
      "Basic EPS": 0.4,
      "Diluted NI Availto Com Stockholders": null,
      "Net Income Common Stockholders": null,
      "Net Income": null,
      "Minority Interests": null,
      "Net Income Including Noncontrolling Interests": null,
      "Net Income Continuous Operations": null,
      "Tax Provision": null,
      "Pretax Income": null,
      "Other Non Operating Income Expenses": null,
      "Gain On Sale Of Security": null,
      "Operating Expense": null,
      "Other Operating Expenses": null,
      "Selling General And Administration": null,
      "General And Administrative Expense": null,
      "Total Revenue": null,
      "Operating Revenue": null
    },
    "2024-06-30T00:00:00": {
      "Tax Effect Of Unusual Items": 0.0,
      "Tax Rate For Calcs": 0.240082,
      "Net Income From Continuing Operation Net Minority Interest": 327300000.0,
      "Net Interest Income": 492400000.0,
      "Interest Income": 492400000.0,
      "Normalized Income": 327300000.0,
      "Net Income From Continuing And Discontinued Operation": 327300000.0,
      "Diluted Average Shares": 826649366.0,
      "Basic Average Shares": 826649366.0,
      "Diluted EPS": 0.395936,
      "Basic EPS": 0.395936,
      "Diluted NI Availto Com Stockholders": 327300000.0,
      "Net Income Common Stockholders": 327300000.0,
      "Net Income": 327300000.0,
      "Minority Interests": -6000000.0,
      "Net Income Including Noncontrolling Interests": 333300000.0,
      "Net Income Continuous Operations": 333300000.0,
      "Tax Provision": 105300000.0,
      "Pretax Income": 438600000.0,
      "Other Non Operating Income Expenses": -64100000.0,
      "Gain On Sale Of Security": 38600000.0,
      "Operating Expense": 418200000.0,
      "Other Operating Expenses": 0.0,
      "Selling General And Administration": 200600000.0,
      "General And Administrative Expense": 200600000.0,
      "Total Revenue": 808900000.0,
      "Operating Revenue": 808900000.0
    }
  },
  "balance_sheet": {
    "2024-06-30T00:00:00": {
      "Treasury Shares Number": 6299458.0,
      "Ordinary Shares Number": 826649366.0,
      "Share Issued": 832948824.0,
      "Net Debt": 29417998000.0,
      "Total Debt": 33734434000.0,
      "Tangible Book Value": 10111639000.0,
      "Invested Capital": 44678605000.0,
      "Net Tangible Assets": 10111639000.0,
      "Common Stock Equity": 11157071000.0,
      "Total Capitalization": 44678605000.0,
      "Total Equity Gross Minority Interest": 11243185000.0,
      "Minority Interest": 86114000.0,
      "Stockholders Equity": 11157071000.0,
      "Fixed Assets Revaluation Reserve": -68578000.0,
      "Treasury Stock": 68828000.0,
      "Retained Earnings": 1273382000.0,
      "Additional Paid In Capital": 2195606000.0,
      "Capital Stock": 444515000.0,
      "Common Stock": 444515000.0,
      "Total Liabilities Net Minority Interest": 87983089000.0,
      "Derivative Product Liabilities": 5985514000.0,
      "Long Term Debt And Capital Lease Obligation": 33734434000.0,
      "Payables": 1319151000.0,
      "Other Payable": 781503000.0,
      "Total Tax Payable": 537648000.0,
      "Total Assets": 99226274000.0,
      "Investments And Advances": 31902512000.0,
      "Investmentin Financial Assets": 31902512000.0,
      "Available For Sale Securities": 11456195000.0,
      "Financial Assets Designatedas Fair Value Through Profitor Loss Total": 798002000.0,
      "Trading Securities": 12339225000.0,
      "Long Term Equity Investment": 3789216000.0,
      "Investment Properties": 56853000.0,
      "Goodwill And Other Intangible Assets": 1045432000.0,
      "Other Intangible Assets": 218119000.0,
      "Goodwill": 827313000.0,
      "Net PPE": 492763000.0,
      "Accumulated Depreciation": -392560000.0,
      "Gross PPE": 885323000.0,
      "Other Properties": 175270000.0,
      "Machinery Furniture Equipment": 94912000.0,
      "Buildings And Improvements": 498312000.0,
      "Land And Improvements": 116829000.0,
      "Prepaid Assets": 2447000.0,
      "Receivables": 385634000.0,
      "Taxes Receivable": 730994000.0,
      "Cash And Cash Equivalents": 4103536000.0,
      "Cash Financial": 118477000.0,
      "Cash Cash Equivalents And Federal Funds Sold": 9478541000.0
    },
    "2023-06-30T00:00:00": {
      "Treasury Shares Number": 8454929.0,
      "Ordinary Shares Number": 840802545.0,
      "Share Issued": 849257474.0,
      "Net Debt": 21393725000.0,
      "Total Debt": 26368246000.0,
      "Tangible Book Value": 10528734000.0,
      "Invested Capital": 37477071000.0,
      "Net Tangible Assets": 10528734000.0,
      "Common Stock Equity": 11325434000.0,
      "Total Capitalization": 37477071000.0,
      "Total Equity Gross Minority Interest": 11429577000.0,
      "Minority Interest": 104143000.0,
      "Stockholders Equity": 11325434000.0,
      "Fixed Assets Revaluation Reserve": 62127000.0,
      "Treasury Stock": 78876000.0,
      "Retained Earnings": 1025986000.0,
      "Additional Paid In Capital": 2195606000.0,
      "Capital Stock": 444169000.0,
      "Common Stock": 444169000.0,
      "Total Liabilities Net Minority Interest": 80194247000.0,
      "Derivative Product Liabilities": 7376120000.0,
      "Long Term Debt And Capital Lease Obligation": 26368246000.0,
      "Payables": 416935000.0,
      "Other Payable": 429302000.0,
      "Total Tax Payable": 416935000.0,
      "Total Assets": 91623824000.0,
      "Investments And Advances": 25703046000.0,
      "Investmentin Financial Assets": 25703046000.0,
      "Available For Sale Securities": 10711431000.0,
      "Financial Assets Designatedas Fair Value Through Profitor Loss Total": 563774000.0,
      "Trading Securities": 6665688000.0,
      "Long Term Equity Investment": 3563831000.0,
      "Investment Properties": 55859000.0,
      "Goodwill And Other Intangible Assets": 796700000.0,
      "Other Intangible Assets": 222150000.0,
      "Goodwill": 574550000.0,
      "Net PPE": 474883000.0,
      "Accumulated Depreciation": -370741000.0,
      "Gross PPE": 845624000.0,
      "Other Properties": 150842000.0,
      "Machinery Furniture Equipment": 82724000.0,
      "Buildings And Improvements": 511819000.0,
      "Land And Improvements": 100239000.0,
      "Prepaid Assets": 2475000.0,
      "Receivables": 308388000.0,
      "Taxes Receivable": 244746000.0,
      "Cash And Cash Equivalents": 4757912000.0,
      "Cash Financial": 123417000.0,
      "Cash Cash Equivalents And Federal Funds Sold": 8207231000.0
    },
    "2022-06-30T00:00:00": {
      "Treasury Shares Number": 25812945.0,
      "Ordinary Shares Number": 838885607.0,
      "Share Issued": 864698552.0,
      "Net Debt": 14204531000.0,
      "Total Debt": 22745595000.0,
      "Tangible Book Value": 9808860000.0,
      "Invested Capital": 33184019000.0,
      "Net Tangible Assets": 9808860000.0,
      "Common Stock Equity": 10647271000.0,
      "Total Capitalization": 33184019000.0,
      "Total Equity Gross Minority Interest": 10748842000.0,
      "Minority Interest": 101571000.0,
      "Stockholders Equity": 10647271000.0,
      "Fixed Assets Revaluation Reserve": 433592000.0,
      "Treasury Stock": 240807000.0,
      "Retained Earnings": 906977000.0,
      "Additional Paid In Capital": 2195606000.0,
      "Capital Stock": 443640000.0,
      "Common Stock": 443640000.0,
      "Total Liabilities Net Minority Interest": 79819578000.0,
      "Derivative Product Liabilities": 6838942000.0,
      "Long Term Debt And Capital Lease Obligation": 22745595000.0,
      "Payables": 758748000.0,
      "Other Payable": 442740000.0,
      "Total Tax Payable": 316008000.0,
      "Total Assets": 90568420000.0,
      "Investments And Advances": 23023227000.0,
      "Investmentin Financial Assets": 23023227000.0,
      "Available For Sale Securities": 8837423000.0,
      "Financial Assets Designatedas Fair Value Through Profitor Loss Total": 628270000.0,
      "Trading Securities": 6206633000.0,
      "Long Term Equity Investment": 3157866000.0,
      "Investment Properties": 65197000.0,
      "Goodwill And Other Intangible Assets": 838411000.0,
      "Other Intangible Assets": 221620000.0,
      "Goodwill": 616791000.0,
      "Net PPE": 446631000.0,
      "Accumulated Depreciation": -336519000.0,
      "Gross PPE": 783150000.0,
      "Other Properties": 135026000.0,
      "Machinery Furniture Equipment": 72255000.0,
      "Buildings And Improvements": 475630000.0,
      "Land And Improvements": 100239000.0,
      "Prepaid Assets": 2687000.0,
      "Receivables": 367948000.0,
      "Taxes Receivable": 451010000.0,
      "Cash And Cash Equivalents": 8332217000.0,
      "Cash Financial": 116919000.0,
      "Cash Cash Equivalents And Federal Funds Sold": 10960254000.0
    },
    "2021-06-30T00:00:00": {
      "Treasury Shares Number": 24910107.0,
      "Ordinary Shares Number": 862369906.0,
      "Share Issued": 887280013.0,
      "Net Debt": 18971657000.0,
      "Total Debt": 22884523000.0,
      "Tangible Book Value": 10268681000.0,
      "Invested Capital": 33670258000.0,
      "Net Tangible Assets": 10268681000.0,
      "Common Stock Equity": 11012818000.0,
      "Total Capitalization": 33670258000.0,
      "Total Equity Gross Minority Interest": 11101130000.0,
      "Minority Interest": 88312000.0,
      "Stockholders Equity": 11012818000.0,
      "Fixed Assets Revaluation Reserve": 931230000.0,
      "Treasury Stock": 216736000.0,
      "Retained Earnings": 807576000.0,
      "Additional Paid In Capital": 2195606000.0,
      "Capital Stock": 443640000.0,
      "Common Stock": 443640000.0,
      "Total Liabilities Net Minority Interest": 71497570000.0,
      "Derivative Product Liabilities": 6376751000.0,
      "Long Term Debt And Capital Lease Obligation": 22884523000.0,
      "Payables": 688635000.0,
      "Other Payable": 407214000.0,
      "Total Tax Payable": 281421000.0,
      "Total Assets": 82598700000.0,
      "Investments And Advances": 23307488000.0,
      "Investmentin Financial Assets": 23307488000.0,
      "Available For Sale Securities": 7291145000.0,
      "Financial Assets Designatedas Fair Value Through Profitor Loss Total": 735292000.0,
      "Trading Securities": 7265474000.0,
      "Long Term Equity Investment": 3702925000.0,
      "Investment Properties": 70813000.0,
      "Goodwill And Other Intangible Assets": 744137000.0,
      "Other Intangible Assets": 141774000.0,
      "Goodwill": 602363000.0,
      "Net PPE": 439396000.0,
      "Accumulated Depreciation": -283493000.0,
      "Gross PPE": 722889000.0,
      "Other Properties": 129208000.0,
      "Machinery Furniture Equipment": 71341000.0,
      "Buildings And Improvements": 437445000.0,
      "Land And Improvements": 84895000.0,
      "Prepaid Assets": 2750000.0,
      "Receivables": 365631000.0,
      "Taxes Receivable": 359233000.0,
      "Cash And Cash Equivalents": 3685783000.0,
      "Cash Financial": 124268000.0,
      "Cash Cash Equivalents And Federal Funds Sold": 7102437000.0
    }
  },
  "cashflow": {
    "2024-06-30T00:00:00": {
      "Free Cash Flow": 351842000.0,
      "Capital Expenditure": -87666000.0,
      "End Cash Position": 3361150000.0,
      "Other Cash Adjustment Outside Changein Cash": null,
      "Beginning Cash Position": 4236982000.0,
      "Effect Of Exchange Rate Changes": 0.0,
      "Changes In Cash": -875832000.0,
      "Financing Cash Flow": -1334388000.0,
      "Net Other Financing Charges": 6252000.0,
      "Cash Dividends Paid": -1153045000.0,
      "Common Stock Dividend Paid": -1153045000.0,
      "Net Common Stock Issuance": -181343000.0,
      "Investing Cash Flow": 19048000.0,
      "Dividends Received Cfi": 271497000.0,
      "Net Business Purchase And Sale": -164911000.0,
      "Sale Of Business": 100056000.0,
      "Purchase Of Business": -264967000.0,
      "Net Intangibles Purchase And Sale": -36505000.0,
      "Sale Of Intangibles": 0.0,
      "Purchase Of Intangibles": -36505000.0,
      "Net PPE Purchase And Sale": -51033000.0,
      "Sale Of PPE": 128000.0,
      "Purchase Of PPE": -51161000.0,
      "Operating Cash Flow": 439508000.0,
      "Cash Flowsfromusedin Operating Activities Direct": 439508000.0,
      "Classesof Cash Payments": -12995159000.0,
      "Other Cash Paymentsfrom Operating Activities": -8507812000.0,
      "Paymentson Behalfof Employees": -620371000.0,
      "Classesof Cash Receiptsfrom Operating Activities": 13434667000.0,
      "Other Cash Receiptsfrom Operating Activities": 266286000.0
    },
    "2023-06-30T00:00:00": {
      "Free Cash Flow": -3237158000.0,
      "Capital Expenditure": -76198000.0,
      "End Cash Position": 4236982000.0,
      "Other Cash Adjustment Outside Changein Cash": null,
      "Beginning Cash Position": 7861601000.0,
      "Effect Of Exchange Rate Changes": 0.0,
      "Changes In Cash": -3624619000.0,
      "Financing Cash Flow": -633951000.0,
      "Net Other Financing Charges": null,
      "Cash Dividends Paid": -633951000.0,
      "Common Stock Dividend Paid": -633951000.0,
      "Net Common Stock Issuance": 0.0,
      "Investing Cash Flow": 170292000.0,
      "Dividends Received Cfi": 243847000.0,
      "Net Business Purchase And Sale": -7154000.0,
      "Sale Of Business": 246000.0,
      "Purchase Of Business": -7400000.0,
      "Net Intangibles Purchase And Sale": -36352000.0,
      "Sale Of Intangibles": 95000.0,
      "Purchase Of Intangibles": -36447000.0,
      "Net PPE Purchase And Sale": -30049000.0,
      "Sale Of PPE": 9702000.0,
      "Purchase Of PPE": -39751000.0,
      "Operating Cash Flow": -3160960000.0,
      "Cash Flowsfromusedin Operating Activities Direct": -3160960000.0,
      "Classesof Cash Payments": -8811249000.0,
      "Other Cash Paymentsfrom Operating Activities": -6642365000.0,
      "Paymentson Behalfof Employees": -552436000.0,
      "Classesof Cash Receiptsfrom Operating Activities": 5650289000.0,
      "Other Cash Receiptsfrom Operating Activities": 396787000.0
    },
    "2022-06-30T00:00:00": {
      "Free Cash Flow": 5087049000.0,
      "Capital Expenditure": -58620000.0,
      "End Cash Position": 7861601000.0,
      "Other Cash Adjustment Outside Changein Cash": null,
      "Beginning Cash Position": 3273438000.0,
      "Effect Of Exchange Rate Changes": 0.0,
      "Changes In Cash": 4588163000.0,
      "Financing Cash Flow": -821049000.0,
      "Net Other Financing Charges": null,
      "Cash Dividends Paid": -579618000.0,
      "Common Stock Dividend Paid": -579618000.0,
      "Net Common Stock Issuance": -241431000.0,
      "Investing Cash Flow": 263543000.0,
      "Dividends Received Cfi": 313833000.0,
      "Net Business Purchase And Sale": 0.0,
      "Sale Of Business": 0.0,
      "Purchase Of Business": 0.0,
      "Net Intangibles Purchase And Sale": -25905000.0,
      "Sale Of Intangibles": 6255000.0,
      "Purchase Of Intangibles": -32160000.0,
      "Net PPE Purchase And Sale": -24385000.0,
      "Sale Of PPE": 2075000.0,
      "Purchase Of PPE": -26460000.0,
      "Operating Cash Flow": 5145669000.0,
      "Cash Flowsfromusedin Operating Activities Direct": 5145669000.0,
      "Classesof Cash Payments": -6105004000.0,
      "Other Cash Paymentsfrom Operating Activities": -5012181000.0,
      "Paymentson Behalfof Employees": -511278000.0,
      "Classesof Cash Receiptsfrom Operating Activities": 11250673000.0,
      "Other Cash Receiptsfrom Operating Activities": 404177000.0
    },
    "2021-06-30T00:00:00": {
      "Free Cash Flow": -150319000.0,
      "Capital Expenditure": -54875000.0,
      "End Cash Position": 3273438000.0,
      "Other Cash Adjustment Outside Changein Cash": -190888000.0,
      "Beginning Cash Position": 3219951000.0,
      "Effect Of Exchange Rate Changes": 0.0,
      "Changes In Cash": 53487000.0,
      "Financing Cash Flow": -3694000.0,
      "Net Other Financing Charges": null,
      "Cash Dividends Paid": -3694000.0,
      "Common Stock Dividend Paid": -3694000.0,
      "Net Common Stock Issuance": 0.0,
      "Investing Cash Flow": 152625000.0,
      "Dividends Received Cfi": 206954000.0,
      "Net Business Purchase And Sale": 0.0,
      "Sale Of Business": 0.0,
      "Purchase Of Business": 0.0,
      "Net Intangibles Purchase And Sale": -28540000.0,
      "Sale Of Intangibles": 0.0,
      "Purchase Of Intangibles": -28540000.0,
      "Net PPE Purchase And Sale": -25789000.0,
      "Sale Of PPE": 546000.0,
      "Purchase Of PPE": -26335000.0,
      "Operating Cash Flow": -95444000.0,
      "Cash Flowsfromusedin Operating Activities Direct": -95444000.0,
      "Classesof Cash Payments": -7573583000.0,
      "Other Cash Paymentsfrom Operating Activities": -6370192000.0,
      "Paymentson Behalfof Employees": -484144000.0,
      "Classesof Cash Receiptsfrom Operating Activities": 7478139000.0,
      "Other Cash Receiptsfrom Operating Activities": 287565000.0
    }
  },
  "earnings_estimate": {
    "avg": {
      "0q": null,
      "+1q": null,
      "0y": 1.62658,
      "+1y": 1.7974
    },
    "low": {
      "0q": null,
      "+1q": null,
      "0y": 1.5317,
      "+1y": 1.672
    },
    "high": {
      "0q": null,
      "+1q": null,
      "0y": 1.759,
      "+1y": 1.976
    },
    "numberOfAnalysts": {
      "0q": null,
      "+1q": null,
      "0y": 5.0,
      "+1y": 5.0
    },
    "yearAgoEps": {
      "0q": null,
      "+1q": null,
      "0y": null,
      "+1y": 1.62658
    },
    "growth": {
      "0q": null,
      "+1q": null,
      "0y": null,
      "+1y": 0.105
    }
  },
  "revenue_estimate": {
    "avg": {
      "0q": 0,
      "+1q": 0,
      "0y": 3822408150,
      "+1y": 4052615360
    },
    "low": {
      "0q": 0,
      "+1q": 0,
      "0y": 3713935440,
      "+1y": 3975691290
    },
    "high": {
      "0q": 0,
      "+1q": 0,
      "0y": 3893505300,
      "+1y": 4109000000
    },
    "numberOfAnalysts": {
      "0q": 0,
      "+1q": 0,
      "0y": 5,
      "+1y": 5
    },
    "yearAgoRevenue": {
      "0q": null,
      "+1q": null,
      "0y": 3660000000.0,
      "+1y": 3822408150.0
    },
    "growth": {
      "0q": null,
      "+1q": null,
      "0y": 0.0444,
      "+1y": 0.0602
    }
  },
  "growth_estimates": {
    "stockTrend": {
      "0q": null,
      "+1q": null,
      "0y": null,
      "+1y": 0.105,
      "LTG": null
    },
    "indexTrend": {
      "0q": 0.1273,
      "+1q": 0.103599995,
      "0y": 0.14310001,
      "+1y": 0.1557,
      "LTG": 0.122
    }
  },
  "revenue_forecasts": null,
  "dividend_rate": 1.26,
  "trailing_dividend_rate": 1.22
}