{
  "ticker": "MBG.DE",
  "name": "Mercedes-Benz",
  "country": "germany",
  "currency": "EUR",
  "last_fetched": "2026-02-26T20:47:45.525785",
  "market_cap": 52205608960,
  "revenue": 136974000128,
  "net_income": 6249999872,
  "pe_ratio": 9.1049385,
  "forward_pe": 7.4355907,
  "dividend_yield": 5.93,
  "profit_margin": 0.04563,
  "roe": 0.07067,
  "debt_to_equity": 110.505,
  "beta": 0.684,
  "ev_to_ebitda": 12.257,
  "sector": "Consumer Cyclical",
  "industry": "Auto Manufacturers",
  "summary": "Mercedes-Benz Group AG operates as an automotive company in Germany and internationally. It operates through Mercedes-Benz Cars, Mercedes-Benz Vans, and Mercedes-Benz Mobility segments. The company develops, manufactures, and sells cars and vans under the Mercedes-Benz, Mercedes-AMG, Mercedes-Maybach, G-Class brands, as well as related spare parts and accessories. It also provides financing, leasing, vehicle subscription and rental, fleet management, insurance brokerage, and mobility services, as well as digital services for charging and payment. The company was formerly known as Daimler AG and changed its name to Mercedes-Benz Group AG in February 2022. Mercedes-Benz Group AG was founded in 1886 and is headquartered in Stuttgart, Germany.",
  "website": "https://group.mercedes-benz.com",
  "employees": 163132,
  "target_high": 75.0,
  "target_low": 43.0,
  "target_mean": 62.69875,
  "target_median": 61.0,
  "recommendation": "buy",
  "num_analysts": 24,
  "income_stmt": {
    "2024-12-31T00:00:00": {
      "Tax Effect Of Unusual Items": 43560000.0,
      "Tax Rate For Calcs": 0.264,
      "Normalized EBITDA": 21340000000.0,
      "Total Unusual Items": 165000000.0,
      "Total Unusual Items Excluding Goodwill": 165000000.0,
      "Net Income From Continuing Operation Net Minority Interest": 10207000000.0,
      "Reconciled Depreciation": 6772000000.0,
      "Reconciled Cost Of Revenue": 117018000000.0,
      "EBITDA": 21505000000.0,
      "EBIT": 14733000000.0,
      "Net Interest Income": 435000000.0,
      "Interest Expense": 586000000.0,
      "Interest Income": 738000000.0,
      "Normalized Income": 10085560000.0,
      "Net Income From Continuing And Discontinued Operation": 10207000000.0,
      "Total Expenses": 133293000000.0,
      "Diluted Average Shares": 1002000000.0,
      "Basic Average Shares": 1002000000.0,
      "Diluted EPS": 10.19,
      "Basic EPS": 10.19,
      "Diluted NI Availto Com Stockholders": 10207000000.0,
      "Net Income Common Stockholders": 10207000000.0,
      "Otherunder Preferred Stock Dividend": 0.0,
      "Net Income": 10207000000.0,
      "Minority Interests": -202000000.0,
      "Net Income Including Noncontrolling Interests": 10409000000.0,
      "Net Income Discontinuous Operations": null,
      "Net Income Continuous Operations": 10409000000.0,
      "Tax Provision": 3738000000.0,
      "Pretax Income": 14147000000.0,
      "Other Non Operating Income Expenses": 304000000.0,
      "Special Income Charges": -107000000.0,
      "Other Special Charges": 107000000.0,
      "Net Non Operating Interest Income Expense": 435000000.0,
      "Total Other Finance Cost": -283000000.0,
      "Interest Expense Non Operating": 586000000.0,
      "Interest Income Non Operating": 738000000.0,
      "Operating Income": 12301000000.0,
      "Operating Expense": 16275000000.0,
      "Other Operating Expenses": 345000000.0,
      "Research And Development": 5580000000.0,
      "Selling General And Administration": 12522000000.0,
      "Selling And Marketing Expense": 9993000000.0,
      "General And Administrative Expense": 2529000000.0,
      "Gross Profit": 28576000000.0,
      "Cost Of Revenue": 117018000000.0,
      "Total Revenue": 145594000000.0,
      "Operating Revenue": 145594000000.0
    },
    "2023-12-31T00:00:00": {
      "Tax Effect Of Unusual Items": 49680000.0,
      "Tax Rate For Calcs": 0.276,
      "Normalized EBITDA": 27258000000.0,
      "Total Unusual Items": 180000000.0,
      "Total Unusual Items Excluding Goodwill": 180000000.0,
      "Net Income From Continuing Operation Net Minority Interest": 14261000000.0,
      "Reconciled Depreciation": 6663000000.0,
      "Reconciled Cost Of Revenue": 117386000000.0,
      "EBITDA": 27438000000.0,
      "EBIT": 20775000000.0,
      "Net Interest Income": 6000000.0,
      "Interest Expense": 691000000.0,
      "Interest Income": 678000000.0,
      "Normalized Income": 14130680000.0,
      "Net Income From Continuing And Discontinued Operation": 14261000000.0,
      "Total Expenses": 134868000000.0,
      "Diluted Average Shares": 1059600000.0,
      "Basic Average Shares": 1059600000.0,
      "Diluted EPS": 13.46,
      "Basic EPS": 13.46,
      "Diluted NI Availto Com Stockholders": 14261000000.0,
      "Net Income Common Stockholders": 14261000000.0,
      "Otherunder Preferred Stock Dividend": 0.0,
      "Net Income": 14261000000.0,
      "Minority Interests": -270000000.0,
      "Net Income Including Noncontrolling Interests": 14531000000.0,
      "Net Income Discontinuous Operations": null,
      "Net Income Continuous Operations": 14531000000.0,
      "Tax Provision": 5553000000.0,
      "Pretax Income": 20084000000.0,
      "Other Non Operating Income Expenses": 139000000.0,
      "Special Income Charges": -238000000.0,
      "Other Special Charges": 238000000.0,
      "Net Non Operating Interest Income Expense": 6000000.0,
      "Total Other Finance Cost": -19000000.0,
      "Interest Expense Non Operating": 691000000.0,
      "Interest Income Non Operating": 678000000.0,
      "Operating Income": 17522000000.0,
      "Operating Expense": 17482000000.0,
      "Other Operating Expenses": 249000000.0,
      "Research And Development": 6230000000.0,
      "Selling General And Administration": 13041000000.0,
      "Selling And Marketing Expense": 10270000000.0,
      "General And Administrative Expense": 2771000000.0,
      "Gross Profit": 35004000000.0,
      "Cost Of Revenue": 117386000000.0,
      "Total Revenue": 152390000000.0,
      "Operating Revenue": 152390000000.0
    },
    "2022-12-31T00:00:00": {
      "Tax Effect Of Unusual Items": 96476000.0,
      "Tax Rate For Calcs": 0.271,
      "Normalized EBITDA": 26896000000.0,
      "Total Unusual Items": 356000000.0,
      "Total Unusual Items Excluding Goodwill": 356000000.0,
      "Net Income From Continuing Operation Net Minority Interest": 14501000000.0,
      "Reconciled Depreciation": 6521000000.0,
      "Reconciled Cost Of Revenue": 115997000000.0,
      "EBITDA": 27252000000.0,
      "EBIT": 20731000000.0,
      "Net Interest Income": 249000000.0,
      "Interest Expense": 427000000.0,
      "Interest Income": 818000000.0,
      "Normalized Income": 14241476000.0,
      "Net Income From Continuing And Discontinued Operation": 14501000000.0,
      "Total Expenses": 132133000000.0,
      "Diluted Average Shares": 1069800000.0,
      "Basic Average Shares": 1069800000.0,
      "Diluted EPS": 13.55,
      "Basic EPS": 13.55,
      "Diluted NI Availto Com Stockholders": 14501000000.0,
      "Net Income Common Stockholders": 14501000000.0,
      "Otherunder Preferred Stock Dividend": 0.0,
      "Net Income": 14501000000.0,
      "Minority Interests": -308000000.0,
      "Net Income Including Noncontrolling Interests": 14809000000.0,
      "Net Income Discontinuous Operations": 0.0,
      "Net Income Continuous Operations": 14809000000.0,
      "Tax Provision": 5495000000.0,
      "Pretax Income": 20304000000.0,
      "Other Non Operating Income Expenses": 83000000.0,
      "Special Income Charges": 419000000.0,
      "Other Special Charges": -419000000.0,
      "Net Non Operating Interest Income Expense": 249000000.0,
      "Total Other Finance Cost": 142000000.0,
      "Interest Expense Non Operating": 427000000.0,
      "Interest Income Non Operating": 818000000.0,
      "Operating Income": 17884000000.0,
      "Operating Expense": 16136000000.0,
      "Other Operating Expenses": 937000000.0,
      "Research And Development": 5602000000.0,
      "Selling General And Administration": 12066000000.0,
      "Selling And Marketing Expense": 9482000000.0,
      "General And Administrative Expense": 2584000000.0,
      "Gross Profit": 34020000000.0,
      "Cost Of Revenue": 115997000000.0,
      "Total Revenue": 150017000000.0,
      "Operating Revenue": 150017000000.0
    },
    "2021-12-31T00:00:00": {
      "Tax Effect Of Unusual Items": -208593000.0,
      "Tax Rate For Calcs": 0.301,
      "Normalized EBITDA": 23913000000.0,
      "Total Unusual Items": -693000000.0,
      "Total Unusual Items Excluding Goodwill": -693000000.0,
      "Net Income From Continuing Operation Net Minority Interest": 10660000000.0,
      "Reconciled Depreciation": 6980000000.0,
      "Reconciled Cost Of Revenue": 103218000000.0,
      "EBITDA": 23220000000.0,
      "EBIT": 16240000000.0,
      "Net Interest Income": 100000000.0,
      "Interest Expense": 429000000.0,
      "Interest Income": 307000000.0,
      "Normalized Income": 11144407000.0,
      "Net Income From Continuing And Discontinued Operation": 23006000000.0,
      "Total Expenses": 118917000000.0,
      "Diluted Average Shares": 1069800000.0,
      "Basic Average Shares": 1069800000.0,
      "Diluted EPS": 21.5,
      "Basic EPS": 21.5,
      "Diluted NI Availto Com Stockholders": 23006000000.0,
      "Net Income Common Stockholders": 23006000000.0,
      "Otherunder Preferred Stock Dividend": 0.0,
      "Net Income": 23006000000.0,
      "Minority Interests": -390000000.0,
      "Net Income Including Noncontrolling Interests": 23396000000.0,
      "Net Income Discontinuous Operations": 12346000000.0,
      "Net Income Continuous Operations": 11050000000.0,
      "Tax Provision": 4761000000.0,
      "Pretax Income": 15811000000.0,
      "Other Non Operating Income Expenses": 76000000.0,
      "Special Income Charges": -693000000.0,
      "Other Special Charges": 693000000.0,
      "Net Non Operating Interest Income Expense": 100000000.0,
      "Total Other Finance Cost": -222000000.0,
      "Interest Expense Non Operating": 429000000.0,
      "Interest Income Non Operating": 307000000.0,
      "Operating Income": 14976000000.0,
      "Operating Expense": 15699000000.0,
      "Other Operating Expenses": 783000000.0,
      "Research And Development": 5467000000.0,
      "Selling General And Administration": 12002000000.0,
      "Selling And Marketing Expense": 9194000000.0,
      "General And Administrative Expense": 2808000000.0,
      "Gross Profit": 30675000000.0,
      "Cost Of Revenue": 103218000000.0,
      "Total Revenue": 133893000000.0,
      "Operating Revenue": 133893000000.0
    }
  },
  "quarterly_income": {
    "2025-06-30T00:00:00": {
      "Tax Effect Of Unusual Items": 26628000.0,
      "Tax Rate For Calcs": 0.317,
      "Normalized EBITDA": 3122000000.0,
      "Total Unusual Items": 84000000.0,
      "Total Unusual Items Excluding Goodwill": 84000000.0,
      "Net Income From Continuing Operation Net Minority Interest": 915000000.0,
      "Reconciled Depreciation": 1689000000.0,
      "Reconciled Cost Of Revenue": 27711000000.0,
      "EBITDA": 3206000000.0,
      "EBIT": 1517000000.0,
      "Net Interest Income": 247000000.0,
      "Interest Expense": 115000000.0,
      "Interest Income": 156000000.0,
      "Normalized Income": 857628000.0,
      "Net Income From Continuing And Discontinued Operation": 915000000.0,
      "Total Expenses": 32165000000.0,
      "Diluted Average Shares": 963157895.0,
      "Basic Average Shares": 963157895.0,
      "Diluted EPS": 0.95,
      "Basic EPS": 0.95,
      "Diluted NI Availto Com Stockholders": 915000000.0,
      "Net Income Common Stockholders": 915000000.0,
      "Otherunder Preferred Stock Dividend": 0.0,
      "Net Income": 915000000.0,
      "Minority Interests": -42000000.0,
      "Net Income Including Noncontrolling Interests": 957000000.0,
      "Net Income Continuous Operations": 957000000.0,
      "Tax Provision": 445000000.0,
      "Pretax Income": 1402000000.0,
      "Special Income Charges": null,
      "Write Off": null,
      "Net Non Operating Interest Income Expense": 247000000.0,
      "Total Other Finance Cost": -206000000.0,
      "Interest Expense Non Operating": 115000000.0,
      "Interest Income Non Operating": 156000000.0,
      "Operating Income": 988000000.0,
      "Operating Expense": 4454000000.0,
      "Other Operating Expenses": 255000000.0,
      "Research And Development": 1460000000.0,
      "Selling General And Administration": 3122000000.0,
      "Selling And Marketing Expense": 2450000000.0,
      "General And Administrative Expense": 672000000.0,
      "Gross Profit": 5442000000.0,
      "Cost Of Revenue": 27711000000.0,
      "Total Revenue": 33153000000.0,
      "Operating Revenue": 33153000000.0
    },
    "2025-03-31T00:00:00": {
      "Tax Effect Of Unusual Items": -58425000.0,
      "Tax Rate For Calcs": 0.285,
      "Normalized EBITDA": 4596000000.0,
      "Total Unusual Items": -205000000.0,
      "Total Unusual Items Excluding Goodwill": -205000000.0,
      "Net Income From Continuing Operation Net Minority Interest": 1678000000.0,
      "Reconciled Depreciation": 1851000000.0,
      "Reconciled Cost Of Revenue": 26660000000.0,
      "EBITDA": 4391000000.0,
      "EBIT": 2540000000.0,
      "Net Interest Income": 78000000.0,
      "Interest Expense": 118000000.0,
      "Interest Income": 180000000.0,
      "Normalized Income": 1824575000.0,
      "Net Income From Continuing And Discontinued Operation": 1678000000.0,
      "Total Expenses": 31059000000.0,
      "Diluted Average Shares": 962900000.0,
      "Basic Average Shares": 962900000.0,
      "Diluted EPS": 1.74,
      "Basic EPS": 1.74,
      "Diluted NI Availto Com Stockholders": 1678000000.0,
      "Net Income Common Stockholders": 1678000000.0,
      "Otherunder Preferred Stock Dividend": 0.0,
      "Net Income": 1678000000.0,
      "Minority Interests": -53000000.0,
      "Net Income Including Noncontrolling Interests": 1731000000.0,
      "Net Income Continuous Operations": 1731000000.0,
      "Tax Provision": 691000000.0,
      "Pretax Income": 2422000000.0,
      "Special Income Charges": -245000000.0,
      "Write Off": 245000000.0,
      "Net Non Operating Interest Income Expense": 78000000.0,
      "Total Other Finance Cost": -16000000.0,
      "Interest Expense Non Operating": 118000000.0,
      "Interest Income Non Operating": 180000000.0,
      "Operating Income": 2165000000.0,
      "Operating Expense": 4399000000.0,
      "Other Operating Expenses": 70000000.0,
      "Research And Development": 1607000000.0,
      "Selling General And Administration": 3060000000.0,
      "Selling And Marketing Expense": 2400000000.0,
      "General And Administrative Expense": 660000000.0,
      "Gross Profit": 6564000000.0,
      "Cost Of Revenue": 26660000000.0,
      "Total Revenue": 33224000000.0,
      "Operating Revenue": 33224000000.0
    },
    "2024-12-31T00:00:00": {
      "Tax Effect Of Unusual Items": 1490172.361657,
      "Tax Rate For Calcs": 0.212882,
      "Normalized EBITDA": 5277000000.0,
      "Total Unusual Items": 7000000.0,
      "Total Unusual Items Excluding Goodwill": 7000000.0,
      "Net Income From Continuing Operation Net Minority Interest": 2484000000.0,
      "Reconciled Depreciation": 1824000000.0,
      "Reconciled Cost Of Revenue": 31016000000.0,
      "EBITDA": 5284000000.0,
      "EBIT": 3460000000.0,
      "Net Interest Income": 213000000.0,
      "Interest Expense": 153000000.0,
      "Interest Income": 188000000.0,
      "Normalized Income": 2478490172.361657,
      "Net Income From Continuing And Discontinued Operation": 2484000000.0,
      "Total Expenses": 35258000000.0,
      "Diluted Average Shares": null,
      "Basic Average Shares": null,
      "Diluted EPS": null,
      "Basic EPS": null,
      "Diluted NI Availto Com Stockholders": 2484000000.0,
      "Net Income Common Stockholders": 2484000000.0,
      "Otherunder Preferred Stock Dividend": 0.0,
      "Net Income": 2484000000.0,
      "Minority Interests": -119000000.0,
      "Net Income Including Noncontrolling Interests": 2603000000.0,
      "Net Income Continuous Operations": 2603000000.0,
      "Tax Provision": 704000000.0,
      "Pretax Income": 3307000000.0,
      "Special Income Charges": null,
      "Write Off": null,
      "Net Non Operating Interest Income Expense": 213000000.0,
      "Total Other Finance Cost": -178000000.0,
      "Interest Expense Non Operating": 153000000.0,
      "Interest Income Non Operating": 188000000.0,
      "Operating Income": 3192000000.0,
      "Operating Expense": 4242000000.0,
      "Other Operating Expenses": 47000000.0,
      "Research And Development": 969000000.0,
      "Selling General And Administration": 3648000000.0,
      "Selling And Marketing Expense": 3064000000.0,
      "General And Administrative Expense": 584000000.0,
      "Gross Profit": 7434000000.0,
      "Cost Of Revenue": 31016000000.0,
      "Total Revenue": 38450000000.0,
      "Operating Revenue": 38450000000.0
    },
    "2024-09-30T00:00:00": {
      "Tax Effect Of Unusual Items": 21700000.0,
      "Tax Rate For Calcs": 0.35,
      "Normalized EBITDA": 4468000000.0,
      "Total Unusual Items": 62000000.0,
      "Total Unusual Items Excluding Goodwill": 62000000.0,
      "Net Income From Continuing Operation Net Minority Interest": 1733000000.0,
      "Reconciled Depreciation": 1649000000.0,
      "Reconciled Cost Of Revenue": 28170000000.0,
      "EBITDA": 4530000000.0,
      "EBIT": 2881000000.0,
      "Net Interest Income": -74000000.0,
      "Interest Expense": 236000000.0,
      "Interest Income": 165000000.0,
      "Normalized Income": 1692700000.0,
      "Net Income From Continuing And Discontinued Operation": 1733000000.0,
      "Total Expenses": 32397000000.0,
      "Diluted Average Shares": 1013600000.0,
      "Basic Average Shares": 1013600000.0,
      "Diluted EPS": 1.81,
      "Basic EPS": 1.81,
      "Diluted NI Availto Com Stockholders": 1733000000.0,
      "Net Income Common Stockholders": 1733000000.0,
      "Otherunder Preferred Stock Dividend": 0.0,
      "Net Income": 1733000000.0,
      "Minority Interests": 14000000.0,
      "Net Income Including Noncontrolling Interests": 1719000000.0,
      "Net Income Continuous Operations": 1719000000.0,
      "Tax Provision": 926000000.0,
      "Pretax Income": 2645000000.0,
      "Special Income Charges": null,
      "Write Off": null,
      "Net Non Operating Interest Income Expense": -74000000.0,
      "Total Other Finance Cost": 3000000.0,
      "Interest Expense Non Operating": 236000000.0,
      "Interest Income Non Operating": 165000000.0,
      "Operating Income": 2131000000.0,
      "Operating Expense": 4227000000.0,
      "Other Operating Expenses": 72000000.0,
      "Research And Development": 1682000000.0,
      "Selling General And Administration": 2899000000.0,
      "Selling And Marketing Expense": 2259000000.0,
      "General And Administrative Expense": 640000000.0,
      "Gross Profit": 6358000000.0,
      "Cost Of Revenue": 28170000000.0,
      "Total Revenue": 34528000000.0,
      "Operating Revenue": 34528000000.0
    },
    "2024-06-30T00:00:00": {
      "Tax Effect Of Unusual Items": 17225000.0,
      "Tax Rate For Calcs": 0.265,
      "Normalized EBITDA": 5868000000.0,
      "Total Unusual Items": 65000000.0,
      "Total Unusual Items Excluding Goodwill": 65000000.0,
      "Net Income From Continuing Operation Net Minority Interest": 3016000000.0,
      "Reconciled Depreciation": 1656000000.0,
      "Reconciled Cost Of Revenue": 28808000000.0,
      "EBITDA": 5933000000.0,
      "EBIT": 4277000000.0,
      "Net Interest Income": 49000000.0,
      "Interest Expense": 111000000.0,
      "Interest Income": 175000000.0,
      "Normalized Income": 2968225000.0,
      "Net Income From Continuing And Discontinued Operation": 3016000000.0,
      "Total Expenses": 33048000000.0,
      "Diluted Average Shares": 1022372881.0,
      "Basic Average Shares": 1022372881.0,
      "Diluted EPS": 2.95,
      "Basic EPS": 2.95,
      "Diluted NI Availto Com Stockholders": 3016000000.0,
      "Net Income Common Stockholders": 3016000000.0,
      "Otherunder Preferred Stock Dividend": 0.0,
      "Net Income": 3016000000.0,
      "Minority Interests": -46000000.0,
      "Net Income Including Noncontrolling Interests": 3062000000.0,
      "Net Income Continuous Operations": 3062000000.0,
      "Tax Provision": 1104000000.0,
      "Pretax Income": 4166000000.0,
      "Special Income Charges": null,
      "Write Off": null,
      "Net Non Operating Interest Income Expense": 49000000.0,
      "Total Other Finance Cost": 15000000.0,
      "Interest Expense Non Operating": 111000000.0,
      "Interest Income Non Operating": 175000000.0,
      "Operating Income": 3695000000.0,
      "Operating Expense": 4240000000.0,
      "Other Operating Expenses": 140000000.0,
      "Research And Development": 1461000000.0,
      "Selling General And Administration": 3171000000.0,
      "Selling And Marketing Expense": 2533000000.0,
      "General And Administrative Expense": 638000000.0,
      "Gross Profit": 7935000000.0,
      "Cost Of Revenue": 28808000000.0,
      "Total Revenue": 36743000000.0,
      "Operating Revenue": 36743000000.0
    }
  },
  "balance_sheet": {
    "2024-12-31T00:00:00": {
      "Treasury Shares Number": null,
      "Ordinary Shares Number": 962903703.0,
      "Share Issued": 962903703.0,
      "Net Debt": 76298000000.0,
      "Total Debt": 93042000000.0,
      "Tangible Book Value": 73189000000.0,
      "Invested Capital": 183434000000.0,
      "Working Capital": 26941000000.0,
      "Net Tangible Assets": 73189000000.0,
      "Capital Lease Obligations": 2233000000.0,
      "Common Stock Equity": 92625000000.0,
      "Total Capitalization": 153470000000.0,
      "Total Equity Gross Minority Interest": 93630000000.0,
      "Minority Interest": 1005000000.0,
      "Stockholders Equity": 92625000000.0,
      "Treasury Stock": 0.0,
      "Retained Earnings": 75469000000.0,
      "Additional Paid In Capital": 11718000000.0,
      "Capital Stock": 3070000000.0,
      "Common Stock": 3070000000.0,
      "Total Liabilities Net Minority Interest": 171380000000.0,
      "Total Non Current Liabilities Net Minority Interest": 96554000000.0,
      "Other Non Current Liabilities": 1151000000.0,
      "Derivative Product Liabilities": 610000000.0,
      "Non Current Pension And Other Postretirement Benefit Plans": 952000000.0,
      "Non Current Accrued Expenses": 4000000.0,
      "Tradeand Other Payables Non Current": 1350000000.0,
      "Non Current Deferred Revenue": 3295000000.0,
      "Non Current Deferred Taxes Liabilities": 7497000000.0,
      "Long Term Debt And Capital Lease Obligation": 62593000000.0,
      "Long Term Capital Lease Obligation": 1748000000.0,
      "Long Term Debt": 60845000000.0,
      "Long Term Provisions": 7332000000.0,
      "Current Liabilities": 74826000000.0,
      "Other Current Liabilities": 1581000000.0,
      "Current Debt And Capital Lease Obligation": 30449000000.0,
      "Current Capital Lease Obligation": 485000000.0,
      "Current Debt": 29964000000.0,
      "Current Provisions": 7688000000.0,
      "Payables": 13579000000.0,
      "Other Payable": null,
      "Total Tax Payable": 2267000000.0,
      "Accounts Payable": 11312000000.0,
      "Total Assets": 265010000000.0,
      "Total Non Current Assets": 163243000000.0,
      "Other Non Current Assets": 504000000.0,
      "Defined Pension Benefit": 1553000000.0,
      "Non Current Prepaid Assets": 164000000.0,
      "Non Current Deferred Taxes Assets": 4335000000.0,
      "Financial Assets": 705000000.0,
      "Investmentin Financial Assets": 2064000000.0,
      "Held To Maturity Securities": 644000000.0,
      "Available For Sale Securities": 704000000.0,
      "Financial Assets Designatedas Fair Value Through Profitor Loss Total": 716000000.0,
      "Trading Securities": null,
      "Long Term Equity Investment": 12786000000.0,
      "Investmentsin Joint Venturesat Cost": 464000000.0,
      "Investmentsin Associatesat Cost": 12322000000.0,
      "Goodwill And Other Intangible Assets": 19436000000.0,
      "Other Intangible Assets": 18682000000.0,
      "Goodwill": 754000000.0,
      "Net PPE": 71757000000.0,
      "Accumulated Depreciation": -63610000000.0,
      "Gross PPE": 135367000000.0,
      "Construction In Progress": 3615000000.0,
      "Other Properties": 58931000000.0,
      "Machinery Furniture Equipment": 53559000000.0,
      "Buildings And Improvements": 4032000000.0,
      "Land And Improvements": 15230000000.0,
      "Properties": 0.0,
      "Current Assets": 101767000000.0,
      "Other Current Assets": 751000000.0,
      "Hedging Assets Current": 586000000.0,
      "Assets Held For Sale Current": 160000000.0,
      "Prepaid Assets": 791000000.0,
      "Inventory": 25900000000.0,
      "Finished Goods": 20069000000.0,
      "Work In Process": 3032000000.0,
      "Raw Materials": 2799000000.0,
      "Other Receivables": 1880000000.0,
      "Taxes Receivable": 3407000000.0,
      "Accounts Receivable": 39864000000.0,
      "Allowance For Doubtful Accounts Receivable": -207000000.0,
      "Gross Accounts Receivable": 40071000000.0,
      "Cash Cash Equivalents And Short Term Investments": 21741000000.0,
      "Other Short Term Investments": 7230000000.0,
      "Cash And Cash Equivalents": 14511000000.0
    },
    "2023-12-31T00:00:00": {
      "Treasury Shares Number": 0.0,
      "Ordinary Shares Number": 1069837447.0,
      "Share Issued": 1069837447.0,
      "Net Debt": 69836000000.0,
      "Total Debt": 87964000000.0,
      "Tangible Book Value": 74180000000.0,
      "Invested Capital": 177571000000.0,
      "Working Capital": 20742000000.0,
      "Net Tangible Assets": 74180000000.0,
      "Capital Lease Obligations": 2166000000.0,
      "Common Stock Equity": 91773000000.0,
      "Total Capitalization": 145153000000.0,
      "Total Equity Gross Minority Interest": 92816000000.0,
      "Minority Interest": 1043000000.0,
      "Stockholders Equity": 91773000000.0,
      "Treasury Stock": 2256000000.0,
      "Retained Earnings": 76670000000.0,
      "Additional Paid In Capital": 11718000000.0,
      "Capital Stock": 3070000000.0,
      "Common Stock": 3070000000.0,
      "Total Liabilities Net Minority Interest": 170206000000.0,
      "Total Non Current Liabilities Net Minority Interest": 86916000000.0,
      "Other Non Current Liabilities": 1034000000.0,
      "Derivative Product Liabilities": 798000000.0,
      "Non Current Pension And Other Postretirement Benefit Plans": 1090000000.0,
      "Non Current Accrued Expenses": 6000000.0,
      "Tradeand Other Payables Non Current": 1481000000.0,
      "Non Current Deferred Revenue": 2886000000.0,
      "Non Current Deferred Taxes Liabilities": 7714000000.0,
      "Long Term Debt And Capital Lease Obligation": 55093000000.0,
      "Long Term Capital Lease Obligation": 1713000000.0,
      "Long Term Debt": 53380000000.0,
      "Long Term Provisions": 7345000000.0,
      "Current Liabilities": 83290000000.0,
      "Other Current Liabilities": 1582000000.0,
      "Current Debt And Capital Lease Obligation": 32871000000.0,
      "Current Capital Lease Obligation": 453000000.0,
      "Current Debt": 32418000000.0,
      "Current Provisions": 7955000000.0,
      "Payables": 15351000000.0,
      "Other Payable": 810000000.0,
      "Total Tax Payable": 2646000000.0,
      "Accounts Payable": 12705000000.0,
      "Total Assets": 263022000000.0,
      "Total Non Current Assets": 158990000000.0,
      "Other Non Current Assets": 416000000.0,
      "Defined Pension Benefit": 643000000.0,
      "Non Current Prepaid Assets": 169000000.0,
      "Non Current Deferred Taxes Assets": 4127000000.0,
      "Financial Assets": 1622000000.0,
      "Investmentin Financial Assets": 2321000000.0,
      "Held To Maturity Securities": 699000000.0,
      "Available For Sale Securities": 858000000.0,
      "Financial Assets Designatedas Fair Value Through Profitor Loss Total": 764000000.0,
      "Trading Securities": null,
      "Long Term Equity Investment": 13104000000.0,
      "Investmentsin Joint Venturesat Cost": 726000000.0,
      "Investmentsin Associatesat Cost": 12378000000.0,
      "Goodwill And Other Intangible Assets": 17593000000.0,
      "Other Intangible Assets": 16848000000.0,
      "Goodwill": 745000000.0,
      "Net PPE": 67802000000.0,
      "Accumulated Depreciation": -61358000000.0,
      "Gross PPE": 129160000000.0,
      "Construction In Progress": 2227000000.0,
      "Other Properties": 55732000000.0,
      "Machinery Furniture Equipment": 52807000000.0,
      "Buildings And Improvements": 3605000000.0,
      "Land And Improvements": 14789000000.0,
      "Properties": 0.0,
      "Current Assets": 104032000000.0,
      "Other Current Assets": 609000000.0,
      "Hedging Assets Current": 1038000000.0,
      "Assets Held For Sale Current": 795000000.0,
      "Prepaid Assets": 802000000.0,
      "Inventory": 26129000000.0,
      "Finished Goods": 20408000000.0,
      "Work In Process": 3070000000.0,
      "Raw Materials": 2651000000.0,
      "Other Receivables": 2215000000.0,
      "Taxes Receivable": 3419000000.0,
      "Accounts Receivable": 39928000000.0,
      "Allowance For Doubtful Accounts Receivable": -138000000.0,
      "Gross Accounts Receivable": 40066000000.0,
      "Cash Cash Equivalents And Short Term Investments": 22353000000.0,
      "Other Short Term Investments": 6391000000.0,
      "Cash And Cash Equivalents": 15962000000.0
    },
    "2022-12-31T00:00:00": {
      "Treasury Shares Number": null,
      "Ordinary Shares Number": 1069837447.0,
      "Share Issued": 1069837447.0,
      "Net Debt": 64090000000.0,
      "Total Debt": 84414000000.0,
      "Tangible Book Value": 69546000000.0,
      "Invested Capital": 167184000000.0,
      "Working Capital": 14471000000.0,
      "Net Tangible Assets": 69546000000.0,
      "Capital Lease Obligations": 2645000000.0,
      "Common Stock Equity": 85415000000.0,
      "Total Capitalization": 134958000000.0,
      "Total Equity Gross Minority Interest": 86540000000.0,
      "Minority Interest": 1125000000.0,
      "Stockholders Equity": 85415000000.0,
      "Treasury Stock": 0.0,
      "Retained Earnings": 67695000000.0,
      "Additional Paid In Capital": 11718000000.0,
      "Capital Stock": 3070000000.0,
      "Common Stock": 3070000000.0,
      "Total Liabilities Net Minority Interest": 173475000000.0,
      "Total Non Current Liabilities Net Minority Interest": 85072000000.0,
      "Other Non Current Liabilities": 2000000.0,
      "Derivative Product Liabilities": 1611000000.0,
      "Non Current Pension And Other Postretirement Benefit Plans": 1021000000.0,
      "Non Current Accrued Expenses": 6000000.0,
      "Tradeand Other Payables Non Current": 1236000000.0,
      "Non Current Deferred Revenue": 4890000000.0,
      "Non Current Deferred Taxes Liabilities": 6910000000.0,
      "Long Term Debt And Capital Lease Obligation": 51590000000.0,
      "Long Term Capital Lease Obligation": 2047000000.0,
      "Long Term Debt": 49543000000.0,
      "Long Term Provisions": 6438000000.0,
      "Current Liabilities": 88403000000.0,
      "Other Current Liabilities": 155000000.0,
      "Current Debt And Capital Lease Obligation": 32824000000.0,
      "Current Capital Lease Obligation": 598000000.0,
      "Current Debt": 32226000000.0,
      "Current Provisions": 9585000000.0,
      "Payables": 15847000000.0,
      "Other Payable": 663000000.0,
      "Total Tax Payable": 2980000000.0,
      "Accounts Payable": 12204000000.0,
      "Total Assets": 260015000000.0,
      "Total Non Current Assets": 157141000000.0,
      "Other Non Current Assets": 417000000.0,
      "Defined Pension Benefit": 738000000.0,
      "Non Current Prepaid Assets": 83000000.0,
      "Non Current Deferred Taxes Assets": 3725000000.0,
      "Financial Assets": 1995000000.0,
      "Investmentin Financial Assets": 2404000000.0,
      "Held To Maturity Securities": 823000000.0,
      "Available For Sale Securities": 768000000.0,
      "Financial Assets Designatedas Fair Value Through Profitor Loss Total": 813000000.0,
      "Trading Securities": null,
      "Long Term Equity Investment": 13530000000.0,
      "Investmentsin Joint Venturesat Cost": 991000000.0,
      "Investmentsin Associatesat Cost": 12539000000.0,
      "Goodwill And Other Intangible Assets": 15869000000.0,
      "Other Intangible Assets": 15120000000.0,
      "Goodwill": 749000000.0,
      "Net PPE": 68802000000.0,
      "Accumulated Depreciation": -61459000000.0,
      "Gross PPE": 130261000000.0,
      "Construction In Progress": 1517000000.0,
      "Other Properties": 56026000000.0,
      "Machinery Furniture Equipment": 53699000000.0,
      "Buildings And Improvements": 2241000000.0,
      "Land And Improvements": 19019000000.0,
      "Properties": 0.0,
      "Current Assets": 102874000000.0,
      "Other Current Assets": 935000000.0,
      "Hedging Assets Current": 468000000.0,
      "Assets Held For Sale Current": 0.0,
      "Prepaid Assets": 614000000.0,
      "Inventory": 25458000000.0,
      "Finished Goods": 19058000000.0,
      "Work In Process": 3491000000.0,
      "Raw Materials": 2909000000.0,
      "Other Receivables": 2460000000.0,
      "Taxes Receivable": 3086000000.0,
      "Accounts Receivable": 38486000000.0,
      "Allowance For Doubtful Accounts Receivable": -190000000.0,
      "Gross Accounts Receivable": 38676000000.0,
      "Cash Cash Equivalents And Short Term Investments": 24358000000.0,
      "Other Short Term Investments": 6679000000.0,
      "Cash And Cash Equivalents": 17679000000.0
    },
    "2021-12-31T00:00:00": {
      "Treasury Shares Number": null,
      "Ordinary Shares Number": 1069837447.0,
      "Share Issued": 1069837447.0,
      "Net Debt": 68167000000.0,
      "Total Debt": 93849000000.0,
      "Tangible Book Value": 56946000000.0,
      "Invested Capital": 163238000000.0,
      "Working Capital": 15254000000.0,
      "Net Tangible Assets": 56946000000.0,
      "Capital Lease Obligations": 2562000000.0,
      "Common Stock Equity": 71951000000.0,
      "Total Capitalization": 132565000000.0,
      "Total Equity Gross Minority Interest": 73167000000.0,
      "Minority Interest": 1216000000.0,
      "Stockholders Equity": 71951000000.0,
      "Treasury Stock": 0.0,
      "Retained Earnings": 55926000000.0,
      "Additional Paid In Capital": 11723000000.0,
      "Capital Stock": 3070000000.0,
      "Common Stock": 3070000000.0,
      "Total Liabilities Net Minority Interest": 186664000000.0,
      "Total Non Current Liabilities Net Minority Interest": 98989000000.0,
      "Other Non Current Liabilities": 4000000.0,
      "Derivative Product Liabilities": 1087000000.0,
      "Non Current Pension And Other Postretirement Benefit Plans": 5359000000.0,
      "Non Current Accrued Expenses": 10000000.0,
      "Tradeand Other Payables Non Current": 723000000.0,
      "Non Current Deferred Revenue": 5155000000.0,
      "Non Current Deferred Taxes Liabilities": 4488000000.0,
      "Long Term Debt And Capital Lease Obligation": 62680000000.0,
      "Long Term Capital Lease Obligation": 2066000000.0,
      "Long Term Debt": 60614000000.0,
      "Long Term Provisions": 7909000000.0,
      "Current Liabilities": 87675000000.0,
      "Other Current Liabilities": 156000000.0,
      "Current Debt And Capital Lease Obligation": 31169000000.0,
      "Current Capital Lease Obligation": 496000000.0,
      "Current Debt": 30673000000.0,
      "Current Provisions": 8053000000.0,
      "Payables": 14326000000.0,
      "Other Payable": 741000000.0,
      "Total Tax Payable": 2930000000.0,
      "Accounts Payable": 10655000000.0,
      "Total Assets": 259831000000.0,
      "Total Non Current Assets": 156902000000.0,
      "Other Non Current Assets": 369000000.0,
      "Defined Pension Benefit": 608000000.0,
      "Non Current Prepaid Assets": 121000000.0,
      "Non Current Deferred Taxes Assets": 3434000000.0,
      "Financial Assets": 892000000.0,
      "Investmentin Financial Assets": 2472000000.0,
      "Held To Maturity Securities": 873000000.0,
      "Available For Sale Securities": 911000000.0,
      "Financial Assets Designatedas Fair Value Through Profitor Loss Total": 688000000.0,
      "Trading Securities": 873000000.0,
      "Long Term Equity Investment": 13588000000.0,
      "Investmentsin Joint Venturesat Cost": 936000000.0,
      "Investmentsin Associatesat Cost": 12652000000.0,
      "Goodwill And Other Intangible Assets": 15005000000.0,
      "Other Intangible Assets": 14241000000.0,
      "Goodwill": 764000000.0,
      "Net PPE": 72330000000.0,
      "Accumulated Depreciation": -56800000000.0,
      "Gross PPE": 129130000000.0,
      "Construction In Progress": 2195000000.0,
      "Other Properties": 57998000000.0,
      "Machinery Furniture Equipment": 51212000000.0,
      "Buildings And Improvements": 2320000000.0,
      "Land And Improvements": 15405000000.0,
      "Properties": 0.0,
      "Current Assets": 102929000000.0,
      "Other Current Assets": 755000000.0,
      "Hedging Assets Current": 128000000.0,
      "Assets Held For Sale Current": 3142000000.0,
      "Prepaid Assets": 625000000.0,
      "Inventory": 21286000000.0,
      "Finished Goods": 14829000000.0,
      "Work In Process": 3969000000.0,
      "Raw Materials": 2488000000.0,
      "Other Receivables": 3067000000.0,
      "Taxes Receivable": 2873000000.0,
      "Accounts Receivable": 33862000000.0,
      "Allowance For Doubtful Accounts Receivable": -145000000.0,
      "Gross Accounts Receivable": 34007000000.0,
      "Cash Cash Equivalents And Short Term Investments": 29864000000.0,
      "Other Short Term Investments": 6744000000.0,
      "Cash And Cash Equivalents": 23120000000.0
    }
  },
  "cashflow": {
    "2024-12-31T00:00:00": {
      "Free Cash Flow": 9070000000.0,
      "Repurchase Of Capital Stock": -4921000000.0,
      "Repayment Of Debt": null,
      "Issuance Of Debt": null,
      "Issuance Of Capital Stock": null,
      "Capital Expenditure": -8665000000.0,
      "End Cash Position": 14516000000.0,
      "Beginning Cash Position": 15972000000.0,
      "Effect Of Exchange Rate Changes": 311000000.0,
      "Changes In Cash": -1767000000.0,
      "Financing Cash Flow": -10752000000.0,
      "Net Other Financing Charges": -106000000.0,
      "Cash Dividends Paid": -5486000000.0,
      "Net Common Stock Issuance": -4921000000.0,
      "Common Stock Payments": -4921000000.0,
      "Common Stock Issuance": null,
      "Net Issuance Payments Of Debt": null,
      "Net Short Term Debt Issuance": null,
      "Net Long Term Debt Issuance": null,
      "Long Term Debt Payments": null,
      "Long Term Debt Issuance": null,
      "Investing Cash Flow": -8750000000.0,
      "Net Other Investing Changes": -1000000.0,
      "Net Investment Purchase And Sale": -625000000.0,
      "Sale Of Investment": 6160000000.0,
      "Purchase Of Investment": -6785000000.0,
      "Net Business Purchase And Sale": 353000000.0,
      "Sale Of Business": 716000000.0,
      "Purchase Of Business": -363000000.0,
      "Net Intangibles Purchase And Sale": -4626000000.0,
      "Purchase Of Intangibles": -4626000000.0,
      "Net PPE Purchase And Sale": -3851000000.0,
      "Sale Of PPE": 188000000.0,
      "Purchase Of PPE": -4039000000.0,
      "Operating Cash Flow": 17735000000.0,
      "Taxes Refund Paid": -4452000000.0,
      "Dividend Received Cfo": 1918000000.0,
      "Change In Working Capital": 694000000.0,
      "Change In Other Current Assets": -203000000.0,
      "Change In Payable": null,
      "Change In Inventory": 737000000.0,
      "Change In Receivables": 170000000.0,
      "Other Non Cash Items": -1362000000.0,
      "Depreciation And Amortization": 6772000000.0,
      "Depreciation": 6772000000.0,
      "Gain Loss On Investment Securities": 18000000.0,
      "Net Income From Continuing Operations": 14147000000.0
    },
    "2023-12-31T00:00:00": {
      "Free Cash Flow": 6257000000.0,
      "Repurchase Of Capital Stock": -1941000000.0,
      "Repayment Of Debt": -39473000000.0,
      "Issuance Of Debt": 39288000000.0,
      "Issuance Of Capital Stock": null,
      "Capital Expenditure": -8213000000.0,
      "End Cash Position": 15972000000.0,
      "Beginning Cash Position": 17679000000.0,
      "Effect Of Exchange Rate Changes": -471000000.0,
      "Changes In Cash": -1236000000.0,
      "Financing Cash Flow": -8391000000.0,
      "Net Other Financing Charges": -570000000.0,
      "Cash Dividends Paid": -5556000000.0,
      "Net Common Stock Issuance": -1941000000.0,
      "Common Stock Payments": -1941000000.0,
      "Common Stock Issuance": null,
      "Net Issuance Payments Of Debt": -697000000.0,
      "Net Short Term Debt Issuance": -512000000.0,
      "Net Long Term Debt Issuance": -185000000.0,
      "Long Term Debt Payments": -39473000000.0,
      "Long Term Debt Issuance": 39288000000.0,
      "Investing Cash Flow": -7315000000.0,
      "Net Other Investing Changes": 28000000.0,
      "Net Investment Purchase And Sale": 307000000.0,
      "Sale Of Investment": 5021000000.0,
      "Purchase Of Investment": -4714000000.0,
      "Net Business Purchase And Sale": 278000000.0,
      "Sale Of Business": 612000000.0,
      "Purchase Of Business": -334000000.0,
      "Net Intangibles Purchase And Sale": -4468000000.0,
      "Purchase Of Intangibles": -4468000000.0,
      "Net PPE Purchase And Sale": -3460000000.0,
      "Sale Of PPE": 285000000.0,
      "Purchase Of PPE": -3745000000.0,
      "Operating Cash Flow": 14470000000.0,
      "Taxes Refund Paid": -5621000000.0,
      "Dividend Received Cfo": 2056000000.0,
      "Change In Working Capital": -6251000000.0,
      "Change In Other Current Assets": 2447000000.0,
      "Change In Payable": null,
      "Change In Inventory": -2420000000.0,
      "Change In Receivables": -6765000000.0,
      "Other Non Cash Items": -2369000000.0,
      "Depreciation And Amortization": 6663000000.0,
      "Depreciation": 6663000000.0,
      "Gain Loss On Investment Securities": -92000000.0,
      "Net Income From Continuing Operations": 20084000000.0
    },
    "2022-12-31T00:00:00": {
      "Free Cash Flow": 9995000000.0,
      "Repurchase Of Capital Stock": -48000000.0,
      "Repayment Of Debt": -51945000000.0,
      "Issuance Of Debt": 38429000000.0,
      "Issuance Of Capital Stock": null,
      "Capital Expenditure": -6899000000.0,
      "End Cash Position": 17679000000.0,
      "Beginning Cash Position": 23182000000.0,
      "Effect Of Exchange Rate Changes": 88000000.0,
      "Changes In Cash": -5591000000.0,
      "Financing Cash Flow": -19032000000.0,
      "Net Other Financing Charges": -13315000000.0,
      "Cash Dividends Paid": -5349000000.0,
      "Net Common Stock Issuance": -48000000.0,
      "Common Stock Payments": -48000000.0,
      "Common Stock Issuance": null,
      "Net Issuance Payments Of Debt": -13344000000.0,
      "Net Short Term Debt Issuance": 172000000.0,
      "Net Long Term Debt Issuance": -13516000000.0,
      "Long Term Debt Payments": -51945000000.0,
      "Long Term Debt Issuance": 38429000000.0,
      "Investing Cash Flow": -3453000000.0,
      "Net Other Investing Changes": 27000000.0,
      "Net Investment Purchase And Sale": 462000000.0,
      "Sale Of Investment": 3084000000.0,
      "Purchase Of Investment": -2622000000.0,
      "Net Business Purchase And Sale": 2488000000.0,
      "Sale Of Business": 3337000000.0,
      "Purchase Of Business": -849000000.0,
      "Net Intangibles Purchase And Sale": -3418000000.0,
      "Purchase Of Intangibles": -3418000000.0,
      "Net PPE Purchase And Sale": -3012000000.0,
      "Sale Of PPE": 469000000.0,
      "Purchase Of PPE": -3481000000.0,
      "Operating Cash Flow": 16894000000.0,
      "Taxes Refund Paid": -5009000000.0,
      "Dividend Received Cfo": 1605000000.0,
      "Change In Working Capital": -4241000000.0,
      "Change In Other Current Assets": 1032000000.0,
      "Change In Payable": null,
      "Change In Inventory": -4111000000.0,
      "Change In Receivables": -1517000000.0,
      "Other Non Cash Items": -1296000000.0,
      "Depreciation And Amortization": 6521000000.0,
      "Depreciation": 6521000000.0,
      "Gain Loss On Investment Securities": -990000000.0,
      "Net Income From Continuing Operations": 20304000000.0
    },
    "2021-12-31T00:00:00": {
      "Free Cash Flow": 17229000000.0,
      "Repurchase Of Capital Stock": -48000000.0,
      "Repayment Of Debt": -60859000000.0,
      "Issuance Of Debt": 42196000000.0,
      "Issuance Of Capital Stock": 36000000.0,
      "Capital Expenditure": -7320000000.0,
      "End Cash Position": 23182000000.0,
      "Beginning Cash Position": 23048000000.0,
      "Effect Of Exchange Rate Changes": 870000000.0,
      "Changes In Cash": -736000000.0,
      "Financing Cash Flow": -19059000000.0,
      "Net Other Financing Charges": -17249000000.0,
      "Cash Dividends Paid": -1444000000.0,
      "Net Common Stock Issuance": -12000000.0,
      "Common Stock Payments": -48000000.0,
      "Common Stock Issuance": 36000000.0,
      "Net Issuance Payments Of Debt": -17200000000.0,
      "Net Short Term Debt Issuance": 1463000000.0,
      "Net Long Term Debt Issuance": -18663000000.0,
      "Long Term Debt Payments": -60859000000.0,
      "Long Term Debt Issuance": 42196000000.0,
      "Investing Cash Flow": -6226000000.0,
      "Net Other Investing Changes": -7000000.0,
      "Net Investment Purchase And Sale": -1309000000.0,
      "Sale Of Investment": 4385000000.0,
      "Purchase Of Investment": -5694000000.0,
      "Net Business Purchase And Sale": -5269000000.0,
      "Sale Of Business": 793000000.0,
      "Purchase Of Business": -6062000000.0,
      "Net Intangibles Purchase And Sale": -2741000000.0,
      "Purchase Of Intangibles": -2741000000.0,
      "Net PPE Purchase And Sale": -3753000000.0,
      "Sale Of PPE": 826000000.0,
      "Purchase Of PPE": -4579000000.0,
      "Operating Cash Flow": 24549000000.0,
      "Taxes Refund Paid": -3812000000.0,
      "Dividend Received Cfo": 1625000000.0,
      "Change In Working Capital": 3179000000.0,
      "Change In Other Current Assets": 533000000.0,
      "Change In Payable": 1574000000.0,
      "Change In Inventory": -2561000000.0,
      "Change In Receivables": 5307000000.0,
      "Other Non Cash Items": -11503000000.0,
      "Depreciation And Amortization": 6980000000.0,
      "Depreciation": 6980000000.0,
      "Gain Loss On Investment Securities": -695000000.0,
      "Net Income From Continuing Operations": 28775000000.0
    }
  },
  "earnings_estimate": {
    "avg": {
      "0q": 1.48812,
      "+1q": 1.50145,
      "0y": 6.07362,
      "+1y": 7.95294
    },
    "low": {
      "0q": 1.31,
      "+1q": 1.33,
      "0y": 4.43,
      "+1y": 6.13
    },
    "high": {
      "0q": 1.66623,
      "+1q": 1.6729,
      "0y": 7.09,
      "+1y": 9.59
    },
    "yearAgoEps": {
      "0q": 1.9334,
      "+1q": 1.4567,
      "0y": null,
      "+1y": 6.07362
    },
    "numberOfAnalysts": {
      "0q": 2,
      "+1q": 2,
      "0y": 16,
      "+1y": 16
    },
    "growth": {
      "0q": -0.23030001,
      "+1q": 0.0307,
      "0y": null,
      "+1y": 0.3094
    }
  },
  "revenue_estimate": {
    "avg": {
      "0q": 31562137330,
      "+1q": 33465081000,
      "0y": 133382956180,
      "+1y": 137575900060
    },
    "low": {
      "0q": 31167343000,
      "+1q": 33059177000,
      "0y": 129227265000,
      "+1y": 130746677360
    },
    "high": {
      "0q": 32078000000,
      "+1q": 33863066000,
      "0y": 136678678430,
      "+1y": 144271000000
    },
    "numberOfAnalysts": {
      "0q": 3,
      "+1q": 3,
      "0y": 20,
      "+1y": 20
    },
    "yearAgoRevenue": {
      "0q": 33224000000,
      "+1q": 33153000000,
      "0y": 132214000000,
      "+1y": 133382956180
    },
    "growth": {
      "0q": -0.05,
      "+1q": 0.0094,
      "0y": 0.0088,
      "+1y": 0.031400003
    }
  },
  "growth_estimates": {
    "stockTrend": {
      "0q": -0.23030001,
      "+1q": 0.0307,
      "0y": null,
      "+1y": 0.3094,
      "LTG": null
    },
    "indexTrend": {
      "0q": 0.1273,
      "+1q": 0.103599995,
      "0y": 0.14310001,
      "+1y": 0.1557,
      "LTG": 0.122
    }
  },
  "revenue_forecasts": null,
  "dividend_rate": 3.5,
  "trailing_dividend_rate": 4.3
}