{
  "ticker": "META",
  "name": "Meta Platforms",
  "country": "usa",
  "currency": "USD",
  "last_fetched": "2026-02-26T20:44:47.524783",
  "market_cap": 1664536018944,
  "revenue": 200965996544,
  "net_income": 60458000384,
  "pe_ratio": 28.037281,
  "forward_pe": 18.380352,
  "dividend_yield": 0.32,
  "profit_margin": 0.30084,
  "roe": 0.30238,
  "debt_to_equity": 39.164,
  "beta": 1.284,
  "ev_to_ebitda": 16.263,
  "sector": "Communication Services",
  "industry": "Internet Content & Information",
  "summary": "Meta Platforms, Inc. engages in the development of products that enable people to connect and share with friends and family through mobile devices, personal computers, virtual reality (VR) headsets, and AI glasses in the United States, Canada, Europe, Asia-Pacific, and internationally. It operates through two segments, Family of Apps (FoA) and Reality Labs (RL). The FoA segment offers Facebook, which enables people to build community through feed, reels, stories, groups, marketplace, and other; Instagram that brings people closer through Instagram feed, stories, reels, live, and messaging; Messenger, a messaging application for people to connect with friends, family, communities, and businesses across platforms and devices through text, audio, and video calls; Meta AI, an assistant that's available across apps, as a stand-alone app, on AI glasses, and on the web; Threads, an application for text-based updates and public conversations; and WhatsApp, a messaging application that is used by people and businesses to communicate and transact in a private way. The RL segment provides virtual and augmented reality products, including consumer hardware, software, and content that help people feel connected anytime and anywhere, as well as Meta Quest devices that enable social experiences across gaming, fitness, entertainment, and more. The segment also includes wearables such as AI glasses like Ray Ban Meta and Oakley Meta glasses, featuring Meta AI for advanced conversational and hands free interaction; and the Meta Ray Ban Display, which combines AI glasses with an integrated lens display and the Meta Neural Band, a wrist worn device using electromyography that lets people control their AI glasses through neuromuscular signals. The company was formerly known as Facebook, Inc. and changed its name to Meta Platforms, Inc. in October 2021. The company was incorporated in 2004 and is headquartered in Menlo Park, California.",
  "website": "https://www.meta.com",
  "employees": 78865,
  "target_high": 1144.0,
  "target_low": 700.0,
  "target_mean": 861.4197,
  "target_median": 855.0,
  "recommendation": "strong_buy",
  "num_analysts": 59,
  "income_stmt": {
    "2025-12-31T00:00:00": {
      "Tax Effect Of Unusual Items": 104348182.283666,
      "Tax Rate For Calcs": 0.296444,
      "Normalized EBITDA": 105361000000.0,
      "Total Unusual Items": 352000000.0,
      "Total Unusual Items Excluding Goodwill": 352000000.0,
      "Net Income From Continuing Operation Net Minority Interest": 60458000000.0,
      "Reconciled Depreciation": 18616000000.0,
      "Reconciled Cost Of Revenue": 36175000000.0,
      "EBITDA": 105713000000.0,
      "EBIT": 87097000000.0,
      "Net Interest Income": 2304000000.0,
      "Interest Expense": 1165000000.0,
      "Interest Income": 2123000000.0,
      "Normalized Income": 60210348182.28367,
      "Net Income From Continuing And Discontinued Operation": 60458000000.0,
      "Total Expenses": 117690000000.0,
      "Total Operating Income As Reported": 83276000000.0,
      "Diluted Average Shares": null,
      "Basic Average Shares": null,
      "Diluted EPS": null,
      "Basic EPS": null,
      "Diluted NI Availto Com Stockholders": 60458000000.0,
      "Net Income Common Stockholders": 60458000000.0,
      "Net Income": 60458000000.0,
      "Net Income Including Noncontrolling Interests": 60458000000.0,
      "Net Income Continuous Operations": 60458000000.0,
      "Tax Provision": 25474000000.0,
      "Pretax Income": 85932000000.0,
      "Other Income Expense": 352000000.0,
      "Other Non Operating Income Expenses": null,
      "Special Income Charges": null,
      "Gain On Sale Of Security": 352000000.0,
      "Net Non Operating Interest Income Expense": 2304000000.0,
      "Total Other Finance Cost": -1346000000.0,
      "Interest Expense Non Operating": 1165000000.0,
      "Interest Income Non Operating": 2123000000.0,
      "Operating Income": 83276000000.0,
      "Operating Expense": 81515000000.0,
      "Research And Development": 57372000000.0,
      "Selling General And Administration": 24143000000.0,
      "Selling And Marketing Expense": 11991000000.0,
      "General And Administrative Expense": 12152000000.0,
      "Other Gand A": 12152000000.0,
      "Gross Profit": 164791000000.0,
      "Cost Of Revenue": 36175000000.0,
      "Total Revenue": 200966000000.0,
      "Operating Revenue": 198382000000.0
    },
    "2024-12-31T00:00:00": {
      "Tax Effect Of Unusual Items": -81075952.054116,
      "Tax Rate For Calcs": 0.117501,
      "Normalized EBITDA": 87566000000.0,
      "Total Unusual Items": -690000000.0,
      "Total Unusual Items Excluding Goodwill": -690000000.0,
      "Net Income From Continuing Operation Net Minority Interest": 62360000000.0,
      "Reconciled Depreciation": 15498000000.0,
      "Reconciled Cost Of Revenue": 30161000000.0,
      "EBITDA": 86876000000.0,
      "EBIT": 71378000000.0,
      "Net Interest Income": 1973000000.0,
      "Interest Expense": 715000000.0,
      "Interest Income": 2517000000.0,
      "Normalized Income": 62968924047.945885,
      "Net Income From Continuing And Discontinued Operation": 62360000000.0,
      "Total Expenses": 95121000000.0,
      "Total Operating Income As Reported": 69380000000.0,
      "Diluted Average Shares": 2614000000.0,
      "Basic Average Shares": 2534000000.0,
      "Diluted EPS": 23.86,
      "Basic EPS": 24.61,
      "Diluted NI Availto Com Stockholders": 62360000000.0,
      "Net Income Common Stockholders": 62360000000.0,
      "Net Income": 62360000000.0,
      "Net Income Including Noncontrolling Interests": 62360000000.0,
      "Net Income Continuous Operations": 62360000000.0,
      "Tax Provision": 8303000000.0,
      "Pretax Income": 70663000000.0,
      "Other Income Expense": -690000000.0,
      "Other Non Operating Income Expenses": null,
      "Special Income Charges": null,
      "Gain On Sale Of Security": -690000000.0,
      "Net Non Operating Interest Income Expense": 1973000000.0,
      "Total Other Finance Cost": -171000000.0,
      "Interest Expense Non Operating": 715000000.0,
      "Interest Income Non Operating": 2517000000.0,
      "Operating Income": 69380000000.0,
      "Operating Expense": 64960000000.0,
      "Research And Development": 43873000000.0,
      "Selling General And Administration": 21087000000.0,
      "Selling And Marketing Expense": 11347000000.0,
      "General And Administrative Expense": 9740000000.0,
      "Other Gand A": 9740000000.0,
      "Gross Profit": 134340000000.0,
      "Cost Of Revenue": 30161000000.0,
      "Total Revenue": 164501000000.0,
      "Operating Revenue": 162779000000.0
    },
    "2023-12-31T00:00:00": {
      "Tax Effect Of Unusual Items": -64416000.0,
      "Tax Rate For Calcs": 0.176,
      "Normalized EBITDA": 59418000000.0,
      "Total Unusual Items": -366000000.0,
      "Total Unusual Items Excluding Goodwill": -366000000.0,
      "Net Income From Continuing Operation Net Minority Interest": 39098000000.0,
      "Reconciled Depreciation": 11178000000.0,
      "Reconciled Cost Of Revenue": 25959000000.0,
      "EBITDA": 59052000000.0,
      "EBIT": 47874000000.0,
      "Net Interest Income": 1043000000.0,
      "Interest Expense": 446000000.0,
      "Interest Income": 1639000000.0,
      "Normalized Income": 39399584000.0,
      "Net Income From Continuing And Discontinued Operation": 39098000000.0,
      "Total Expenses": 88151000000.0,
      "Total Operating Income As Reported": 46751000000.0,
      "Diluted Average Shares": 2629000000.0,
      "Basic Average Shares": 2574000000.0,
      "Diluted EPS": 14.87,
      "Basic EPS": 15.19,
      "Diluted NI Availto Com Stockholders": 39098000000.0,
      "Net Income Common Stockholders": 39098000000.0,
      "Net Income": 39098000000.0,
      "Net Income Including Noncontrolling Interests": 39098000000.0,
      "Net Income Continuous Operations": 39098000000.0,
      "Tax Provision": 8330000000.0,
      "Pretax Income": 47428000000.0,
      "Other Income Expense": -366000000.0,
      "Other Non Operating Income Expenses": null,
      "Special Income Charges": null,
      "Gain On Sale Of Security": -366000000.0,
      "Net Non Operating Interest Income Expense": 1043000000.0,
      "Total Other Finance Cost": 150000000.0,
      "Interest Expense Non Operating": 446000000.0,
      "Interest Income Non Operating": 1639000000.0,
      "Operating Income": 46751000000.0,
      "Operating Expense": 62192000000.0,
      "Research And Development": 38483000000.0,
      "Selling General And Administration": 23709000000.0,
      "Selling And Marketing Expense": 12301000000.0,
      "General And Administrative Expense": 11408000000.0,
      "Other Gand A": 11408000000.0,
      "Gross Profit": 108943000000.0,
      "Cost Of Revenue": 25959000000.0,
      "Total Revenue": 134902000000.0,
      "Operating Revenue": 133844000000.0
    },
    "2022-12-31T00:00:00": {
      "Tax Effect Of Unusual Items": -15795000.0,
      "Tax Rate For Calcs": 0.195,
      "Normalized EBITDA": 37771000000.0,
      "Total Unusual Items": -81000000.0,
      "Total Unusual Items Excluding Goodwill": -81000000.0,
      "Net Income From Continuing Operation Net Minority Interest": 23200000000.0,
      "Reconciled Depreciation": 8686000000.0,
      "Reconciled Cost Of Revenue": 25249000000.0,
      "EBITDA": 37690000000.0,
      "EBIT": 29004000000.0,
      "Net Interest Income": -44000000.0,
      "Interest Expense": 185000000.0,
      "Interest Income": 461000000.0,
      "Normalized Income": 23265205000.0,
      "Net Income From Continuing And Discontinued Operation": 23200000000.0,
      "Total Expenses": 87665000000.0,
      "Total Operating Income As Reported": 28944000000.0,
      "Diluted Average Shares": 2702000000.0,
      "Basic Average Shares": 2687000000.0,
      "Diluted EPS": 8.59,
      "Basic EPS": 8.63,
      "Diluted NI Availto Com Stockholders": 23200000000.0,
      "Net Income Common Stockholders": 23200000000.0,
      "Net Income": 23200000000.0,
      "Net Income Including Noncontrolling Interests": 23200000000.0,
      "Net Income Continuous Operations": 23200000000.0,
      "Tax Provision": 5619000000.0,
      "Pretax Income": 28819000000.0,
      "Other Income Expense": -81000000.0,
      "Other Non Operating Income Expenses": -320000000.0,
      "Special Income Charges": null,
      "Gain On Sale Of Security": -81000000.0,
      "Net Non Operating Interest Income Expense": -44000000.0,
      "Total Other Finance Cost": 320000000.0,
      "Interest Expense Non Operating": 185000000.0,
      "Interest Income Non Operating": 461000000.0,
      "Operating Income": 28944000000.0,
      "Operating Expense": 62416000000.0,
      "Research And Development": 35338000000.0,
      "Selling General And Administration": 27078000000.0,
      "Selling And Marketing Expense": 15262000000.0,
      "General And Administrative Expense": 11816000000.0,
      "Other Gand A": 11816000000.0,
      "Gross Profit": 91360000000.0,
      "Cost Of Revenue": 25249000000.0,
      "Total Revenue": 116609000000.0,
      "Operating Revenue": 115801000000.0
    },
    "2021-12-31T00:00:00": {
      "Tax Effect Of Unusual Items": null,
      "Tax Rate For Calcs": null,
      "Normalized EBITDA": null,
      "Total Unusual Items": null,
      "Total Unusual Items Excluding Goodwill": null,
      "Net Income From Continuing Operation Net Minority Interest": null,
      "Reconciled Depreciation": null,
      "Reconciled Cost Of Revenue": null,
      "EBITDA": null,
      "EBIT": null,
      "Net Interest Income": null,
      "Interest Expense": null,
      "Interest Income": null,
      "Normalized Income": null,
      "Net Income From Continuing And Discontinued Operation": null,
      "Total Expenses": null,
      "Total Operating Income As Reported": null,
      "Diluted Average Shares": 2859000000.0,
      "Basic Average Shares": 2815000000.0,
      "Diluted EPS": 13.77,
      "Basic EPS": 13.99,
      "Diluted NI Availto Com Stockholders": null,
      "Net Income Common Stockholders": null,
      "Net Income": null,
      "Net Income Including Noncontrolling Interests": null,
      "Net Income Continuous Operations": null,
      "Tax Provision": null,
      "Pretax Income": null,
      "Other Income Expense": null,
      "Other Non Operating Income Expenses": 210000000.0,
      "Special Income Charges": 0.0,
      "Gain On Sale Of Security": null,
      "Net Non Operating Interest Income Expense": null,
      "Total Other Finance Cost": null,
      "Interest Expense Non Operating": null,
      "Interest Income Non Operating": null,
      "Operating Income": null,
      "Operating Expense": null,
      "Research And Development": null,
      "Selling General And Administration": null,
      "Selling And Marketing Expense": null,
      "General And Administrative Expense": null,
      "Other Gand A": null,
      "Gross Profit": null,
      "Cost Of Revenue": null,
      "Total Revenue": null,
      "Operating Revenue": null
    }
  },
  "quarterly_income": {
    "2025-12-31T00:00:00": {
      "Tax Effect Of Unusual Items": -12035497.357419,
      "Tax Rate For Calcs": 0.101996,
      "Normalized EBITDA": 31339000000.0,
      "Total Unusual Items": -118000000.0,
      "Total Unusual Items Excluding Goodwill": -118000000.0,
      "Net Income From Continuing Operation Net Minority Interest": 22768000000.0,
      "Reconciled Depreciation": 5411000000.0,
      "Reconciled Cost Of Revenue": 10906000000.0,
      "EBITDA": 31221000000.0,
      "EBIT": 25810000000.0,
      "Net Interest Income": 727000000.0,
      "Interest Expense": 456000000.0,
      "Interest Income": 625000000.0,
      "Normalized Income": 22873964502.642582,
      "Net Income From Continuing And Discontinued Operation": 22768000000.0,
      "Total Expenses": 35148000000.0,
      "Total Operating Income As Reported": 24745000000.0,
      "Diluted Average Shares": 2565000000.0,
      "Basic Average Shares": 2525000000.0,
      "Diluted EPS": 8.88,
      "Basic EPS": 9.02,
      "Diluted NI Availto Com Stockholders": 22768000000.0,
      "Net Income Common Stockholders": 22768000000.0,
      "Net Income": 22768000000.0,
      "Net Income Including Noncontrolling Interests": 22768000000.0,
      "Net Income Continuous Operations": 22768000000.0,
      "Tax Provision": 2586000000.0,
      "Pretax Income": 25354000000.0,
      "Other Income Expense": -118000000.0,
      "Gain On Sale Of Security": -118000000.0,
      "Net Non Operating Interest Income Expense": 727000000.0,
      "Total Other Finance Cost": -558000000.0,
      "Interest Expense Non Operating": 456000000.0,
      "Interest Income Non Operating": 625000000.0,
      "Operating Income": 24745000000.0,
      "Operating Expense": 24242000000.0,
      "Research And Development": 17135000000.0,
      "Selling General And Administration": 7107000000.0,
      "Selling And Marketing Expense": 3410000000.0,
      "General And Administrative Expense": 3697000000.0,
      "Other Gand A": 3697000000.0,
      "Gross Profit": 48987000000.0,
      "Cost Of Revenue": 10906000000.0,
      "Total Revenue": 59893000000.0,
      "Operating Revenue": 59093000000.0
    },
    "2025-09-30T00:00:00": {
      "Tax Effect Of Unusual Items": 8820000.0,
      "Tax Rate For Calcs": 0.21,
      "Normalized EBITDA": 26811000000.0,
      "Total Unusual Items": 42000000.0,
      "Total Unusual Items Excluding Goodwill": 42000000.0,
      "Net Income From Continuing Operation Net Minority Interest": 2709000000.0,
      "Reconciled Depreciation": 4963000000.0,
      "Reconciled Cost Of Revenue": 9206000000.0,
      "EBITDA": 26853000000.0,
      "EBIT": 21890000000.0,
      "Net Interest Income": 1086000000.0,
      "Interest Expense": 227000000.0,
      "Interest Income": 359000000.0,
      "Normalized Income": 2675820000.0,
      "Net Income From Continuing And Discontinued Operation": 2709000000.0,
      "Total Expenses": 30707000000.0,
      "Total Operating Income As Reported": 20535000000.0,
      "Diluted Average Shares": 2572000000.0,
      "Basic Average Shares": 2517000000.0,
      "Diluted EPS": 1.05,
      "Basic EPS": 1.08,
      "Diluted NI Availto Com Stockholders": 2709000000.0,
      "Net Income Common Stockholders": 2709000000.0,
      "Net Income": 2709000000.0,
      "Net Income Including Noncontrolling Interests": 2709000000.0,
      "Net Income Continuous Operations": 2709000000.0,
      "Tax Provision": 18954000000.0,
      "Pretax Income": 21663000000.0,
      "Other Income Expense": 42000000.0,
      "Gain On Sale Of Security": 42000000.0,
      "Net Non Operating Interest Income Expense": 1086000000.0,
      "Total Other Finance Cost": -954000000.0,
      "Interest Expense Non Operating": 227000000.0,
      "Interest Income Non Operating": 359000000.0,
      "Operating Income": 20535000000.0,
      "Operating Expense": 21501000000.0,
      "Research And Development": 15144000000.0,
      "Selling General And Administration": 6357000000.0,
      "Selling And Marketing Expense": 2845000000.0,
      "General And Administrative Expense": 3512000000.0,
      "Other Gand A": 3512000000.0,
      "Gross Profit": 42036000000.0,
      "Cost Of Revenue": 9206000000.0,
      "Total Revenue": 51242000000.0,
      "Operating Revenue": 50552000000.0
    },
    "2025-06-30T00:00:00": {
      "Tax Effect Of Unusual Items": 21560000.0,
      "Tax Rate For Calcs": 0.11,
      "Normalized EBITDA": 24921000000.0,
      "Total Unusual Items": 196000000.0,
      "Total Unusual Items Excluding Goodwill": 196000000.0,
      "Net Income From Continuing Operation Net Minority Interest": 18337000000.0,
      "Reconciled Depreciation": 4342000000.0,
      "Reconciled Cost Of Revenue": 8491000000.0,
      "EBITDA": 25117000000.0,
      "EBIT": 20775000000.0,
      "Net Interest Income": -103000000.0,
      "Interest Expense": 241000000.0,
      "Interest Income": 481000000.0,
      "Normalized Income": 18162560000.0,
      "Net Income From Continuing And Discontinued Operation": 18337000000.0,
      "Total Expenses": 27075000000.0,
      "Total Operating Income As Reported": 20441000000.0,
      "Diluted Average Shares": 2570000000.0,
      "Basic Average Shares": 2518000000.0,
      "Diluted EPS": 7.14,
      "Basic EPS": 7.28,
      "Diluted NI Availto Com Stockholders": 18337000000.0,
      "Net Income Common Stockholders": 18337000000.0,
      "Net Income": 18337000000.0,
      "Net Income Including Noncontrolling Interests": 18337000000.0,
      "Net Income Continuous Operations": 18337000000.0,
      "Tax Provision": 2197000000.0,
      "Pretax Income": 20534000000.0,
      "Other Income Expense": 196000000.0,
      "Gain On Sale Of Security": 196000000.0,
      "Net Non Operating Interest Income Expense": -103000000.0,
      "Total Other Finance Cost": 343000000.0,
      "Interest Expense Non Operating": 241000000.0,
      "Interest Income Non Operating": 481000000.0,
      "Operating Income": 20441000000.0,
      "Operating Expense": 18584000000.0,
      "Research And Development": 12942000000.0,
      "Selling General And Administration": 5642000000.0,
      "Selling And Marketing Expense": 2979000000.0,
      "General And Administrative Expense": 2663000000.0,
      "Other Gand A": 2663000000.0,
      "Gross Profit": 39025000000.0,
      "Cost Of Revenue": 8491000000.0,
      "Total Revenue": 47516000000.0,
      "Operating Revenue": 46933000000.0
    },
    "2025-03-31T00:00:00": {
      "Tax Effect Of Unusual Items": 20880000.0,
      "Tax Rate For Calcs": 0.09,
      "Normalized EBITDA": 22290000000.0,
      "Total Unusual Items": 232000000.0,
      "Total Unusual Items Excluding Goodwill": 232000000.0,
      "Net Income From Continuing Operation Net Minority Interest": 16644000000.0,
      "Reconciled Depreciation": 3900000000.0,
      "Reconciled Cost Of Revenue": 7572000000.0,
      "EBITDA": 22522000000.0,
      "EBIT": 18622000000.0,
      "Net Interest Income": 595000000.0,
      "Interest Expense": 240000000.0,
      "Interest Income": 658000000.0,
      "Normalized Income": 16432880000.0,
      "Net Income From Continuing And Discontinued Operation": 16644000000.0,
      "Total Expenses": 24759000000.0,
      "Total Operating Income As Reported": 17555000000.0,
      "Diluted Average Shares": 2590000000.0,
      "Basic Average Shares": 2527000000.0,
      "Diluted EPS": 6.43,
      "Basic EPS": 6.59,
      "Diluted NI Availto Com Stockholders": 16644000000.0,
      "Net Income Common Stockholders": 16644000000.0,
      "Net Income": 16644000000.0,
      "Net Income Including Noncontrolling Interests": 16644000000.0,
      "Net Income Continuous Operations": 16644000000.0,
      "Tax Provision": 1738000000.0,
      "Pretax Income": 18382000000.0,
      "Other Income Expense": 232000000.0,
      "Gain On Sale Of Security": 232000000.0,
      "Net Non Operating Interest Income Expense": 595000000.0,
      "Total Other Finance Cost": -177000000.0,
      "Interest Expense Non Operating": 240000000.0,
      "Interest Income Non Operating": 658000000.0,
      "Operating Income": 17555000000.0,
      "Operating Expense": 17187000000.0,
      "Research And Development": 12150000000.0,
      "Selling General And Administration": 5037000000.0,
      "Selling And Marketing Expense": 2757000000.0,
      "General And Administrative Expense": 2280000000.0,
      "Other Gand A": 2280000000.0,
      "Gross Profit": 34742000000.0,
      "Cost Of Revenue": 7572000000.0,
      "Total Revenue": 42314000000.0,
      "Operating Revenue": 41804000000.0
    },
    "2024-12-31T00:00:00": {
      "Tax Effect Of Unusual Items": -44365234.375,
      "Tax Rate For Calcs": 0.115234,
      "Normalized EBITDA": 28648000000.0,
      "Total Unusual Items": -385000000.0,
      "Total Unusual Items Excluding Goodwill": -385000000.0,
      "Net Income From Continuing Operation Net Minority Interest": 20838000000.0,
      "Reconciled Depreciation": 4460000000.0,
      "Reconciled Cost Of Revenue": 8839000000.0,
      "EBITDA": 28263000000.0,
      "EBIT": 23803000000.0,
      "Net Interest Income": 573000000.0,
      "Interest Expense": 251000000.0,
      "Interest Income": 731000000.0,
      "Normalized Income": 21178634765.625,
      "Net Income From Continuing And Discontinued Operation": 20838000000.0,
      "Total Expenses": 25021000000.0,
      "Total Operating Income As Reported": 23364000000.0,
      "Diluted Average Shares": 2599000000.0,
      "Basic Average Shares": 2529000000.0,
      "Diluted EPS": 8.02,
      "Basic EPS": 8.24,
      "Diluted NI Availto Com Stockholders": 20838000000.0,
      "Net Income Common Stockholders": 20838000000.0,
      "Net Income": 20838000000.0,
      "Net Income Including Noncontrolling Interests": 20838000000.0,
      "Net Income Continuous Operations": 20838000000.0,
      "Tax Provision": 2714000000.0,
      "Pretax Income": 23552000000.0,
      "Other Income Expense": -385000000.0,
      "Gain On Sale Of Security": -385000000.0,
      "Net Non Operating Interest Income Expense": 573000000.0,
      "Total Other Finance Cost": -93000000.0,
      "Interest Expense Non Operating": 251000000.0,
      "Interest Income Non Operating": 731000000.0,
      "Operating Income": 23364000000.0,
      "Operating Expense": 16182000000.0,
      "Research And Development": 12180000000.0,
      "Selling General And Administration": 4002000000.0,
      "Selling And Marketing Expense": 3240000000.0,
      "General And Administrative Expense": 762000000.0,
      "Other Gand A": 762000000.0,
      "Gross Profit": 39546000000.0,
      "Cost Of Revenue": 8839000000.0,
      "Total Revenue": 48385000000.0,
      "Operating Revenue": 47866000000.0
    }
  },
  "balance_sheet": {
    "2025-12-31T00:00:00": {
      "Treasury Shares Number": null,
      "Ordinary Shares Number": 2529638328.0,
      "Share Issued": 2529638328.0,
      "Net Debt": 22871000000.0,
      "Total Debt": 83897000000.0,
      "Tangible Book Value": 189017000000.0,
      "Invested Capital": 275987000000.0,
      "Working Capital": 66886000000.0,
      "Net Tangible Assets": 189017000000.0,
      "Capital Lease Obligations": 25153000000.0,
      "Common Stock Equity": 217243000000.0,
      "Total Capitalization": 275987000000.0,
      "Total Equity Gross Minority Interest": 217243000000.0,
      "Stockholders Equity": 217243000000.0,
      "Gains Losses Not Affecting Retained Earnings": 271000000.0,
      "Other Equity Adjustments": 271000000.0,
      "Retained Earnings": 121179000000.0,
      "Additional Paid In Capital": 95793000000.0,
      "Capital Stock": 0.0,
      "Common Stock": 0.0,
      "Total Liabilities Net Minority Interest": 148778000000.0,
      "Total Non Current Liabilities Net Minority Interest": 106942000000.0,
      "Other Non Current Liabilities": 4253000000.0,
      "Tradeand Other Payables Non Current": 21005000000.0,
      "Long Term Debt And Capital Lease Obligation": 81684000000.0,
      "Long Term Capital Lease Obligation": 22940000000.0,
      "Long Term Debt": 58744000000.0,
      "Current Liabilities": 41836000000.0,
      "Other Current Liabilities": 10387000000.0,
      "Current Deferred Liabilities": null,
      "Current Deferred Revenue": null,
      "Current Debt And Capital Lease Obligation": 2213000000.0,
      "Current Capital Lease Obligation": 2213000000.0,
      "Pensionand Other Post Retirement Benefit Plans Current": 7151000000.0,
      "Payables And Accrued Expenses": 22085000000.0,
      "Current Accrued Expenses": 11269000000.0,
      "Payables": 10816000000.0,
      "Other Payable": null,
      "Dueto Related Parties Current": null,
      "Total Tax Payable": 1922000000.0,
      "Accounts Payable": 8894000000.0,
      "Total Assets": 366021000000.0,
      "Total Non Current Assets": 257299000000.0,
      "Other Non Current Assets": 4745000000.0,
      "Investments And Advances": 27524000000.0,
      "Investmentin Financial Assets": 27524000000.0,
      "Available For Sale Securities": 27524000000.0,
      "Long Term Equity Investment": null,
      "Goodwill And Other Intangible Assets": 28226000000.0,
      "Other Intangible Assets": 3692000000.0,
      "Goodwill": 24534000000.0,
      "Net PPE": 196804000000.0,
      "Accumulated Depreciation": -57326000000.0,
      "Gross PPE": 254130000000.0,
      "Leases": 8346000000.0,
      "Construction In Progress": 50521000000.0,
      "Other Properties": 136008000000.0,
      "Machinery Furniture Equipment": null,
      "Buildings And Improvements": 55568000000.0,
      "Land And Improvements": 3687000000.0,
      "Properties": 0.0,
      "Current Assets": 108722000000.0,
      "Other Current Assets": 7361000000.0,
      "Prepaid Assets": null,
      "Receivables": 19769000000.0,
      "Accounts Receivable": 19769000000.0,
      "Cash Cash Equivalents And Short Term Investments": 81592000000.0,
      "Other Short Term Investments": 45719000000.0,
      "Cash And Cash Equivalents": 35873000000.0,
      "Cash Equivalents": 31482000000.0,
      "Cash Financial": 4391000000.0
    },
    "2024-12-31T00:00:00": {
      "Treasury Shares Number": null,
      "Ordinary Shares Number": 2534487662.0,
      "Share Issued": 2534487662.0,
      "Net Debt": null,
      "Total Debt": 49060000000.0,
      "Tangible Book Value": 161068000000.0,
      "Invested Capital": 211463000000.0,
      "Working Capital": 66449000000.0,
      "Net Tangible Assets": 161068000000.0,
      "Capital Lease Obligations": 20234000000.0,
      "Common Stock Equity": 182637000000.0,
      "Total Capitalization": 211463000000.0,
      "Total Equity Gross Minority Interest": 182637000000.0,
      "Stockholders Equity": 182637000000.0,
      "Gains Losses Not Affecting Retained Earnings": -3097000000.0,
      "Other Equity Adjustments": -3097000000.0,
      "Retained Earnings": 102506000000.0,
      "Additional Paid In Capital": 83228000000.0,
      "Capital Stock": 0.0,
      "Common Stock": 0.0,
      "Total Liabilities Net Minority Interest": 93417000000.0,
      "Total Non Current Liabilities Net Minority Interest": 59821000000.0,
      "Other Non Current Liabilities": 2716000000.0,
      "Tradeand Other Payables Non Current": 9987000000.0,
      "Long Term Debt And Capital Lease Obligation": 47118000000.0,
      "Long Term Capital Lease Obligation": 18292000000.0,
      "Long Term Debt": 28826000000.0,
      "Current Liabilities": 33596000000.0,
      "Other Current Liabilities": 6074000000.0,
      "Current Deferred Liabilities": null,
      "Current Deferred Revenue": null,
      "Current Debt And Capital Lease Obligation": 1942000000.0,
      "Current Capital Lease Obligation": 1942000000.0,
      "Pensionand Other Post Retirement Benefit Plans Current": 6350000000.0,
      "Payables And Accrued Expenses": 19230000000.0,
      "Current Accrued Expenses": 8105000000.0,
      "Payables": 11125000000.0,
      "Other Payable": null,
      "Dueto Related Parties Current": null,
      "Total Tax Payable": 3438000000.0,
      "Accounts Payable": 7687000000.0,
      "Total Assets": 276054000000.0,
      "Total Non Current Assets": 176009000000.0,
      "Other Non Current Assets": 12102000000.0,
      "Investments And Advances": 6070000000.0,
      "Investmentin Financial Assets": 6070000000.0,
      "Available For Sale Securities": 6070000000.0,
      "Long Term Equity Investment": null,
      "Goodwill And Other Intangible Assets": 21569000000.0,
      "Other Intangible Assets": 915000000.0,
      "Goodwill": 20654000000.0,
      "Net PPE": 136268000000.0,
      "Accumulated Depreciation": -43317000000.0,
      "Gross PPE": 179585000000.0,
      "Leases": 7293000000.0,
      "Construction In Progress": 26802000000.0,
      "Other Properties": 95853000000.0,
      "Machinery Furniture Equipment": null,
      "Buildings And Improvements": 47076000000.0,
      "Land And Improvements": 2561000000.0,
      "Properties": 0.0,
      "Current Assets": 100045000000.0,
      "Other Current Assets": 5236000000.0,
      "Prepaid Assets": null,
      "Receivables": 16994000000.0,
      "Accounts Receivable": 16994000000.0,
      "Cash Cash Equivalents And Short Term Investments": 77815000000.0,
      "Other Short Term Investments": 33926000000.0,
      "Cash And Cash Equivalents": 43889000000.0,
      "Cash Equivalents": 36671000000.0,
      "Cash Financial": 7218000000.0
    },
    "2023-12-31T00:00:00": {
      "Treasury Shares Number": 0.0,
      "Ordinary Shares Number": 2561000000.0,
      "Share Issued": 2561000000.0,
      "Net Debt": null,
      "Total Debt": 37234000000.0,
      "Tangible Book Value": 131726000000.0,
      "Invested Capital": 171553000000.0,
      "Working Capital": 53405000000.0,
      "Net Tangible Assets": 131726000000.0,
      "Capital Lease Obligations": 18849000000.0,
      "Common Stock Equity": 153168000000.0,
      "Total Capitalization": 171553000000.0,
      "Total Equity Gross Minority Interest": 153168000000.0,
      "Stockholders Equity": 153168000000.0,
      "Gains Losses Not Affecting Retained Earnings": -2155000000.0,
      "Other Equity Adjustments": -2155000000.0,
      "Retained Earnings": 82070000000.0,
      "Additional Paid In Capital": 73253000000.0,
      "Capital Stock": 0.0,
      "Common Stock": 0.0,
      "Total Liabilities Net Minority Interest": 76455000000.0,
      "Total Non Current Liabilities Net Minority Interest": 44495000000.0,
      "Other Non Current Liabilities": 1370000000.0,
      "Tradeand Other Payables Non Current": 7514000000.0,
      "Long Term Debt And Capital Lease Obligation": 35611000000.0,
      "Long Term Capital Lease Obligation": 17226000000.0,
      "Long Term Debt": 18385000000.0,
      "Current Liabilities": 31960000000.0,
      "Other Current Liabilities": 6369000000.0,
      "Current Deferred Liabilities": null,
      "Current Deferred Revenue": null,
      "Current Debt And Capital Lease Obligation": 1623000000.0,
      "Current Capital Lease Obligation": 1623000000.0,
      "Pensionand Other Post Retirement Benefit Plans Current": 6659000000.0,
      "Payables And Accrued Expenses": 17309000000.0,
      "Current Accrued Expenses": 8805000000.0,
      "Payables": 8504000000.0,
      "Other Payable": null,
      "Dueto Related Parties Current": 863000000.0,
      "Total Tax Payable": 3655000000.0,
      "Accounts Payable": 4849000000.0,
      "Total Assets": 229623000000.0,
      "Total Non Current Assets": 144258000000.0,
      "Other Non Current Assets": 6794000000.0,
      "Investments And Advances": 6141000000.0,
      "Investmentin Financial Assets": 6141000000.0,
      "Available For Sale Securities": 6141000000.0,
      "Long Term Equity Investment": null,
      "Goodwill And Other Intangible Assets": 21442000000.0,
      "Other Intangible Assets": 788000000.0,
      "Goodwill": 20654000000.0,
      "Net PPE": 109881000000.0,
      "Accumulated Depreciation": -33134000000.0,
      "Gross PPE": 143015000000.0,
      "Leases": 6972000000.0,
      "Construction In Progress": 24269000000.0,
      "Other Properties": 71733000000.0,
      "Machinery Furniture Equipment": null,
      "Buildings And Improvements": 37961000000.0,
      "Land And Improvements": 2080000000.0,
      "Properties": 0.0,
      "Current Assets": 85365000000.0,
      "Other Current Assets": 3793000000.0,
      "Prepaid Assets": null,
      "Receivables": 16169000000.0,
      "Accounts Receivable": 16169000000.0,
      "Cash Cash Equivalents And Short Term Investments": 65403000000.0,
      "Other Short Term Investments": 23541000000.0,
      "Cash And Cash Equivalents": 41862000000.0,
      "Cash Equivalents": 35597000000.0,
      "Cash Financial": 6265000000.0
    },
    "2022-12-31T00:00:00": {
      "Treasury Shares Number": null,
      "Ordinary Shares Number": 2614000000.0,
      "Share Issued": 2614000000.0,
      "Net Debt": null,
      "Total Debt": 26591000000.0,
      "Tangible Book Value": 104510000000.0,
      "Invested Capital": 135636000000.0,
      "Working Capital": 32523000000.0,
      "Net Tangible Assets": 104510000000.0,
      "Capital Lease Obligations": 16668000000.0,
      "Common Stock Equity": 125713000000.0,
      "Total Capitalization": 135636000000.0,
      "Total Equity Gross Minority Interest": 125713000000.0,
      "Stockholders Equity": 125713000000.0,
      "Gains Losses Not Affecting Retained Earnings": -3530000000.0,
      "Other Equity Adjustments": -3530000000.0,
      "Retained Earnings": 64799000000.0,
      "Additional Paid In Capital": 64444000000.0,
      "Capital Stock": 0.0,
      "Common Stock": 0.0,
      "Total Liabilities Net Minority Interest": 60014000000.0,
      "Total Non Current Liabilities Net Minority Interest": 32988000000.0,
      "Other Non Current Liabilities": 1119000000.0,
      "Tradeand Other Payables Non Current": 6645000000.0,
      "Long Term Debt And Capital Lease Obligation": 25224000000.0,
      "Long Term Capital Lease Obligation": 15301000000.0,
      "Long Term Debt": 9923000000.0,
      "Current Liabilities": 27026000000.0,
      "Other Current Liabilities": 4906000000.0,
      "Current Deferred Liabilities": null,
      "Current Deferred Revenue": null,
      "Current Debt And Capital Lease Obligation": 1367000000.0,
      "Current Capital Lease Obligation": 1367000000.0,
      "Pensionand Other Post Retirement Benefit Plans Current": 4591000000.0,
      "Payables And Accrued Expenses": 16162000000.0,
      "Current Accrued Expenses": 7716000000.0,
      "Payables": 8446000000.0,
      "Other Payable": null,
      "Dueto Related Parties Current": 1117000000.0,
      "Total Tax Payable": 2339000000.0,
      "Accounts Payable": 4990000000.0,
      "Total Assets": 185727000000.0,
      "Total Non Current Assets": 126178000000.0,
      "Other Non Current Assets": 6583000000.0,
      "Investments And Advances": 6201000000.0,
      "Investmentin Financial Assets": 6201000000.0,
      "Available For Sale Securities": 6201000000.0,
      "Long Term Equity Investment": null,
      "Goodwill And Other Intangible Assets": 21203000000.0,
      "Other Intangible Assets": 897000000.0,
      "Goodwill": 20306000000.0,
      "Net PPE": 92191000000.0,
      "Accumulated Depreciation": -24975000000.0,
      "Gross PPE": 117166000000.0,
      "Leases": 6522000000.0,
      "Construction In Progress": 25052000000.0,
      "Other Properties": 55998000000.0,
      "Machinery Furniture Equipment": null,
      "Buildings And Improvements": 27720000000.0,
      "Land And Improvements": 1874000000.0,
      "Properties": 0.0,
      "Current Assets": 59549000000.0,
      "Other Current Assets": 5345000000.0,
      "Prepaid Assets": null,
      "Receivables": 13466000000.0,
      "Accounts Receivable": 13466000000.0,
      "Cash Cash Equivalents And Short Term Investments": 40738000000.0,
      "Other Short Term Investments": 26057000000.0,
      "Cash And Cash Equivalents": 14681000000.0,
      "Cash Equivalents": 8505000000.0,
      "Cash Financial": 6176000000.0
    },
    "2021-12-31T00:00:00": {
      "Treasury Shares Number": null,
      "Ordinary Shares Number": null,
      "Share Issued": null,
      "Net Debt": null,
      "Total Debt": null,
      "Tangible Book Value": null,
      "Invested Capital": null,
      "Working Capital": null,
      "Net Tangible Assets": null,
      "Capital Lease Obligations": null,
      "Common Stock Equity": null,
      "Total Capitalization": null,
      "Total Equity Gross Minority Interest": null,
      "Stockholders Equity": null,
      "Gains Losses Not Affecting Retained Earnings": null,
      "Other Equity Adjustments": null,
      "Retained Earnings": null,
      "Additional Paid In Capital": null,
      "Capital Stock": null,
      "Common Stock": null,
      "Total Liabilities Net Minority Interest": null,
      "Total Non Current Liabilities Net Minority Interest": null,
      "Other Non Current Liabilities": null,
      "Tradeand Other Payables Non Current": null,
      "Long Term Debt And Capital Lease Obligation": null,
      "Long Term Capital Lease Obligation": null,
      "Long Term Debt": null,
      "Current Liabilities": null,
      "Other Current Liabilities": null,
      "Current Deferred Liabilities": 561000000.0,
      "Current Deferred Revenue": 561000000.0,
      "Current Debt And Capital Lease Obligation": null,
      "Current Capital Lease Obligation": null,
      "Pensionand Other Post Retirement Benefit Plans Current": null,
      "Payables And Accrued Expenses": null,
      "Current Accrued Expenses": null,
      "Payables": null,
      "Other Payable": 1052000000.0,
      "Dueto Related Parties Current": 1052000000.0,
      "Total Tax Payable": null,
      "Accounts Payable": null,
      "Total Assets": null,
      "Total Non Current Assets": null,
      "Other Non Current Assets": null,
      "Investments And Advances": null,
      "Investmentin Financial Assets": null,
      "Available For Sale Securities": null,
      "Long Term Equity Investment": 6775000000.0,
      "Goodwill And Other Intangible Assets": null,
      "Other Intangible Assets": null,
      "Goodwill": null,
      "Net PPE": null,
      "Accumulated Depreciation": null,
      "Gross PPE": null,
      "Leases": null,
      "Construction In Progress": null,
      "Other Properties": null,
      "Machinery Furniture Equipment": 25584000000.0,
      "Buildings And Improvements": null,
      "Land And Improvements": null,
      "Properties": null,
      "Current Assets": null,
      "Other Current Assets": null,
      "Prepaid Assets": 4629000000.0,
      "Receivables": null,
      "Accounts Receivable": null,
      "Cash Cash Equivalents And Short Term Investments": null,
      "Other Short Term Investments": null,
      "Cash And Cash Equivalents": null,
      "Cash Equivalents": null,
      "Cash Financial": null
    }
  },
  "cashflow": {
    "2025-12-31T00:00:00": {
      "Free Cash Flow": 46109000000.0,
      "Repurchase Of Capital Stock": -26248000000.0,
      "Repayment Of Debt": -2524000000.0,
      "Issuance Of Debt": 29906000000.0,
      "Capital Expenditure": -69691000000.0,
      "Interest Paid Supplemental Data": 696000000.0,
      "Income Tax Paid Supplemental Data": 7578000000.0,
      "End Cash Position": 39100000000.0,
      "Beginning Cash Position": 45438000000.0,
      "Effect Of Exchange Rate Changes": 235000000.0,
      "Changes In Cash": -6573000000.0,
      "Financing Cash Flow": -20370000000.0,
      "Cash Flow From Continuing Financing Activities": -20370000000.0,
      "Net Other Financing Charges": -16180000000.0,
      "Cash Dividends Paid": -5324000000.0,
      "Common Stock Dividend Paid": -5324000000.0,
      "Net Common Stock Issuance": -26248000000.0,
      "Common Stock Payments": -26248000000.0,
      "Net Issuance Payments Of Debt": 27382000000.0,
      "Net Short Term Debt Issuance": null,
      "Net Long Term Debt Issuance": 27382000000.0,
      "Long Term Debt Payments": -2524000000.0,
      "Long Term Debt Issuance": 29906000000.0,
      "Investing Cash Flow": -102003000000.0,
      "Cash Flow From Continuing Investing Activities": -102003000000.0,
      "Net Other Investing Changes": -2250000000.0,
      "Net Investment Purchase And Sale": -28385000000.0,
      "Sale Of Investment": 26874000000.0,
      "Purchase Of Investment": -55259000000.0,
      "Net Business Purchase And Sale": -1677000000.0,
      "Sale Of Business": 2554000000.0,
      "Purchase Of Business": -4231000000.0,
      "Net PPE Purchase And Sale": -69691000000.0,
      "Sale Of PPE": null,
      "Purchase Of PPE": -69691000000.0,
      "Operating Cash Flow": 115800000000.0,
      "Cash Flow From Continuing Operating Activities": 115800000000.0,
      "Change In Working Capital": -885000000.0,
      "Change In Other Working Capital": null,
      "Change In Other Current Liabilities": 437000000.0,
      "Change In Other Current Assets": -481000000.0,
      "Change In Payables And Accrued Expense": 1063000000.0,
      "Change In Accrued Expense": 1077000000.0,
      "Change In Payable": -14000000.0,
      "Change In Account Payable": -14000000.0,
      "Change In Prepaid Assets": -89000000.0,
      "Change In Receivables": -1815000000.0,
      "Changes In Account Receivables": -1815000000.0,
      "Other Non Cash Items": -416000000.0,
      "Stock Based Compensation": 20427000000.0,
      "Unrealized Gain Loss On Investment Securities": -1138000000.0,
      "Asset Impairment Charge": 0.0,
      "Deferred Tax": 18738000000.0,
      "Deferred Income Tax": 18738000000.0,
      "Depreciation Amortization Depletion": 18616000000.0,
      "Depreciation And Amortization": 18616000000.0,
      "Net Income From Continuing Operations": 60458000000.0
    },
    "2024-12-31T00:00:00": {
      "Free Cash Flow": 54072000000.0,
      "Repurchase Of Capital Stock": -30125000000.0,
      "Repayment Of Debt": -1969000000.0,
      "Issuance Of Debt": 10432000000.0,
      "Capital Expenditure": -37256000000.0,
      "Interest Paid Supplemental Data": 486000000.0,
      "Income Tax Paid Supplemental Data": 10554000000.0,
      "End Cash Position": 45438000000.0,
      "Beginning Cash Position": 42827000000.0,
      "Effect Of Exchange Rate Changes": -786000000.0,
      "Changes In Cash": 3397000000.0,
      "Financing Cash Flow": -40781000000.0,
      "Cash Flow From Continuing Financing Activities": -40781000000.0,
      "Net Other Financing Charges": -14047000000.0,
      "Cash Dividends Paid": -5072000000.0,
      "Common Stock Dividend Paid": -5072000000.0,
      "Net Common Stock Issuance": -30125000000.0,
      "Common Stock Payments": -30125000000.0,
      "Net Issuance Payments Of Debt": 8463000000.0,
      "Net Short Term Debt Issuance": null,
      "Net Long Term Debt Issuance": 8463000000.0,
      "Long Term Debt Payments": -1969000000.0,
      "Long Term Debt Issuance": 10432000000.0,
      "Investing Cash Flow": -47150000000.0,
      "Cash Flow From Continuing Investing Activities": -47150000000.0,
      "Net Other Investing Changes": 140000000.0,
      "Net Investment Purchase And Sale": -9764000000.0,
      "Sale Of Investment": 15789000000.0,
      "Purchase Of Investment": -25553000000.0,
      "Net Business Purchase And Sale": -270000000.0,
      "Sale Of Business": 0.0,
      "Purchase Of Business": -270000000.0,
      "Net PPE Purchase And Sale": -37256000000.0,
      "Sale Of PPE": null,
      "Purchase Of PPE": -37256000000.0,
      "Operating Cash Flow": 91328000000.0,
      "Cash Flow From Continuing Operating Activities": 91328000000.0,
      "Change In Working Capital": 1048000000.0,
      "Change In Other Working Capital": null,
      "Change In Other Current Liabilities": 2805000000.0,
      "Change In Other Current Assets": -270000000.0,
      "Change In Payables And Accrued Expense": 696000000.0,
      "Change In Accrued Expense": 323000000.0,
      "Change In Payable": 373000000.0,
      "Change In Account Payable": 373000000.0,
      "Change In Prepaid Assets": -698000000.0,
      "Change In Receivables": -1485000000.0,
      "Changes In Account Receivables": -1485000000.0,
      "Other Non Cash Items": 140000000.0,
      "Stock Based Compensation": 16690000000.0,
      "Unrealized Gain Loss On Investment Securities": -53000000.0,
      "Asset Impairment Charge": 383000000.0,
      "Deferred Tax": -4738000000.0,
      "Deferred Income Tax": -4738000000.0,
      "Depreciation Amortization Depletion": 15498000000.0,
      "Depreciation And Amortization": 15498000000.0,
      "Net Income From Continuing Operations": 62360000000.0
    },
    "2023-12-31T00:00:00": {
      "Free Cash Flow": 44068000000.0,
      "Repurchase Of Capital Stock": -19774000000.0,
      "Repayment Of Debt": -1058000000.0,
      "Issuance Of Debt": 8455000000.0,
      "Capital Expenditure": -27045000000.0,
      "Interest Paid Supplemental Data": 448000000.0,
      "Income Tax Paid Supplemental Data": 6607000000.0,
      "End Cash Position": 42827000000.0,
      "Beginning Cash Position": 15596000000.0,
      "Effect Of Exchange Rate Changes": 113000000.0,
      "Changes In Cash": 27118000000.0,
      "Financing Cash Flow": -19500000000.0,
      "Cash Flow From Continuing Financing Activities": -19500000000.0,
      "Net Other Financing Charges": -7123000000.0,
      "Cash Dividends Paid": 0.0,
      "Common Stock Dividend Paid": 0.0,
      "Net Common Stock Issuance": -19774000000.0,
      "Common Stock Payments": -19774000000.0,
      "Net Issuance Payments Of Debt": 7397000000.0,
      "Net Short Term Debt Issuance": null,
      "Net Long Term Debt Issuance": 7397000000.0,
      "Long Term Debt Payments": -1058000000.0,
      "Long Term Debt Issuance": 8455000000.0,
      "Investing Cash Flow": -24495000000.0,
      "Cash Flow From Continuing Investing Activities": -24495000000.0,
      "Net Other Investing Changes": -22000000.0,
      "Net Investment Purchase And Sale": 3201000000.0,
      "Sale Of Investment": 6184000000.0,
      "Purchase Of Investment": -2983000000.0,
      "Net Business Purchase And Sale": -629000000.0,
      "Sale Of Business": 0.0,
      "Purchase Of Business": -629000000.0,
      "Net PPE Purchase And Sale": -27045000000.0,
      "Sale Of PPE": 221000000.0,
      "Purchase Of PPE": -27045000000.0,
      "Operating Cash Flow": 71113000000.0,
      "Cash Flow From Continuing Operating Activities": 71113000000.0,
      "Change In Working Capital": 3836000000.0,
      "Change In Other Working Capital": null,
      "Change In Other Current Liabilities": 624000000.0,
      "Change In Other Current Assets": -80000000.0,
      "Change In Payables And Accrued Expense": 5132000000.0,
      "Change In Accrued Expense": 5081000000.0,
      "Change In Payable": 51000000.0,
      "Change In Account Payable": 51000000.0,
      "Change In Prepaid Assets": 559000000.0,
      "Change In Receivables": -2399000000.0,
      "Changes In Account Receivables": -2399000000.0,
      "Other Non Cash Items": 309000000.0,
      "Stock Based Compensation": 14027000000.0,
      "Unrealized Gain Loss On Investment Securities": 102000000.0,
      "Asset Impairment Charge": 2432000000.0,
      "Deferred Tax": 131000000.0,
      "Deferred Income Tax": 131000000.0,
      "Depreciation Amortization Depletion": 11178000000.0,
      "Depreciation And Amortization": 11178000000.0,
      "Net Income From Continuing Operations": 39098000000.0
    },
    "2022-12-31T00:00:00": {
      "Free Cash Flow": 19289000000.0,
      "Repurchase Of Capital Stock": -27956000000.0,
      "Repayment Of Debt": -850000000.0,
      "Issuance Of Debt": 9921000000.0,
      "Capital Expenditure": -31186000000.0,
      "Interest Paid Supplemental Data": 0.0,
      "Income Tax Paid Supplemental Data": 6407000000.0,
      "End Cash Position": 15596000000.0,
      "Beginning Cash Position": 16865000000.0,
      "Effect Of Exchange Rate Changes": -638000000.0,
      "Changes In Cash": -631000000.0,
      "Financing Cash Flow": -22136000000.0,
      "Cash Flow From Continuing Financing Activities": -22136000000.0,
      "Net Other Financing Charges": -3251000000.0,
      "Cash Dividends Paid": 0.0,
      "Common Stock Dividend Paid": 0.0,
      "Net Common Stock Issuance": -27956000000.0,
      "Common Stock Payments": -27956000000.0,
      "Net Issuance Payments Of Debt": 9071000000.0,
      "Net Short Term Debt Issuance": null,
      "Net Long Term Debt Issuance": 9071000000.0,
      "Long Term Debt Payments": -850000000.0,
      "Long Term Debt Issuance": 9921000000.0,
      "Investing Cash Flow": -28970000000.0,
      "Cash Flow From Continuing Investing Activities": -28970000000.0,
      "Net Other Investing Changes": -4000000.0,
      "Net Investment Purchase And Sale": 3532000000.0,
      "Sale Of Investment": 13158000000.0,
      "Purchase Of Investment": -9626000000.0,
      "Net Business Purchase And Sale": -1312000000.0,
      "Sale Of Business": null,
      "Purchase Of Business": -1312000000.0,
      "Net PPE Purchase And Sale": -31186000000.0,
      "Sale Of PPE": 245000000.0,
      "Purchase Of PPE": -31186000000.0,
      "Operating Cash Flow": 50475000000.0,
      "Cash Flow From Continuing Operating Activities": 50475000000.0,
      "Change In Working Capital": 5683000000.0,
      "Change In Other Working Capital": null,
      "Change In Other Current Liabilities": 886000000.0,
      "Change In Other Current Assets": -106000000.0,
      "Change In Payables And Accrued Expense": 4510000000.0,
      "Change In Accrued Expense": 4300000000.0,
      "Change In Payable": 210000000.0,
      "Change In Account Payable": 210000000.0,
      "Change In Prepaid Assets": 162000000.0,
      "Change In Receivables": 231000000.0,
      "Changes In Account Receivables": 231000000.0,
      "Other Non Cash Items": 1982000000.0,
      "Stock Based Compensation": 11992000000.0,
      "Unrealized Gain Loss On Investment Securities": 463000000.0,
      "Asset Impairment Charge": 2218000000.0,
      "Deferred Tax": -3286000000.0,
      "Deferred Income Tax": -3286000000.0,
      "Depreciation Amortization Depletion": 8686000000.0,
      "Depreciation And Amortization": 8686000000.0,
      "Net Income From Continuing Operations": 23200000000.0
    },
    "2021-12-31T00:00:00": {
      "Free Cash Flow": null,
      "Repurchase Of Capital Stock": null,
      "Repayment Of Debt": null,
      "Issuance Of Debt": null,
      "Capital Expenditure": null,
      "Interest Paid Supplemental Data": null,
      "Income Tax Paid Supplemental Data": null,
      "End Cash Position": null,
      "Beginning Cash Position": null,
      "Effect Of Exchange Rate Changes": null,
      "Changes In Cash": null,
      "Financing Cash Flow": null,
      "Cash Flow From Continuing Financing Activities": null,
      "Net Other Financing Charges": null,
      "Cash Dividends Paid": null,
      "Common Stock Dividend Paid": null,
      "Net Common Stock Issuance": null,
      "Common Stock Payments": null,
      "Net Issuance Payments Of Debt": null,
      "Net Short Term Debt Issuance": 14000000.0,
      "Net Long Term Debt Issuance": null,
      "Long Term Debt Payments": null,
      "Long Term Debt Issuance": null,
      "Investing Cash Flow": null,
      "Cash Flow From Continuing Investing Activities": null,
      "Net Other Investing Changes": null,
      "Net Investment Purchase And Sale": null,
      "Sale Of Investment": null,
      "Purchase Of Investment": null,
      "Net Business Purchase And Sale": null,
      "Sale Of Business": null,
      "Purchase Of Business": null,
      "Net PPE Purchase And Sale": null,
      "Sale Of PPE": 123000000.0,
      "Purchase Of PPE": null,
      "Operating Cash Flow": null,
      "Cash Flow From Continuing Operating Activities": null,
      "Change In Working Capital": null,
      "Change In Other Working Capital": 187000000.0,
      "Change In Other Current Liabilities": null,
      "Change In Other Current Assets": null,
      "Change In Payables And Accrued Expense": null,
      "Change In Accrued Expense": null,
      "Change In Payable": null,
      "Change In Account Payable": null,
      "Change In Prepaid Assets": null,
      "Change In Receivables": null,
      "Changes In Account Receivables": null,
      "Other Non Cash Items": null,
      "Stock Based Compensation": null,
      "Unrealized Gain Loss On Investment Securities": null,
      "Asset Impairment Charge": null,
      "Deferred Tax": null,
      "Deferred Income Tax": null,
      "Depreciation Amortization Depletion": null,
      "Depreciation And Amortization": null,
      "Net Income From Continuing Operations": null
    }
  },
  "earnings_estimate": {
    "avg": {
      "0q": 6.5993,
      "+1q": 7.1264,
      "0y": 29.59892,
      "+1y": 34.33611
    },
    "low": {
      "0q": 6.02,
      "+1q": 6.53224,
      "0y": 26.43,
      "+1y": 28.46
    },
    "high": {
      "0q": 7.45,
      "+1q": 7.825,
      "0y": 32.23,
      "+1y": 40.0
    },
    "yearAgoEps": {
      "0q": 6.43,
      "+1q": 7.14,
      "0y": 23.49,
      "+1y": 29.59892
    },
    "numberOfAnalysts": {
      "0q": 39,
      "+1q": 37,
      "0y": 55,
      "+1y": 52
    },
    "growth": {
      "0q": 0.026300002,
      "+1q": -0.0019,
      "0y": 0.2601,
      "+1y": 0.16
    }
  },
  "revenue_estimate": {
    "avg": {
      "0q": 55441680360,
      "+1q": 59581919040,
      "0y": 251112500220,
      "+1y": 295447173920
    },
    "low": {
      "0q": 53620280000,
      "+1q": 55820000000,
      "0y": 243351000000,
      "+1y": 240467000000
    },
    "high": {
      "0q": 56500000000,
      "+1q": 60948000000,
      "0y": 261256000000,
      "+1y": 339633000000
    },
    "numberOfAnalysts": {
      "0q": 45,
      "+1q": 41,
      "0y": 56,
      "+1y": 60
    },
    "yearAgoRevenue": {
      "0q": 42314000000,
      "+1q": 47516000000,
      "0y": 200966000000,
      "+1y": 251112500220
    },
    "growth": {
      "0q": 0.3102,
      "+1q": 0.2539,
      "0y": 0.2495,
      "+1y": 0.1766
    }
  },
  "growth_estimates": {
    "stockTrend": {
      "0q": 0.045900002,
      "+1q": 0.0026,
      "0y": 0.0197,
      "+1y": 0.183,
      "LTG": null
    },
    "indexTrend": {
      "0q": 0.1273,
      "+1q": 0.103599995,
      "0y": 0.14310001,
      "+1y": 0.1557,
      "LTG": 0.122
    }
  },
  "revenue_forecasts": null,
  "dividend_rate": 2.1,
  "trailing_dividend_rate": 2.1
}