{
  "ticker": "MFC.TO",
  "name": "Manulife",
  "country": "canada",
  "currency": "CAD",
  "last_fetched": "2026-02-26T20:52:01.943718",
  "market_cap": 82185560064,
  "revenue": 30975000576,
  "net_income": 5250999808,
  "pe_ratio": 15.965798,
  "forward_pe": 9.809475,
  "dividend_yield": 3.73,
  "profit_margin": 0.18667,
  "roe": 0.11494,
  "debt_to_equity": 48.346,
  "beta": 0.869,
  "ev_to_ebitda": 8.452,
  "sector": "Financial Services",
  "industry": "Insurance - Life",
  "summary": "Manulife Financial Corporation, together with its subsidiaries, provides financial products and services in the United States, Canada, Asia, and internationally. It operates through Wealth and Asset Management Businesses; Insurance and Annuity Products; and Corporate and Other segments. The Wealth and Asset Management Businesses segment offers investment advice and solutions to retirement, retail, and institutional clients through multiple distribution channels, including agents and brokers affiliated with the company, independent securities brokerage firms and financial advisors pension plan consultants, and banks. The Insurance and Annuity Products segment provides deposit and credit products; and individual life insurance, individual and group long-term care insurance, and guaranteed and partially guaranteed annuity products through multiple distribution channels, including insurance agents, brokers, banks, financial planners, and direct marketing. The Corporate and Other segment is involved in the property and casualty reinsurance businesses; and run-off reinsurance operations, including variable annuities, and accident and health. The company also manages timberland and agricultural portfolios; and engages in the insurance agency, broker dealer, investment counseling, portfolio and mutual fund management, property and casualty insurance, and fund and investment management businesses. In addition, it provides integrated banking products and services, as well as offers asset management services. The company was incorporated in 1887 and is headquartered in Toronto, Canada.",
  "website": "https://www.manulife.com",
  "employees": 37000,
  "target_high": 59.0,
  "target_low": 41.1,
  "target_mean": 54.67333,
  "target_median": 56.0,
  "recommendation": "buy",
  "num_analysts": 15,
  "income_stmt": {
    "2025-12-31T00:00:00": {
      "Tax Effect Of Unusual Items": 0.0,
      "Tax Rate For Calcs": 0.145757,
      "Net Income From Continuing Operation Net Minority Interest": 5782000000.0,
      "Reconciled Depreciation": -1829000000.0,
      "EBIT": 8624000000.0,
      "Net Interest Income": -1530000000.0,
      "Interest Expense": 1530000000.0,
      "Interest Income": 19080000000.0,
      "Normalized Income": 5782000000.0,
      "Net Income From Continuing And Discontinued Operation": 5782000000.0,
      "Total Expenses": 45920000000.0,
      "Diluted Average Shares": 1708000000.0,
      "Basic Average Shares": 1703000000.0,
      "Diluted EPS": 3.07,
      "Basic EPS": 3.08,
      "Diluted NI Availto Com Stockholders": 5251000000.0,
      "Net Income Common Stockholders": 5251000000.0,
      "Otherunder Preferred Stock Dividend": 210000000.0,
      "Preferred Stock Dividends": 321000000.0,
      "Net Income": 5782000000.0,
      "Minority Interests": -278000000.0,
      "Net Income Including Noncontrolling Interests": 6060000000.0,
      "Net Income Continuous Operations": 6060000000.0,
      "Tax Provision": 1034000000.0,
      "Pretax Income": 7094000000.0,
      "Other Income Expense": 198000000.0,
      "Net Non Operating Interest Income Expense": -1530000000.0,
      "Interest Expense Non Operating": 1530000000.0,
      "Other Operating Expenses": null,
      "Selling General And Administration": 4901000000.0,
      "General And Administrative Expense": 4901000000.0,
      "Other Gand A": 4901000000.0,
      "Total Revenue": 53014000000.0,
      "Operating Revenue": 53014000000.0,
      "Loss Adjustment Expense": 34546000000.0,
      "Net Policyholder Benefits And Claims": 34546000000.0,
      "Policyholder Benefits Gross": 43420000000.0,
      "Policyholder Benefits Ceded": 8874000000.0
    },
    "2024-12-31T00:00:00": {
      "Tax Effect Of Unusual Items": 0.0,
      "Tax Rate For Calcs": 0.170945,
      "Net Income From Continuing Operation Net Minority Interest": 5631000000.0,
      "Reconciled Depreciation": -1507000000.0,
      "EBIT": 8771000000.0,
      "Net Interest Income": -1681000000.0,
      "Interest Expense": 1681000000.0,
      "Interest Income": 17480000000.0,
      "Normalized Income": 5631000000.0,
      "Net Income From Continuing And Discontinued Operation": 5631000000.0,
      "Total Expenses": -14378000000.0,
      "Diluted Average Shares": 1785000000.0,
      "Basic Average Shares": 1779000000.0,
      "Diluted EPS": 2.84,
      "Basic EPS": 2.85,
      "Diluted NI Availto Com Stockholders": 5074000000.0,
      "Net Income Common Stockholders": 5074000000.0,
      "Otherunder Preferred Stock Dividend": 246000000.0,
      "Preferred Stock Dividends": 311000000.0,
      "Net Income": 5631000000.0,
      "Minority Interests": -247000000.0,
      "Net Income Including Noncontrolling Interests": 5878000000.0,
      "Net Income Continuous Operations": 5878000000.0,
      "Tax Provision": 1212000000.0,
      "Pretax Income": 7090000000.0,
      "Other Income Expense": 295000000.0,
      "Net Non Operating Interest Income Expense": -1681000000.0,
      "Interest Expense Non Operating": 1681000000.0,
      "Other Operating Expenses": null,
      "Selling General And Administration": 4859000000.0,
      "General And Administrative Expense": 4859000000.0,
      "Other Gand A": 4859000000.0,
      "Total Revenue": -7288000000.0,
      "Operating Revenue": -7288000000.0,
      "Loss Adjustment Expense": 30472000000.0,
      "Net Policyholder Benefits And Claims": 30472000000.0,
      "Policyholder Benefits Gross": 38545000000.0,
      "Policyholder Benefits Ceded": 8073000000.0
    },
    "2023-12-31T00:00:00": {
      "Tax Effect Of Unusual Items": 0.0,
      "Tax Rate For Calcs": 0.130967,
      "Net Income From Continuing Operation Net Minority Interest": 5463000000.0,
      "Reconciled Depreciation": -1417000000.0,
      "EBIT": 8006000000.0,
      "Net Interest Income": -1554000000.0,
      "Interest Expense": 1554000000.0,
      "Interest Income": 16120000000.0,
      "Normalized Income": 5463000000.0,
      "Net Income From Continuing And Discontinued Operation": 5463000000.0,
      "Total Expenses": -13489000000.0,
      "Diluted Average Shares": 1838000000.0,
      "Basic Average Shares": 1834000000.0,
      "Diluted EPS": 2.61,
      "Basic EPS": 2.62,
      "Diluted NI Availto Com Stockholders": 4800000000.0,
      "Net Income Common Stockholders": 4800000000.0,
      "Otherunder Preferred Stock Dividend": 360000000.0,
      "Preferred Stock Dividends": 303000000.0,
      "Net Income": 5463000000.0,
      "Minority Interests": -144000000.0,
      "Net Income Including Noncontrolling Interests": 5607000000.0,
      "Net Income Continuous Operations": 5607000000.0,
      "Tax Provision": 845000000.0,
      "Pretax Income": 6452000000.0,
      "Other Income Expense": 129000000.0,
      "Net Non Operating Interest Income Expense": -1554000000.0,
      "Interest Expense Non Operating": 1554000000.0,
      "Other Operating Expenses": null,
      "Selling General And Administration": 4330000000.0,
      "General And Administrative Expense": 4330000000.0,
      "Other Gand A": 4330000000.0,
      "Total Revenue": -7037000000.0,
      "Operating Revenue": -7037000000.0,
      "Loss Adjustment Expense": 28628000000.0,
      "Net Policyholder Benefits And Claims": 28628000000.0,
      "Policyholder Benefits Gross": 33711000000.0,
      "Policyholder Benefits Ceded": 5083000000.0
    },
    "2022-12-31T00:00:00": {
      "Tax Effect Of Unusual Items": 0.0,
      "Tax Rate For Calcs": 0.369344,
      "Net Income From Continuing Operation Net Minority Interest": -2100000000.0,
      "Reconciled Depreciation": -1474000000.0,
      "EBIT": -2087000000.0,
      "Net Interest Income": -1051000000.0,
      "Interest Expense": 1051000000.0,
      "Interest Income": 15963000000.0,
      "Normalized Income": -2100000000.0,
      "Net Income From Continuing And Discontinued Operation": -2100000000.0,
      "Total Expenses": 27297000000.0,
      "Diluted Average Shares": 1913000000.0,
      "Basic Average Shares": 1910000000.0,
      "Diluted EPS": 3.68,
      "Basic EPS": 3.68,
      "Diluted NI Availto Com Stockholders": -2193000000.0,
      "Net Income Common Stockholders": -2193000000.0,
      "Otherunder Preferred Stock Dividend": -167000000.0,
      "Preferred Stock Dividends": 260000000.0,
      "Net Income": -2100000000.0,
      "Minority Interests": -121000000.0,
      "Net Income Including Noncontrolling Interests": -1979000000.0,
      "Net Income Continuous Operations": -1979000000.0,
      "Tax Provision": -1159000000.0,
      "Pretax Income": -3138000000.0,
      "Other Income Expense": -261000000.0,
      "Net Non Operating Interest Income Expense": -1051000000.0,
      "Interest Expense Non Operating": 1051000000.0,
      "Other Operating Expenses": 444000000.0,
      "Selling General And Administration": 3731000000.0,
      "General And Administrative Expense": 3731000000.0,
      "Other Gand A": 3731000000.0,
      "Total Revenue": 24159000000.0,
      "Operating Revenue": 24159000000.0,
      "Loss Adjustment Expense": 19355000000.0,
      "Net Policyholder Benefits And Claims": 19355000000.0,
      "Policyholder Benefits Gross": 25065000000.0,
      "Policyholder Benefits Ceded": 5710000000.0
    },
    "2021-12-31T00:00:00": {
      "Tax Effect Of Unusual Items": null,
      "Tax Rate For Calcs": null,
      "Net Income From Continuing Operation Net Minority Interest": null,
      "Reconciled Depreciation": null,
      "EBIT": null,
      "Net Interest Income": null,
      "Interest Expense": null,
      "Interest Income": null,
      "Normalized Income": null,
      "Net Income From Continuing And Discontinued Operation": null,
      "Total Expenses": null,
      "Diluted Average Shares": null,
      "Basic Average Shares": null,
      "Diluted EPS": null,
      "Basic EPS": null,
      "Diluted NI Availto Com Stockholders": null,
      "Net Income Common Stockholders": null,
      "Otherunder Preferred Stock Dividend": null,
      "Preferred Stock Dividends": null,
      "Net Income": null,
      "Minority Interests": null,
      "Net Income Including Noncontrolling Interests": null,
      "Net Income Continuous Operations": null,
      "Tax Provision": null,
      "Pretax Income": null,
      "Other Income Expense": null,
      "Net Non Operating Interest Income Expense": null,
      "Interest Expense Non Operating": null,
      "Other Operating Expenses": 417000000.0,
      "Selling General And Administration": null,
      "General And Administrative Expense": null,
      "Other Gand A": null,
      "Total Revenue": null,
      "Operating Revenue": null,
      "Loss Adjustment Expense": null,
      "Net Policyholder Benefits And Claims": null,
      "Policyholder Benefits Gross": null,
      "Policyholder Benefits Ceded": null
    }
  },
  "quarterly_income": {
    "2025-12-31T00:00:00": {
      "Tax Effect Of Unusual Items": 0.0,
      "Tax Rate For Calcs": 0.16273,
      "Net Income From Continuing Operation Net Minority Interest": 1562000000.0,
      "Reconciled Depreciation": -506000000.0,
      "EBIT": 2310000000.0,
      "Net Interest Income": -405000000.0,
      "Interest Expense": 405000000.0,
      "Interest Income": 5303000000.0,
      "Normalized Income": 1562000000.0,
      "Net Income From Continuing And Discontinued Operation": 1562000000.0,
      "Total Expenses": 6699000000.0,
      "Diluted Average Shares": null,
      "Basic Average Shares": null,
      "Diluted EPS": null,
      "Basic EPS": null,
      "Diluted NI Availto Com Stockholders": 1396000000.0,
      "Net Income Common Stockholders": 1396000000.0,
      "Otherunder Preferred Stock Dividend": 63000000.0,
      "Preferred Stock Dividends": 103000000.0,
      "Net Income": 1562000000.0,
      "Minority Interests": -33000000.0,
      "Net Income Including Noncontrolling Interests": 1595000000.0,
      "Net Income Continuous Operations": 1595000000.0,
      "Tax Provision": 310000000.0,
      "Pretax Income": 1905000000.0,
      "Other Income Expense": 55000000.0,
      "Net Non Operating Interest Income Expense": -405000000.0,
      "Interest Expense Non Operating": 405000000.0,
      "Selling General And Administration": 1327000000.0,
      "General And Administrative Expense": 1327000000.0,
      "Other Gand A": 1327000000.0,
      "Total Revenue": 8604000000.0,
      "Operating Revenue": 8604000000.0,
      "Loss Adjustment Expense": 1159000000.0,
      "Net Policyholder Benefits And Claims": 1159000000.0,
      "Policyholder Benefits Gross": 8984000000.0,
      "Policyholder Benefits Ceded": 7825000000.0
    },
    "2025-09-30T00:00:00": {
      "Tax Effect Of Unusual Items": 0.0,
      "Tax Rate For Calcs": 0.14,
      "Net Income From Continuing Operation Net Minority Interest": 1789000000.0,
      "Reconciled Depreciation": -484000000.0,
      "EBIT": 2617000000.0,
      "Net Interest Income": -388000000.0,
      "Interest Expense": 388000000.0,
      "Interest Income": 4658000000.0,
      "Normalized Income": 1789000000.0,
      "Net Income From Continuing And Discontinued Operation": 1789000000.0,
      "Total Expenses": 15080000000.0,
      "Diluted Average Shares": 1701000000.0,
      "Basic Average Shares": 1696000000.0,
      "Diluted EPS": 1.02,
      "Basic EPS": 1.03,
      "Diluted NI Availto Com Stockholders": 1741000000.0,
      "Net Income Common Stockholders": 1741000000.0,
      "Otherunder Preferred Stock Dividend": -10000000.0,
      "Preferred Stock Dividends": 58000000.0,
      "Net Income": 1789000000.0,
      "Minority Interests": -130000000.0,
      "Net Income Including Noncontrolling Interests": 1919000000.0,
      "Net Income Continuous Operations": 1919000000.0,
      "Tax Provision": 310000000.0,
      "Pretax Income": 2229000000.0,
      "Other Income Expense": 97000000.0,
      "Net Non Operating Interest Income Expense": -388000000.0,
      "Interest Expense Non Operating": 388000000.0,
      "Selling General And Administration": 1232000000.0,
      "General And Administrative Expense": 1232000000.0,
      "Other Gand A": 1232000000.0,
      "Total Revenue": 17309000000.0,
      "Operating Revenue": 17309000000.0,
      "Loss Adjustment Expense": 13074000000.0,
      "Net Policyholder Benefits And Claims": 13074000000.0,
      "Policyholder Benefits Gross": 13802000000.0,
      "Policyholder Benefits Ceded": 728000000.0
    },
    "2025-06-30T00:00:00": {
      "Tax Effect Of Unusual Items": 0.0,
      "Tax Rate For Calcs": 0.15,
      "Net Income From Continuing Operation Net Minority Interest": 1874000000.0,
      "Reconciled Depreciation": -411000000.0,
      "EBIT": 2619000000.0,
      "Net Interest Income": -358000000.0,
      "Interest Expense": 358000000.0,
      "Interest Income": 4708000000.0,
      "Normalized Income": 1874000000.0,
      "Net Income From Continuing And Discontinued Operation": 1874000000.0,
      "Total Expenses": 38864000000.0,
      "Diluted Average Shares": 1715000000.0,
      "Basic Average Shares": 1710000000.0,
      "Diluted EPS": 0.98,
      "Basic EPS": 0.99,
      "Diluted NI Availto Com Stockholders": 1686000000.0,
      "Net Income Common Stockholders": 1686000000.0,
      "Otherunder Preferred Stock Dividend": 85000000.0,
      "Preferred Stock Dividends": 103000000.0,
      "Net Income": 1874000000.0,
      "Minority Interests": -49000000.0,
      "Net Income Including Noncontrolling Interests": 1923000000.0,
      "Net Income Continuous Operations": 1923000000.0,
      "Tax Provision": 338000000.0,
      "Pretax Income": 2261000000.0,
      "Other Income Expense": -6000000.0,
      "Net Non Operating Interest Income Expense": -358000000.0,
      "Interest Expense Non Operating": 358000000.0,
      "Selling General And Administration": 1140000000.0,
      "General And Administrative Expense": 1140000000.0,
      "Other Gand A": 1140000000.0,
      "Total Revenue": 41125000000.0,
      "Operating Revenue": 41125000000.0,
      "Loss Adjustment Expense": 11295000000.0,
      "Net Policyholder Benefits And Claims": 11295000000.0,
      "Policyholder Benefits Gross": 11096000000.0,
      "Policyholder Benefits Ceded": -199000000.0
    },
    "2025-03-31T00:00:00": {
      "Tax Effect Of Unusual Items": 0.0,
      "Tax Rate For Calcs": 0.09,
      "Net Income From Continuing Operation Net Minority Interest": 557000000.0,
      "Reconciled Depreciation": -428000000.0,
      "EBIT": 1078000000.0,
      "Net Interest Income": -379000000.0,
      "Interest Expense": 379000000.0,
      "Interest Income": 4411000000.0,
      "Normalized Income": 557000000.0,
      "Net Income From Continuing And Discontinued Operation": 557000000.0,
      "Total Expenses": 8345000000.0,
      "Diluted Average Shares": 1729000000.0,
      "Basic Average Shares": 1723000000.0,
      "Diluted EPS": 0.25,
      "Basic EPS": 0.25,
      "Diluted NI Availto Com Stockholders": 428000000.0,
      "Net Income Common Stockholders": 428000000.0,
      "Otherunder Preferred Stock Dividend": 72000000.0,
      "Preferred Stock Dividends": 57000000.0,
      "Net Income": 557000000.0,
      "Minority Interests": -66000000.0,
      "Net Income Including Noncontrolling Interests": 623000000.0,
      "Net Income Continuous Operations": 623000000.0,
      "Tax Provision": 76000000.0,
      "Pretax Income": 699000000.0,
      "Other Income Expense": 52000000.0,
      "Net Non Operating Interest Income Expense": -379000000.0,
      "Interest Expense Non Operating": 379000000.0,
      "Selling General And Administration": 1202000000.0,
      "General And Administrative Expense": 1202000000.0,
      "Other Gand A": 1202000000.0,
      "Total Revenue": 9044000000.0,
      "Operating Revenue": 9044000000.0,
      "Loss Adjustment Expense": 9018000000.0,
      "Net Policyholder Benefits And Claims": 9018000000.0,
      "Policyholder Benefits Gross": 9538000000.0,
      "Policyholder Benefits Ceded": 520000000.0
    },
    "2024-12-31T00:00:00": {
      "Tax Effect Of Unusual Items": 0.0,
      "Tax Rate For Calcs": 0.192144,
      "Net Income From Continuing Operation Net Minority Interest": 1685000000.0,
      "Reconciled Depreciation": -195000000.0,
      "EBIT": 2533000000.0,
      "Net Interest Income": -420000000.0,
      "Interest Expense": 420000000.0,
      "Interest Income": 4855000000.0,
      "Normalized Income": 1685000000.0,
      "Net Income From Continuing And Discontinued Operation": 1685000000.0,
      "Total Expenses": 2105000000.0,
      "Diluted Average Shares": null,
      "Basic Average Shares": null,
      "Diluted EPS": null,
      "Basic EPS": null,
      "Diluted NI Availto Com Stockholders": 1537000000.0,
      "Net Income Common Stockholders": 1537000000.0,
      "Otherunder Preferred Stock Dividend": 47000000.0,
      "Preferred Stock Dividends": 101000000.0,
      "Net Income": 1685000000.0,
      "Minority Interests": -22000000.0,
      "Net Income Including Noncontrolling Interests": 1707000000.0,
      "Net Income Continuous Operations": 1707000000.0,
      "Tax Provision": 406000000.0,
      "Pretax Income": 2113000000.0,
      "Other Income Expense": 59000000.0,
      "Net Non Operating Interest Income Expense": -420000000.0,
      "Interest Expense Non Operating": 420000000.0,
      "Selling General And Administration": 1328000000.0,
      "General And Administrative Expense": 1328000000.0,
      "Other Gand A": 1328000000.0,
      "Total Revenue": 4218000000.0,
      "Operating Revenue": 4218000000.0,
      "Loss Adjustment Expense": 1505000000.0,
      "Net Policyholder Benefits And Claims": 1505000000.0,
      "Policyholder Benefits Gross": 9403000000.0,
      "Policyholder Benefits Ceded": 7898000000.0
    },
    "2024-09-30T00:00:00": {
      "Tax Effect Of Unusual Items": null,
      "Tax Rate For Calcs": null,
      "Net Income From Continuing Operation Net Minority Interest": null,
      "Reconciled Depreciation": null,
      "EBIT": null,
      "Net Interest Income": null,
      "Interest Expense": null,
      "Interest Income": null,
      "Normalized Income": null,
      "Net Income From Continuing And Discontinued Operation": null,
      "Total Expenses": null,
      "Diluted Average Shares": 1780000000.0,
      "Basic Average Shares": 1774000000.0,
      "Diluted EPS": 1.0,
      "Basic EPS": 1.01,
      "Diluted NI Availto Com Stockholders": null,
      "Net Income Common Stockholders": null,
      "Otherunder Preferred Stock Dividend": null,
      "Preferred Stock Dividends": null,
      "Net Income": null,
      "Minority Interests": null,
      "Net Income Including Noncontrolling Interests": null,
      "Net Income Continuous Operations": null,
      "Tax Provision": null,
      "Pretax Income": null,
      "Other Income Expense": null,
      "Net Non Operating Interest Income Expense": null,
      "Interest Expense Non Operating": null,
      "Selling General And Administration": null,
      "General And Administrative Expense": null,
      "Other Gand A": null,
      "Total Revenue": null,
      "Operating Revenue": null,
      "Loss Adjustment Expense": null,
      "Net Policyholder Benefits And Claims": null,
      "Policyholder Benefits Gross": null,
      "Policyholder Benefits Ceded": null
    },
    "2024-06-30T00:00:00": {
      "Tax Effect Of Unusual Items": null,
      "Tax Rate For Calcs": null,
      "Net Income From Continuing Operation Net Minority Interest": null,
      "Reconciled Depreciation": null,
      "EBIT": null,
      "Net Interest Income": null,
      "Interest Expense": null,
      "Interest Income": null,
      "Normalized Income": null,
      "Net Income From Continuing And Discontinued Operation": null,
      "Total Expenses": null,
      "Diluted Average Shares": 1799000000.0,
      "Basic Average Shares": 1793000000.0,
      "Diluted EPS": 0.52,
      "Basic EPS": 0.53,
      "Diluted NI Availto Com Stockholders": null,
      "Net Income Common Stockholders": null,
      "Otherunder Preferred Stock Dividend": null,
      "Preferred Stock Dividends": null,
      "Net Income": null,
      "Minority Interests": null,
      "Net Income Including Noncontrolling Interests": null,
      "Net Income Continuous Operations": null,
      "Tax Provision": null,
      "Pretax Income": null,
      "Other Income Expense": null,
      "Net Non Operating Interest Income Expense": null,
      "Interest Expense Non Operating": null,
      "Selling General And Administration": null,
      "General And Administrative Expense": null,
      "Other Gand A": null,
      "Total Revenue": null,
      "Operating Revenue": null,
      "Loss Adjustment Expense": null,
      "Net Policyholder Benefits And Claims": null,
      "Policyholder Benefits Gross": null,
      "Policyholder Benefits Ceded": null
    }
  },
  "balance_sheet": {
    "2025-12-31T00:00:00": {
      "Treasury Shares Number": null,
      "Preferred Shares Number": 102000000.0,
      "Ordinary Shares Number": 1677180680.0,
      "Share Issued": 1677180680.0,
      "Total Debt": 14675000000.0,
      "Tangible Book Value": 31973000000.0,
      "Invested Capital": 58972000000.0,
      "Net Tangible Assets": 38633000000.0,
      "Common Stock Equity": 44297000000.0,
      "Preferred Stock Equity": 6660000000.0,
      "Total Capitalization": 63891000000.0,
      "Total Equity Gross Minority Interest": 52488000000.0,
      "Minority Interest": 1531000000.0,
      "Stockholders Equity": 50957000000.0,
      "Other Equity Interest": 836000000.0,
      "Gains Losses Not Affecting Retained Earnings": 18135000000.0,
      "Other Equity Adjustments": 28763000000.0,
      "Fixed Assets Revaluation Reserve": null,
      "Foreign Currency Translation Adjustments": 5885000000.0,
      "Minimum Pension Liabilities": null,
      "Unrealized Gain Loss": -16513000000.0,
      "Retained Earnings": 5024000000.0,
      "Additional Paid In Capital": 199000000.0,
      "Capital Stock": 26763000000.0,
      "Common Stock": 20103000000.0,
      "Preferred Stock": 6660000000.0,
      "Total Liabilities Net Minority Interest": 972945000000.0,
      "Derivative Product Liabilities": 14351000000.0,
      "Non Current Deferred Liabilities": 2018000000.0,
      "Non Current Deferred Taxes Liabilities": 2018000000.0,
      "Long Term Debt And Capital Lease Obligation": 12934000000.0,
      "Long Term Debt": 12934000000.0,
      "Current Debt And Capital Lease Obligation": 1741000000.0,
      "Current Debt": 1741000000.0,
      "Current Notes Payable": 1741000000.0,
      "Total Assets": 1025433000000.0,
      "Investments And Advances": 255085000000.0,
      "Goodwill And Other Intangible Assets": 12324000000.0,
      "Other Intangible Assets": 5447000000.0,
      "Goodwill": 6877000000.0,
      "Net PPE": 2631000000.0,
      "Receivables": null,
      "Loans Receivable": 54517000000.0,
      "Accounts Receivable": null,
      "Cash Cash Equivalents And Short Term Investments": 26703000000.0,
      "Cash And Cash Equivalents": 26703000000.0
    },
    "2024-12-31T00:00:00": {
      "Treasury Shares Number": null,
      "Preferred Shares Number": 102000000.0,
      "Ordinary Shares Number": 1728734607.0,
      "Share Issued": 1728734607.0,
      "Total Debt": 14161000000.0,
      "Tangible Book Value": 33827000000.0,
      "Invested Capital": 59040000000.0,
      "Net Tangible Assets": 40487000000.0,
      "Common Stock Equity": 44879000000.0,
      "Preferred Stock Equity": 6660000000.0,
      "Total Capitalization": 65700000000.0,
      "Total Equity Gross Minority Interest": 52960000000.0,
      "Minority Interest": 1421000000.0,
      "Stockholders Equity": 51539000000.0,
      "Other Equity Interest": 567000000.0,
      "Gains Losses Not Affecting Retained Earnings": 18663000000.0,
      "Other Equity Adjustments": 31069000000.0,
      "Fixed Assets Revaluation Reserve": null,
      "Foreign Currency Translation Adjustments": 7327000000.0,
      "Minimum Pension Liabilities": null,
      "Unrealized Gain Loss": -19733000000.0,
      "Retained Earnings": 4764000000.0,
      "Additional Paid In Capital": 204000000.0,
      "Capital Stock": 27341000000.0,
      "Common Stock": 20681000000.0,
      "Preferred Stock": 6660000000.0,
      "Total Liabilities Net Minority Interest": 925858000000.0,
      "Derivative Product Liabilities": 14252000000.0,
      "Non Current Deferred Liabilities": 1890000000.0,
      "Non Current Deferred Taxes Liabilities": 1890000000.0,
      "Long Term Debt And Capital Lease Obligation": 14161000000.0,
      "Long Term Debt": 14161000000.0,
      "Current Debt And Capital Lease Obligation": 0.0,
      "Current Debt": 0.0,
      "Current Notes Payable": 0.0,
      "Total Assets": 978818000000.0,
      "Investments And Advances": 244346000000.0,
      "Goodwill And Other Intangible Assets": 11052000000.0,
      "Other Intangible Assets": 4777000000.0,
      "Goodwill": 6275000000.0,
      "Net PPE": 2674000000.0,
      "Receivables": null,
      "Loans Receivable": 2310000000.0,
      "Accounts Receivable": null,
      "Cash Cash Equivalents And Short Term Investments": 25789000000.0,
      "Cash And Cash Equivalents": 25789000000.0
    },
    "2023-12-31T00:00:00": {
      "Treasury Shares Number": 0.0,
      "Preferred Shares Number": 102000000.0,
      "Ordinary Shares Number": 1806039020.0,
      "Share Issued": 1806039020.0,
      "Total Debt": 12738000000.0,
      "Tangible Book Value": 30326000000.0,
      "Invested Capital": 53374000000.0,
      "Net Tangible Assets": 36986000000.0,
      "Common Stock Equity": 40636000000.0,
      "Preferred Stock Equity": 6660000000.0,
      "Total Capitalization": 59440000000.0,
      "Total Equity Gross Minority Interest": 48727000000.0,
      "Minority Interest": 1431000000.0,
      "Stockholders Equity": 47296000000.0,
      "Other Equity Interest": 257000000.0,
      "Gains Losses Not Affecting Retained Earnings": 13811000000.0,
      "Other Equity Adjustments": 25272000000.0,
      "Fixed Assets Revaluation Reserve": null,
      "Foreign Currency Translation Adjustments": 4801000000.0,
      "Minimum Pension Liabilities": null,
      "Unrealized Gain Loss": -16262000000.0,
      "Retained Earnings": 4819000000.0,
      "Additional Paid In Capital": 222000000.0,
      "Capital Stock": 28187000000.0,
      "Common Stock": 21527000000.0,
      "Preferred Stock": 6660000000.0,
      "Total Liabilities Net Minority Interest": 826847000000.0,
      "Derivative Product Liabilities": 11730000000.0,
      "Non Current Deferred Liabilities": 1697000000.0,
      "Non Current Deferred Taxes Liabilities": 1697000000.0,
      "Long Term Debt And Capital Lease Obligation": 12144000000.0,
      "Long Term Debt": 12144000000.0,
      "Current Debt And Capital Lease Obligation": 594000000.0,
      "Current Debt": 594000000.0,
      "Current Notes Payable": 594000000.0,
      "Total Assets": 875574000000.0,
      "Investments And Advances": 237680000000.0,
      "Goodwill And Other Intangible Assets": 10310000000.0,
      "Other Intangible Assets": 4391000000.0,
      "Goodwill": 5919000000.0,
      "Net PPE": 2591000000.0,
      "Receivables": null,
      "Loans Receivable": 2436000000.0,
      "Accounts Receivable": null,
      "Cash Cash Equivalents And Short Term Investments": 20338000000.0,
      "Cash And Cash Equivalents": 20338000000.0
    },
    "2022-12-31T00:00:00": {
      "Treasury Shares Number": null,
      "Preferred Shares Number": 102000000.0,
      "Ordinary Shares Number": 1864897726.0,
      "Share Issued": 1864897726.0,
      "Total Debt": 12356000000.0,
      "Tangible Book Value": 29620000000.0,
      "Invested Capital": 52495000000.0,
      "Net Tangible Assets": 36280000000.0,
      "Common Stock Equity": 40139000000.0,
      "Preferred Stock Equity": 6660000000.0,
      "Total Capitalization": 58540000000.0,
      "Total Equity Gross Minority Interest": 48226000000.0,
      "Minority Interest": 1427000000.0,
      "Stockholders Equity": 46799000000.0,
      "Other Equity Interest": -77000000.0,
      "Gains Losses Not Affecting Retained Earnings": 13853000000.0,
      "Other Equity Adjustments": 32580000000.0,
      "Fixed Assets Revaluation Reserve": 22000000.0,
      "Foreign Currency Translation Adjustments": 5918000000.0,
      "Minimum Pension Liabilities": -97000000.0,
      "Unrealized Gain Loss": -24645000000.0,
      "Retained Earnings": 3947000000.0,
      "Additional Paid In Capital": 238000000.0,
      "Capital Stock": 28838000000.0,
      "Common Stock": 22178000000.0,
      "Preferred Stock": 6660000000.0,
      "Total Liabilities Net Minority Interest": 785463000000.0,
      "Derivative Product Liabilities": 14289000000.0,
      "Non Current Deferred Liabilities": 1536000000.0,
      "Non Current Deferred Taxes Liabilities": 1536000000.0,
      "Long Term Debt And Capital Lease Obligation": 11741000000.0,
      "Long Term Debt": 11741000000.0,
      "Current Debt And Capital Lease Obligation": 615000000.0,
      "Current Debt": 615000000.0,
      "Current Notes Payable": 615000000.0,
      "Total Assets": 833689000000.0,
      "Investments And Advances": 227361000000.0,
      "Goodwill And Other Intangible Assets": 10519000000.0,
      "Other Intangible Assets": 4505000000.0,
      "Goodwill": 6014000000.0,
      "Net PPE": 2852000000.0,
      "Receivables": 1448000000.0,
      "Loans Receivable": 44791000000.0,
      "Accounts Receivable": 1448000000.0,
      "Cash Cash Equivalents And Short Term Investments": 19153000000.0,
      "Cash And Cash Equivalents": 19153000000.0
    },
    "2021-12-31T00:00:00": {
      "Treasury Shares Number": null,
      "Preferred Shares Number": null,
      "Ordinary Shares Number": null,
      "Share Issued": null,
      "Total Debt": null,
      "Tangible Book Value": null,
      "Invested Capital": null,
      "Net Tangible Assets": null,
      "Common Stock Equity": null,
      "Preferred Stock Equity": null,
      "Total Capitalization": null,
      "Total Equity Gross Minority Interest": null,
      "Minority Interest": null,
      "Stockholders Equity": null,
      "Other Equity Interest": null,
      "Gains Losses Not Affecting Retained Earnings": null,
      "Other Equity Adjustments": null,
      "Fixed Assets Revaluation Reserve": 23000000.0,
      "Foreign Currency Translation Adjustments": null,
      "Minimum Pension Liabilities": -114000000.0,
      "Unrealized Gain Loss": null,
      "Retained Earnings": null,
      "Additional Paid In Capital": null,
      "Capital Stock": null,
      "Common Stock": null,
      "Preferred Stock": null,
      "Total Liabilities Net Minority Interest": null,
      "Derivative Product Liabilities": null,
      "Non Current Deferred Liabilities": null,
      "Non Current Deferred Taxes Liabilities": null,
      "Long Term Debt And Capital Lease Obligation": null,
      "Long Term Debt": null,
      "Current Debt And Capital Lease Obligation": null,
      "Current Debt": null,
      "Current Notes Payable": null,
      "Total Assets": null,
      "Investments And Advances": null,
      "Goodwill And Other Intangible Assets": null,
      "Other Intangible Assets": null,
      "Goodwill": null,
      "Net PPE": null,
      "Receivables": 1294000000.0,
      "Loans Receivable": null,
      "Accounts Receivable": 1294000000.0,
      "Cash Cash Equivalents And Short Term Investments": null,
      "Cash And Cash Equivalents": null
    }
  },
  "cashflow": {
    "2025-12-31T00:00:00": {
      "Free Cash Flow": 32105000000.0,
      "Repurchase Of Capital Stock": -2431000000.0,
      "Repayment Of Debt": -1108000000.0,
      "Issuance Of Debt": 2558000000.0,
      "Issuance Of Capital Stock": 73000000.0,
      "Interest Paid Supplemental Data": 1515000000.0,
      "Income Tax Paid Supplemental Data": 756000000.0,
      "End Cash Position": 25817000000.0,
      "Beginning Cash Position": 24942000000.0,
      "Effect Of Exchange Rate Changes": -816000000.0,
      "Changes In Cash": 1691000000.0,
      "Financing Cash Flow": -2049000000.0,
      "Cash Flow From Continuing Financing Activities": -2049000000.0,
      "Net Other Financing Charges": 2637000000.0,
      "Cash Dividends Paid": -3305000000.0,
      "Common Stock Dividend Paid": -3305000000.0,
      "Net Preferred Stock Issuance": null,
      "Preferred Stock Payments": null,
      "Preferred Stock Issuance": null,
      "Net Common Stock Issuance": -2358000000.0,
      "Common Stock Payments": -2431000000.0,
      "Common Stock Issuance": 73000000.0,
      "Net Issuance Payments Of Debt": 1450000000.0,
      "Net Long Term Debt Issuance": 1450000000.0,
      "Long Term Debt Payments": -1108000000.0,
      "Long Term Debt Issuance": 2558000000.0,
      "Investing Cash Flow": -28365000000.0,
      "Cash Flow From Continuing Investing Activities": -28365000000.0,
      "Net Other Investing Changes": 108382000000.0,
      "Net Business Purchase And Sale": -1277000000.0,
      "Purchase Of Business": -1277000000.0,
      "Operating Cash Flow": 32105000000.0,
      "Cash Flow From Continuing Operating Activities": 32105000000.0,
      "Change In Working Capital": 34353000000.0,
      "Change In Other Working Capital": 16941000000.0,
      "Other Non Cash Items": -9000000.0,
      "Stock Based Compensation": null,
      "Amortization Of Securities": -344000000.0,
      "Deferred Tax": -6000000.0,
      "Deferred Income Tax": -6000000.0,
      "Depreciation And Amortization": -1829000000.0,
      "Amortization Cash Flow": -1829000000.0,
      "Amortization Of Intangibles": -1829000000.0,
      "Operating Gains Losses": -6120000000.0,
      "Gain Loss On Investment Securities": -6120000000.0,
      "Gain Loss On Sale Of Business": null,
      "Net Income From Continuing Operations": 6060000000.0
    },
    "2024-12-31T00:00:00": {
      "Free Cash Flow": 26494000000.0,
      "Repurchase Of Capital Stock": -3272000000.0,
      "Repayment Of Debt": -2004000000.0,
      "Issuance Of Debt": 3258000000.0,
      "Issuance Of Capital Stock": 144000000.0,
      "Interest Paid Supplemental Data": 1574000000.0,
      "Income Tax Paid Supplemental Data": 755000000.0,
      "End Cash Position": 24942000000.0,
      "Beginning Cash Position": 19884000000.0,
      "Effect Of Exchange Rate Changes": 1197000000.0,
      "Changes In Cash": 3861000000.0,
      "Financing Cash Flow": -4174000000.0,
      "Cash Flow From Continuing Financing Activities": -4174000000.0,
      "Net Other Financing Charges": 399000000.0,
      "Cash Dividends Paid": -3159000000.0,
      "Common Stock Dividend Paid": -3159000000.0,
      "Net Preferred Stock Issuance": null,
      "Preferred Stock Payments": null,
      "Preferred Stock Issuance": null,
      "Net Common Stock Issuance": -3128000000.0,
      "Common Stock Payments": -3272000000.0,
      "Common Stock Issuance": 144000000.0,
      "Net Issuance Payments Of Debt": 1254000000.0,
      "Net Long Term Debt Issuance": 1254000000.0,
      "Long Term Debt Payments": -2004000000.0,
      "Long Term Debt Issuance": 3258000000.0,
      "Investing Cash Flow": -18459000000.0,
      "Cash Flow From Continuing Investing Activities": -18459000000.0,
      "Net Other Investing Changes": 112961000000.0,
      "Net Business Purchase And Sale": -297000000.0,
      "Purchase Of Business": -297000000.0,
      "Operating Cash Flow": 26494000000.0,
      "Cash Flow From Continuing Operating Activities": 26494000000.0,
      "Change In Working Capital": 22891000000.0,
      "Change In Other Working Capital": 13565000000.0,
      "Other Non Cash Items": 71000000.0,
      "Stock Based Compensation": 0.0,
      "Amortization Of Securities": -290000000.0,
      "Deferred Tax": 311000000.0,
      "Deferred Income Tax": 311000000.0,
      "Depreciation And Amortization": -1507000000.0,
      "Amortization Cash Flow": -1507000000.0,
      "Amortization Of Intangibles": -1507000000.0,
      "Operating Gains Losses": -860000000.0,
      "Gain Loss On Investment Securities": -860000000.0,
      "Gain Loss On Sale Of Business": null,
      "Net Income From Continuing Operations": 5878000000.0
    },
    "2023-12-31T00:00:00": {
      "Free Cash Flow": 20423000000.0,
      "Repurchase Of Capital Stock": -1595000000.0,
      "Repayment Of Debt": -698000000.0,
      "Issuance Of Debt": 1731000000.0,
      "Issuance Of Capital Stock": 94000000.0,
      "Interest Paid Supplemental Data": 1548000000.0,
      "Income Tax Paid Supplemental Data": 436000000.0,
      "End Cash Position": 19884000000.0,
      "Beginning Cash Position": 18635000000.0,
      "Effect Of Exchange Rate Changes": -412000000.0,
      "Changes In Cash": 1661000000.0,
      "Financing Cash Flow": -5042000000.0,
      "Cash Flow From Continuing Financing Activities": -5042000000.0,
      "Net Other Financing Charges": -909000000.0,
      "Cash Dividends Paid": -2972000000.0,
      "Common Stock Dividend Paid": -2972000000.0,
      "Net Preferred Stock Issuance": 0.0,
      "Preferred Stock Payments": 0.0,
      "Preferred Stock Issuance": 0.0,
      "Net Common Stock Issuance": -1501000000.0,
      "Common Stock Payments": -1595000000.0,
      "Common Stock Issuance": 94000000.0,
      "Net Issuance Payments Of Debt": 1033000000.0,
      "Net Long Term Debt Issuance": 1033000000.0,
      "Long Term Debt Payments": -698000000.0,
      "Long Term Debt Issuance": 1731000000.0,
      "Investing Cash Flow": -13720000000.0,
      "Cash Flow From Continuing Investing Activities": -13720000000.0,
      "Net Other Investing Changes": 70302000000.0,
      "Net Business Purchase And Sale": -1000000.0,
      "Purchase Of Business": -1000000.0,
      "Operating Cash Flow": 20423000000.0,
      "Cash Flow From Continuing Operating Activities": 20423000000.0,
      "Change In Working Capital": 18747000000.0,
      "Change In Other Working Capital": 6641000000.0,
      "Other Non Cash Items": null,
      "Stock Based Compensation": 2000000.0,
      "Amortization Of Securities": -141000000.0,
      "Deferred Tax": 470000000.0,
      "Deferred Income Tax": 470000000.0,
      "Depreciation And Amortization": -1417000000.0,
      "Amortization Cash Flow": -1417000000.0,
      "Amortization Of Intangibles": -1417000000.0,
      "Operating Gains Losses": -2845000000.0,
      "Gain Loss On Investment Securities": -2845000000.0,
      "Gain Loss On Sale Of Business": 0.0,
      "Net Income From Continuing Operations": 5607000000.0
    },
    "2022-12-31T00:00:00": {
      "Free Cash Flow": 16628000000.0,
      "Repurchase Of Capital Stock": -2595000000.0,
      "Repayment Of Debt": -1120000000.0,
      "Issuance Of Debt": 1383000000.0,
      "Issuance Of Capital Stock": 1013000000.0,
      "Interest Paid Supplemental Data": 955000000.0,
      "Income Tax Paid Supplemental Data": 1238000000.0,
      "End Cash Position": 18635000000.0,
      "Beginning Cash Position": 21930000000.0,
      "Effect Of Exchange Rate Changes": 585000000.0,
      "Changes In Cash": -3880000000.0,
      "Financing Cash Flow": -2108000000.0,
      "Cash Flow From Continuing Financing Activities": -2108000000.0,
      "Net Other Financing Charges": 1652000000.0,
      "Cash Dividends Paid": -2787000000.0,
      "Common Stock Dividend Paid": -2787000000.0,
      "Net Preferred Stock Issuance": 279000000.0,
      "Preferred Stock Payments": -711000000.0,
      "Preferred Stock Issuance": 990000000.0,
      "Net Common Stock Issuance": -1861000000.0,
      "Common Stock Payments": -1884000000.0,
      "Common Stock Issuance": 23000000.0,
      "Net Issuance Payments Of Debt": 263000000.0,
      "Net Long Term Debt Issuance": 263000000.0,
      "Long Term Debt Payments": -1120000000.0,
      "Long Term Debt Issuance": 1383000000.0,
      "Investing Cash Flow": -18400000000.0,
      "Cash Flow From Continuing Investing Activities": -18400000000.0,
      "Net Other Investing Changes": 93340000000.0,
      "Net Business Purchase And Sale": -182000000.0,
      "Purchase Of Business": -182000000.0,
      "Operating Cash Flow": 16628000000.0,
      "Cash Flow From Continuing Operating Activities": 16628000000.0,
      "Change In Working Capital": 11083000000.0,
      "Change In Other Working Capital": 4958000000.0,
      "Other Non Cash Items": -2447000000.0,
      "Stock Based Compensation": 5000000.0,
      "Amortization Of Securities": -131000000.0,
      "Deferred Tax": -1994000000.0,
      "Deferred Income Tax": -1994000000.0,
      "Depreciation And Amortization": -1474000000.0,
      "Amortization Cash Flow": -1474000000.0,
      "Amortization Of Intangibles": -1474000000.0,
      "Operating Gains Losses": 13565000000.0,
      "Gain Loss On Investment Securities": 13660000000.0,
      "Gain Loss On Sale Of Business": -95000000.0,
      "Net Income From Continuing Operations": -1979000000.0
    },
    "2021-12-31T00:00:00": {
      "Free Cash Flow": null,
      "Repurchase Of Capital Stock": null,
      "Repayment Of Debt": null,
      "Issuance Of Debt": null,
      "Issuance Of Capital Stock": null,
      "Interest Paid Supplemental Data": null,
      "Income Tax Paid Supplemental Data": null,
      "End Cash Position": null,
      "Beginning Cash Position": null,
      "Effect Of Exchange Rate Changes": null,
      "Changes In Cash": null,
      "Financing Cash Flow": null,
      "Cash Flow From Continuing Financing Activities": null,
      "Net Other Financing Charges": null,
      "Cash Dividends Paid": null,
      "Common Stock Dividend Paid": null,
      "Net Preferred Stock Issuance": 2559000000.0,
      "Preferred Stock Payments": -612000000.0,
      "Preferred Stock Issuance": 3171000000.0,
      "Net Common Stock Issuance": null,
      "Common Stock Payments": null,
      "Common Stock Issuance": null,
      "Net Issuance Payments Of Debt": null,
      "Net Long Term Debt Issuance": null,
      "Long Term Debt Payments": null,
      "Long Term Debt Issuance": null,
      "Investing Cash Flow": null,
      "Cash Flow From Continuing Investing Activities": null,
      "Net Other Investing Changes": null,
      "Net Business Purchase And Sale": null,
      "Purchase Of Business": null,
      "Operating Cash Flow": null,
      "Cash Flow From Continuing Operating Activities": null,
      "Change In Working Capital": null,
      "Change In Other Working Capital": null,
      "Other Non Cash Items": null,
      "Stock Based Compensation": 9000000.0,
      "Amortization Of Securities": null,
      "Deferred Tax": null,
      "Deferred Income Tax": null,
      "Depreciation And Amortization": null,
      "Amortization Cash Flow": null,
      "Amortization Of Intangibles": null,
      "Operating Gains Losses": null,
      "Gain Loss On Investment Securities": null,
      "Gain Loss On Sale Of Business": 0.0,
      "Net Income From Continuing Operations": null
    }
  },
  "earnings_estimate": {
    "avg": {
      "0q": 1.10594,
      "+1q": 1.11737,
      "0y": 4.56155,
      "+1y": 4.9967
    },
    "low": {
      "0q": 1.08,
      "+1q": 1.084,
      "0y": 4.44,
      "+1y": 4.759
    },
    "high": {
      "0q": 1.14,
      "+1q": 1.14,
      "0y": 4.67,
      "+1y": 5.33307
    },
    "yearAgoEps": {
      "0q": 0.99,
      "+1q": 0.95,
      "0y": 4.21,
      "+1y": 4.56155
    },
    "numberOfAnalysts": {
      "0q": 11,
      "+1q": 10,
      "0y": 14,
      "+1y": 13
    },
    "growth": {
      "0q": 0.1171,
      "+1q": 0.1762,
      "0y": 0.083500005,
      "+1y": 0.0954
    }
  },
  "revenue_estimate": {
    "avg": {
      "0q": 0,
      "+1q": 0,
      "0y": 56641000000,
      "+1y": 52184518170
    },
    "low": {
      "0q": 0,
      "+1q": 0,
      "0y": 56641000000,
      "+1y": 44941036340
    },
    "high": {
      "0q": 0,
      "+1q": 0,
      "0y": 56641000000,
      "+1y": 59428000000
    },
    "numberOfAnalysts": {
      "0q": 0,
      "+1q": 0,
      "0y": 1,
      "+1y": 2
    },
    "yearAgoRevenue": {
      "0q": null,
      "+1q": null,
      "0y": 60964000000.0,
      "+1y": 56641000000.0
    },
    "growth": {
      "0q": null,
      "+1q": null,
      "0y": -0.0709,
      "+1y": -0.0787
    }
  },
  "growth_estimates": {
    "stockTrend": {
      "0q": 0.1171,
      "+1q": 0.1762,
      "0y": 0.083500005,
      "+1y": 0.0954,
      "LTG": null
    },
    "indexTrend": {
      "0q": 0.1273,
      "+1q": 0.103599995,
      "0y": 0.14310001,
      "+1y": 0.1557,
      "LTG": 0.122
    }
  },
  "revenue_forecasts": null,
  "dividend_rate": 1.81,
  "trailing_dividend_rate": 1.76
}