{
  "ticker": "MRK.DE",
  "name": "Merck KGaA",
  "country": "germany",
  "currency": "EUR",
  "last_fetched": "2026-02-26T20:47:39.339070",
  "market_cap": 54629842944,
  "revenue": 21270999040,
  "net_income": 2956000000,
  "pe_ratio": 18.450808,
  "forward_pe": 15.421152,
  "dividend_yield": 1.75,
  "profit_margin": 0.13897,
  "roe": 0.10318,
  "debt_to_equity": 41.738,
  "beta": 0.73,
  "ev_to_ebitda": 11.101,
  "sector": "Healthcare",
  "industry": "Drug Manufacturers - Specialty & Generic",
  "summary": "Merck KGaA operates as a science and technology company in Germany and internationally. It operates through Life Science, Healthcare, and Electronics segments. The Life Science segment offers tools, chemicals, and equipment for academic labs, biotech, and pharmaceutical manufacturers, as well as the industrial sector. This segment offers science and lab solutions comprising reagents, consumables, devices, instruments, software, and services for research, production, and testing; process solutions consisting of filtration devices, chromatography resins, single-use systems, process chemicals, and excipients; and life science services, such as monoclonal antibodies, high-potency active pharmaceutical ingredients, antibody-drug conjugates, and viral and gene therapy products, as well as contract development, manufacturing, and testing services. Its Healthcare segment discovers, develops, manufactures, and markets prescription drugs and biopharmaceuticals for the treatment of oncology, neurology and immunology, fertility, cardiovascular, metabolism, and endocrinology disorders; and provides general medicines, injection devices, and disease monitoring software. The Electronics segment supplies materials comprising thin films, patterning and planarization formulations, specialty gases, optronics, and optical metrology equipment for the semiconductor and display industries, as well as provides delivery systems and services. It has in-licensing agreements with Jiangsu Hengrui Pharmaceuticals Co. Ltd. for developing, manufacturing, and commercializing drug candidates for the treatment of metastatic colorectal cancer; and Abbisko Therapeutics Co. Ltd. for developing and commercializing of drug candidates for the treatment of tenosynovial giant cell tumor. The company was founded in 1668 and is headquartered in Darmstadt, Germany. Merck KGaA is a subsidiary of E. Merck KG.",
  "website": "https://www.emdgroup.com",
  "employees": 62346,
  "target_high": 191.0,
  "target_low": 130.0,
  "target_mean": 150.8125,
  "target_median": 148.5,
  "recommendation": "buy",
  "num_analysts": 16,
  "income_stmt": {
    "2024-12-31T00:00:00": {
      "Tax Effect Of Unusual Items": -84376000.0,
      "Tax Rate For Calcs": 0.212,
      "Normalized EBITDA": 6360000000.0,
      "Total Unusual Items": -398000000.0,
      "Total Unusual Items Excluding Goodwill": -398000000.0,
      "Net Income From Continuing Operation Net Minority Interest": 2777000000.0,
      "Reconciled Depreciation": 2134000000.0,
      "Reconciled Cost Of Revenue": 8671000000.0,
      "EBITDA": 5962000000.0,
      "EBIT": 3828000000.0,
      "Net Interest Income": -139000000.0,
      "Interest Expense": 292000000.0,
      "Interest Income": 164000000.0,
      "Normalized Income": 3090624000.0,
      "Net Income From Continuing And Discontinued Operation": 2777000000.0,
      "Total Expenses": 17138000000.0,
      "Total Operating Income As Reported": 3645000000.0,
      "Diluted Average Shares": 434777878.0,
      "Basic Average Shares": 434777878.0,
      "Diluted EPS": 6.39,
      "Basic EPS": 6.39,
      "Diluted NI Availto Com Stockholders": 2777000000.0,
      "Net Income Common Stockholders": 2777000000.0,
      "Otherunder Preferred Stock Dividend": 0.0,
      "Net Income": 2777000000.0,
      "Minority Interests": -9000000.0,
      "Net Income Including Noncontrolling Interests": 2786000000.0,
      "Net Income Continuous Operations": 2785000000.0,
      "Tax Provision": 751000000.0,
      "Pretax Income": 3536000000.0,
      "Other Non Operating Income Expenses": 5000000.0,
      "Special Income Charges": -404000000.0,
      "Other Special Charges": 110000000.0,
      "Write Off": 8000000.0,
      "Impairment Of Capital Assets": 328000000.0,
      "Restructuring And Mergern Acquisition": -42000000.0,
      "Net Non Operating Interest Income Expense": -139000000.0,
      "Total Other Finance Cost": 11000000.0,
      "Interest Expense Non Operating": 292000000.0,
      "Interest Income Non Operating": 164000000.0,
      "Operating Income": 4018000000.0,
      "Operating Expense": 8467000000.0,
      "Other Operating Expenses": 328000000.0,
      "Depreciation And Amortization In Income Statement": 568000000.0,
      "Amortization": 568000000.0,
      "Depreciation Income Statement": 0.0,
      "Research And Development": 2279000000.0,
      "Selling General And Administration": 5360000000.0,
      "Selling And Marketing Expense": 3968000000.0,
      "General And Administrative Expense": 1392000000.0,
      "Gross Profit": 12485000000.0,
      "Cost Of Revenue": 8671000000.0,
      "Total Revenue": 21156000000.0,
      "Operating Revenue": 21156000000.0
    },
    "2023-12-31T00:00:00": {
      "Tax Effect Of Unusual Items": 1496000.0,
      "Tax Rate For Calcs": 0.187,
      "Normalized EBITDA": 5677000000.0,
      "Total Unusual Items": 8000000.0,
      "Total Unusual Items Excluding Goodwill": 8000000.0,
      "Net Income From Continuing Operation Net Minority Interest": 2824000000.0,
      "Reconciled Depreciation": 1880000000.0,
      "Reconciled Cost Of Revenue": 8600000000.0,
      "EBITDA": 5685000000.0,
      "EBIT": 3805000000.0,
      "Net Interest Income": -151000000.0,
      "Interest Expense": 321000000.0,
      "Interest Income": 172000000.0,
      "Normalized Income": 2817496000.0,
      "Net Income From Continuing And Discontinued Operation": 2824000000.0,
      "Total Expenses": 17420000000.0,
      "Total Operating Income As Reported": 3609000000.0,
      "Diluted Average Shares": 434777878.0,
      "Basic Average Shares": 434777878.0,
      "Diluted EPS": 6.49,
      "Basic EPS": 6.49,
      "Diluted NI Availto Com Stockholders": 2824000000.0,
      "Net Income Common Stockholders": 2824000000.0,
      "Otherunder Preferred Stock Dividend": 0.0,
      "Net Income": 2824000000.0,
      "Minority Interests": -10000000.0,
      "Net Income Including Noncontrolling Interests": 2834000000.0,
      "Net Income Continuous Operations": 2834000000.0,
      "Tax Provision": 650000000.0,
      "Pretax Income": 3484000000.0,
      "Other Non Operating Income Expenses": 4000000.0,
      "Special Income Charges": -28000000.0,
      "Other Special Charges": -75000000.0,
      "Write Off": 45000000.0,
      "Impairment Of Capital Assets": 104000000.0,
      "Restructuring And Mergern Acquisition": -46000000.0,
      "Net Non Operating Interest Income Expense": -151000000.0,
      "Total Other Finance Cost": 2000000.0,
      "Interest Expense Non Operating": 321000000.0,
      "Interest Income Non Operating": 172000000.0,
      "Operating Income": 3573000000.0,
      "Operating Expense": 8820000000.0,
      "Other Operating Expenses": 539000000.0,
      "Depreciation And Amortization In Income Statement": 596000000.0,
      "Amortization": 596000000.0,
      "Depreciation Income Statement": 0.0,
      "Research And Development": 2445000000.0,
      "Selling General And Administration": 5329000000.0,
      "Selling And Marketing Expense": 3914000000.0,
      "General And Administrative Expense": 1415000000.0,
      "Gross Profit": 12393000000.0,
      "Cost Of Revenue": 8600000000.0,
      "Total Revenue": 20993000000.0,
      "Operating Revenue": 20993000000.0
    },
    "2022-12-31T00:00:00": {
      "Tax Effect Of Unusual Items": -50007000.0,
      "Tax Rate For Calcs": 0.211,
      "Normalized EBITDA": 6789000000.0,
      "Total Unusual Items": -237000000.0,
      "Total Unusual Items Excluding Goodwill": -237000000.0,
      "Net Income From Continuing Operation Net Minority Interest": 3326000000.0,
      "Reconciled Depreciation": 2030000000.0,
      "Reconciled Cost Of Revenue": 8527000000.0,
      "EBITDA": 6552000000.0,
      "EBIT": 4522000000.0,
      "Net Interest Income": -157000000.0,
      "Interest Expense": 235000000.0,
      "Interest Income": 71000000.0,
      "Normalized Income": 3512993000.0,
      "Net Income From Continuing And Discontinued Operation": 3326000000.0,
      "Total Expenses": 17480000000.0,
      "Total Operating Income As Reported": 4474000000.0,
      "Diluted Average Shares": 434777878.0,
      "Basic Average Shares": 434777878.0,
      "Diluted EPS": 7.65,
      "Basic EPS": 7.65,
      "Diluted NI Availto Com Stockholders": 3326000000.0,
      "Net Income Common Stockholders": 3326000000.0,
      "Otherunder Preferred Stock Dividend": 0.0,
      "Net Income": 3326000000.0,
      "Minority Interests": -14000000.0,
      "Net Income Including Noncontrolling Interests": 3339000000.0,
      "Net Income Continuous Operations": 3339000000.0,
      "Tax Provision": 948000000.0,
      "Pretax Income": 4287000000.0,
      "Other Non Operating Income Expenses": null,
      "Special Income Charges": -272000000.0,
      "Other Special Charges": 28000000.0,
      "Write Off": 6000000.0,
      "Impairment Of Capital Assets": 232000000.0,
      "Restructuring And Mergern Acquisition": 6000000.0,
      "Net Non Operating Interest Income Expense": -157000000.0,
      "Total Other Finance Cost": -7000000.0,
      "Interest Expense Non Operating": 235000000.0,
      "Interest Income Non Operating": 71000000.0,
      "Operating Income": 4752000000.0,
      "Operating Expense": 8953000000.0,
      "Other Operating Expenses": 603000000.0,
      "Depreciation And Amortization In Income Statement": 616000000.0,
      "Amortization": 616000000.0,
      "Depreciation Income Statement": 0.0,
      "Research And Development": 2521000000.0,
      "Selling General And Administration": 5412000000.0,
      "Selling And Marketing Expense": 4097000000.0,
      "General And Administrative Expense": 1315000000.0,
      "Gross Profit": 13705000000.0,
      "Cost Of Revenue": 8527000000.0,
      "Total Revenue": 22232000000.0,
      "Operating Revenue": 22232000000.0
    },
    "2021-12-31T00:00:00": {
      "Tax Effect Of Unusual Items": -4161000.0,
      "Tax Rate For Calcs": 0.219,
      "Normalized EBITDA": 5982000000.0,
      "Total Unusual Items": -19000000.0,
      "Total Unusual Items Excluding Goodwill": -19000000.0,
      "Net Income From Continuing Operation Net Minority Interest": 3055000000.0,
      "Reconciled Depreciation": 1767000000.0,
      "Reconciled Cost Of Revenue": 7351000000.0,
      "EBITDA": 5963000000.0,
      "EBIT": 4196000000.0,
      "Net Interest Income": -229000000.0,
      "Interest Expense": 272000000.0,
      "Interest Income": 46000000.0,
      "Normalized Income": 3069839000.0,
      "Net Income From Continuing And Discontinued Operation": 3055000000.0,
      "Total Expenses": 15478000000.0,
      "Total Operating Income As Reported": 4179000000.0,
      "Diluted Average Shares": 434777878.0,
      "Basic Average Shares": 434777878.0,
      "Diluted EPS": 7.03,
      "Basic EPS": 7.03,
      "Diluted NI Availto Com Stockholders": 3055000000.0,
      "Net Income Common Stockholders": 3055000000.0,
      "Otherunder Preferred Stock Dividend": 0.0,
      "Net Income": 3055000000.0,
      "Minority Interests": -10000000.0,
      "Net Income Including Noncontrolling Interests": 3065000000.0,
      "Net Income Continuous Operations": 3065000000.0,
      "Tax Provision": 859000000.0,
      "Pretax Income": 3924000000.0,
      "Other Non Operating Income Expenses": null,
      "Special Income Charges": -28000000.0,
      "Other Special Charges": -53000000.0,
      "Write Off": -15000000.0,
      "Impairment Of Capital Assets": 68000000.0,
      "Restructuring And Mergern Acquisition": 28000000.0,
      "Net Non Operating Interest Income Expense": -229000000.0,
      "Total Other Finance Cost": 3000000.0,
      "Interest Expense Non Operating": 272000000.0,
      "Interest Income Non Operating": 46000000.0,
      "Operating Income": 4209000000.0,
      "Operating Expense": 8127000000.0,
      "Other Operating Expenses": 576000000.0,
      "Depreciation And Amortization In Income Statement": 589000000.0,
      "Amortization": 589000000.0,
      "Depreciation Income Statement": 0.0,
      "Research And Development": 2426000000.0,
      "Selling General And Administration": 4941000000.0,
      "Selling And Marketing Expense": 3714000000.0,
      "General And Administrative Expense": 1227000000.0,
      "Gross Profit": 12336000000.0,
      "Cost Of Revenue": 7351000000.0,
      "Total Revenue": 19687000000.0,
      "Operating Revenue": 19687000000.0
    }
  },
  "quarterly_income": {
    "2025-09-30T00:00:00": {
      "Tax Effect Of Unusual Items": 1800000.0,
      "Tax Rate For Calcs": 0.2,
      "Normalized EBITDA": 1697000000.0,
      "Total Unusual Items": 9000000.0,
      "Total Unusual Items Excluding Goodwill": 9000000.0,
      "Net Income From Continuing Operation Net Minority Interest": 902000000.0,
      "Reconciled Depreciation": 458000000.0,
      "Reconciled Cost Of Revenue": 2105000000.0,
      "EBITDA": 1706000000.0,
      "EBIT": 1248000000.0,
      "Net Interest Income": -99000000.0,
      "Interest Expense": 126000000.0,
      "Interest Income": 27000000.0,
      "Normalized Income": 894800000.0,
      "Net Income From Continuing And Discontinued Operation": 902000000.0,
      "Total Expenses": 4106000000.0,
      "Total Operating Income As Reported": 1221000000.0,
      "Diluted Average Shares": 435748792.0,
      "Basic Average Shares": 435748792.0,
      "Diluted EPS": 2.07,
      "Basic EPS": 2.07,
      "Diluted NI Availto Com Stockholders": 902000000.0,
      "Net Income Common Stockholders": 902000000.0,
      "Otherunder Preferred Stock Dividend": 0.0,
      "Net Income": 902000000.0,
      "Minority Interests": 4000000.0,
      "Net Income Including Noncontrolling Interests": 898000000.0,
      "Net Income Continuous Operations": 898000000.0,
      "Tax Provision": 225000000.0,
      "Pretax Income": 1122000000.0,
      "Special Income Charges": 9000000.0,
      "Write Off": -9000000.0,
      "Net Non Operating Interest Income Expense": -99000000.0,
      "Interest Expense Non Operating": 126000000.0,
      "Interest Income Non Operating": 27000000.0,
      "Operating Income": 1212000000.0,
      "Operating Expense": 2001000000.0,
      "Other Operating Expenses": 191000000.0,
      "Research And Development": 660000000.0,
      "Selling General And Administration": 1460000000.0,
      "Selling And Marketing Expense": 1128000000.0,
      "General And Administrative Expense": 332000000.0,
      "Gross Profit": 3213000000.0,
      "Cost Of Revenue": 2105000000.0,
      "Total Revenue": 5318000000.0,
      "Operating Revenue": 5318000000.0
    },
    "2025-06-30T00:00:00": {
      "Tax Effect Of Unusual Items": -209891.435464,
      "Tax Rate For Calcs": 0.209891,
      "Normalized EBITDA": 1366000000.0,
      "Total Unusual Items": -1000000.0,
      "Total Unusual Items Excluding Goodwill": -1000000.0,
      "Net Income From Continuing Operation Net Minority Interest": 652000000.0,
      "Reconciled Depreciation": 457000000.0,
      "Reconciled Cost Of Revenue": 2228000000.0,
      "EBITDA": 1365000000.0,
      "EBIT": 908000000.0,
      "Net Interest Income": -62000000.0,
      "Interest Expense": 79000000.0,
      "Interest Income": 17000000.0,
      "Normalized Income": 652790108.564536,
      "Net Income From Continuing And Discontinued Operation": 652000000.0,
      "Total Expenses": 4363000000.0,
      "Total Operating Income As Reported": 891000000.0,
      "Diluted Average Shares": 434777878.0,
      "Basic Average Shares": 434777878.0,
      "Diluted EPS": 1.5,
      "Basic EPS": 1.5,
      "Diluted NI Availto Com Stockholders": 652000000.0,
      "Net Income Common Stockholders": 652000000.0,
      "Otherunder Preferred Stock Dividend": 0.0,
      "Net Income": 652000000.0,
      "Minority Interests": -3000000.0,
      "Net Income Including Noncontrolling Interests": 655000000.0,
      "Net Income Continuous Operations": 655000000.0,
      "Tax Provision": 174000000.0,
      "Pretax Income": 829000000.0,
      "Special Income Charges": -1000000.0,
      "Write Off": 1000000.0,
      "Net Non Operating Interest Income Expense": -62000000.0,
      "Interest Expense Non Operating": 79000000.0,
      "Interest Income Non Operating": 17000000.0,
      "Operating Income": 892000000.0,
      "Operating Expense": 2135000000.0,
      "Other Operating Expenses": 212000000.0,
      "Research And Development": 539000000.0,
      "Selling General And Administration": 1476000000.0,
      "Selling And Marketing Expense": 1122000000.0,
      "General And Administrative Expense": 354000000.0,
      "Gross Profit": 3027000000.0,
      "Cost Of Revenue": 2228000000.0,
      "Total Revenue": 5255000000.0,
      "Operating Revenue": 5255000000.0
    },
    "2025-03-31T00:00:00": {
      "Tax Effect Of Unusual Items": -220000.0,
      "Tax Rate For Calcs": 0.22,
      "Normalized EBITDA": 1508000000.0,
      "Total Unusual Items": -1000000.0,
      "Total Unusual Items Excluding Goodwill": -1000000.0,
      "Net Income From Continuing Operation Net Minority Interest": 735000000.0,
      "Reconciled Depreciation": 473000000.0,
      "Reconciled Cost Of Revenue": 2135000000.0,
      "EBITDA": 1507000000.0,
      "EBIT": 1034000000.0,
      "Net Interest Income": -50000000.0,
      "Interest Expense": 78000000.0,
      "Interest Income": 28000000.0,
      "Normalized Income": 735780000.0,
      "Net Income From Continuing And Discontinued Operation": 735000000.0,
      "Total Expenses": 4272000000.0,
      "Total Operating Income As Reported": 1006000000.0,
      "Diluted Average Shares": 434911243.0,
      "Basic Average Shares": 434911243.0,
      "Diluted EPS": 1.69,
      "Basic EPS": 1.69,
      "Diluted NI Availto Com Stockholders": 735000000.0,
      "Net Income Common Stockholders": 735000000.0,
      "Otherunder Preferred Stock Dividend": 0.0,
      "Net Income": 735000000.0,
      "Minority Interests": -3000000.0,
      "Net Income Including Noncontrolling Interests": 738000000.0,
      "Net Income Continuous Operations": 738000000.0,
      "Tax Provision": 218000000.0,
      "Pretax Income": 956000000.0,
      "Special Income Charges": -1000000.0,
      "Write Off": 1000000.0,
      "Net Non Operating Interest Income Expense": -50000000.0,
      "Interest Expense Non Operating": 78000000.0,
      "Interest Income Non Operating": 28000000.0,
      "Operating Income": 1008000000.0,
      "Operating Expense": 2137000000.0,
      "Other Operating Expenses": 163000000.0,
      "Research And Development": 551000000.0,
      "Selling General And Administration": 1467000000.0,
      "Selling And Marketing Expense": 1112000000.0,
      "General And Administrative Expense": 355000000.0,
      "Gross Profit": 3145000000.0,
      "Cost Of Revenue": 2135000000.0,
      "Total Revenue": 5280000000.0,
      "Operating Revenue": 5280000000.0
    },
    "2024-12-31T00:00:00": {
      "Tax Effect Of Unusual Items": -68702101.359703,
      "Tax Rate For Calcs": 0.173053,
      "Normalized EBITDA": 1816000000.0,
      "Total Unusual Items": -397000000.0,
      "Total Unusual Items Excluding Goodwill": -397000000.0,
      "Net Income From Continuing Operation Net Minority Interest": 667000000.0,
      "Reconciled Depreciation": 551000000.0,
      "Reconciled Cost Of Revenue": 2319000000.0,
      "EBITDA": 1419000000.0,
      "EBIT": 868000000.0,
      "Net Interest Income": -46000000.0,
      "Interest Expense": 59000000.0,
      "Interest Income": 24000000.0,
      "Normalized Income": 995297898.640297,
      "Net Income From Continuing And Discontinued Operation": 667000000.0,
      "Total Expenses": 4221000000.0,
      "Total Operating Income As Reported": 824000000.0,
      "Diluted Average Shares": null,
      "Basic Average Shares": null,
      "Diluted EPS": null,
      "Basic EPS": null,
      "Diluted NI Availto Com Stockholders": 667000000.0,
      "Net Income Common Stockholders": 667000000.0,
      "Otherunder Preferred Stock Dividend": 0.0,
      "Net Income": 667000000.0,
      "Minority Interests": -3000000.0,
      "Net Income Including Noncontrolling Interests": 669000000.0,
      "Net Income Continuous Operations": 668000000.0,
      "Tax Provision": 140000000.0,
      "Pretax Income": 809000000.0,
      "Special Income Charges": -403000000.0,
      "Write Off": 7000000.0,
      "Net Non Operating Interest Income Expense": -46000000.0,
      "Interest Expense Non Operating": 59000000.0,
      "Interest Income Non Operating": 24000000.0,
      "Operating Income": 1197000000.0,
      "Operating Expense": 1902000000.0,
      "Other Operating Expenses": -373000000.0,
      "Research And Development": 527000000.0,
      "Selling General And Administration": 1049000000.0,
      "Selling And Marketing Expense": 634000000.0,
      "General And Administrative Expense": 415000000.0,
      "Gross Profit": 3099000000.0,
      "Cost Of Revenue": 2319000000.0,
      "Total Revenue": 5418000000.0,
      "Operating Revenue": 5418000000.0
    },
    "2024-09-30T00:00:00": {
      "Tax Effect Of Unusual Items": -444000.0,
      "Tax Rate For Calcs": 0.222,
      "Normalized EBITDA": 1583000000.0,
      "Total Unusual Items": -2000000.0,
      "Total Unusual Items Excluding Goodwill": -2000000.0,
      "Net Income From Continuing Operation Net Minority Interest": 809000000.0,
      "Reconciled Depreciation": 449000000.0,
      "Reconciled Cost Of Revenue": 2122000000.0,
      "EBITDA": 1581000000.0,
      "EBIT": 1132000000.0,
      "Net Interest Income": -54000000.0,
      "Interest Expense": 89000000.0,
      "Interest Income": 35000000.0,
      "Normalized Income": 810556000.0,
      "Net Income From Continuing And Discontinued Operation": 809000000.0,
      "Total Expenses": 4167000000.0,
      "Total Operating Income As Reported": 1097000000.0,
      "Diluted Average Shares": 434946237.0,
      "Basic Average Shares": 434946237.0,
      "Diluted EPS": 1.86,
      "Basic EPS": 1.86,
      "Diluted NI Availto Com Stockholders": 809000000.0,
      "Net Income Common Stockholders": 809000000.0,
      "Otherunder Preferred Stock Dividend": 0.0,
      "Net Income": 809000000.0,
      "Minority Interests": -3000000.0,
      "Net Income Including Noncontrolling Interests": 812000000.0,
      "Net Income Continuous Operations": 812000000.0,
      "Tax Provision": 231000000.0,
      "Pretax Income": 1043000000.0,
      "Special Income Charges": -2000000.0,
      "Write Off": 2000000.0,
      "Net Non Operating Interest Income Expense": -54000000.0,
      "Interest Expense Non Operating": 89000000.0,
      "Interest Income Non Operating": 35000000.0,
      "Operating Income": 1099000000.0,
      "Operating Expense": 2045000000.0,
      "Other Operating Expenses": 153000000.0,
      "Research And Development": 524000000.0,
      "Selling General And Administration": 1410000000.0,
      "Selling And Marketing Expense": 1101000000.0,
      "General And Administrative Expense": 309000000.0,
      "Gross Profit": 3144000000.0,
      "Cost Of Revenue": 2122000000.0,
      "Total Revenue": 5266000000.0,
      "Operating Revenue": 5266000000.0
    },
    "2024-06-30T00:00:00": {
      "Tax Effect Of Unusual Items": null,
      "Tax Rate For Calcs": null,
      "Normalized EBITDA": null,
      "Total Unusual Items": null,
      "Total Unusual Items Excluding Goodwill": null,
      "Net Income From Continuing Operation Net Minority Interest": null,
      "Reconciled Depreciation": null,
      "Reconciled Cost Of Revenue": null,
      "EBITDA": null,
      "EBIT": null,
      "Net Interest Income": null,
      "Interest Expense": null,
      "Interest Income": null,
      "Normalized Income": null,
      "Net Income From Continuing And Discontinued Operation": null,
      "Total Expenses": null,
      "Total Operating Income As Reported": null,
      "Diluted Average Shares": 434777878.0,
      "Basic Average Shares": 434777878.0,
      "Diluted EPS": 1.4,
      "Basic EPS": 1.4,
      "Diluted NI Availto Com Stockholders": null,
      "Net Income Common Stockholders": null,
      "Otherunder Preferred Stock Dividend": null,
      "Net Income": null,
      "Minority Interests": null,
      "Net Income Including Noncontrolling Interests": null,
      "Net Income Continuous Operations": null,
      "Tax Provision": null,
      "Pretax Income": null,
      "Special Income Charges": null,
      "Write Off": null,
      "Net Non Operating Interest Income Expense": null,
      "Interest Expense Non Operating": null,
      "Interest Income Non Operating": null,
      "Operating Income": null,
      "Operating Expense": null,
      "Other Operating Expenses": null,
      "Research And Development": null,
      "Selling General And Administration": null,
      "Selling And Marketing Expense": null,
      "General And Administrative Expense": null,
      "Gross Profit": null,
      "Cost Of Revenue": null,
      "Total Revenue": null,
      "Operating Revenue": null
    }
  },
  "balance_sheet": {
    "2024-12-31T00:00:00": {
      "Ordinary Shares Number": 434777877.0,
      "Share Issued": 434777877.0,
      "Net Debt": 7360000000.0,
      "Total Debt": 10271000000.0,
      "Tangible Book Value": 4478000000.0,
      "Invested Capital": 39421000000.0,
      "Working Capital": 2156000000.0,
      "Net Tangible Assets": 4478000000.0,
      "Capital Lease Obligations": 762000000.0,
      "Common Stock Equity": 29912000000.0,
      "Total Capitalization": 36285000000.0,
      "Total Equity Gross Minority Interest": 29987000000.0,
      "Minority Interest": 75000000.0,
      "Stockholders Equity": 29912000000.0,
      "Other Equity Interest": 3447000000.0,
      "Retained Earnings": 22086000000.0,
      "Additional Paid In Capital": 3814000000.0,
      "Capital Stock": 565000000.0,
      "Common Stock": 565000000.0,
      "Total Liabilities Net Minority Interest": 21580000000.0,
      "Total Non Current Liabilities Net Minority Interest": 10286000000.0,
      "Other Non Current Liabilities": 1000000.0,
      "Derivative Product Liabilities": 18000000.0,
      "Non Current Pension And Other Postretirement Benefit Plans": 1956000000.0,
      "Non Current Accrued Expenses": 8000000.0,
      "Tradeand Other Payables Non Current": 37000000.0,
      "Non Current Deferred Revenue": 3000000.0,
      "Non Current Deferred Taxes Liabilities": 892000000.0,
      "Long Term Debt And Capital Lease Obligation": 6998000000.0,
      "Long Term Capital Lease Obligation": 625000000.0,
      "Long Term Debt": 6373000000.0,
      "Long Term Provisions": 257000000.0,
      "Current Liabilities": 11294000000.0,
      "Other Current Liabilities": null,
      "Current Debt And Capital Lease Obligation": 3273000000.0,
      "Current Capital Lease Obligation": 137000000.0,
      "Current Debt": 3136000000.0,
      "Pensionand Other Post Retirement Benefit Plans Current": 1115000000.0,
      "Current Provisions": 1374000000.0,
      "Payables": 3961000000.0,
      "Other Payable": 793000000.0,
      "Total Tax Payable": 1666000000.0,
      "Accounts Payable": 1502000000.0,
      "Total Assets": 51567000000.0,
      "Total Non Current Assets": 38116000000.0,
      "Other Non Current Assets": 90000000.0,
      "Defined Pension Benefit": 0.0,
      "Non Current Prepaid Assets": 42000000.0,
      "Non Current Deferred Taxes Assets": 1312000000.0,
      "Financial Assets": 57000000.0,
      "Investmentin Financial Assets": 1112000000.0,
      "Available For Sale Securities": 799000000.0,
      "Financial Assets Designatedas Fair Value Through Profitor Loss Total": 313000000.0,
      "Long Term Equity Investment": 3000000.0,
      "Goodwill And Other Intangible Assets": 25434000000.0,
      "Other Intangible Assets": 6282000000.0,
      "Goodwill": 19152000000.0,
      "Net PPE": 10025000000.0,
      "Accumulated Depreciation": -9087000000.0,
      "Gross PPE": 19111000000.0,
      "Construction In Progress": 2500000000.0,
      "Machinery Furniture Equipment": 9131000000.0,
      "Land And Improvements": 7480000000.0,
      "Properties": 0.0,
      "Current Assets": 13450000000.0,
      "Other Current Assets": 143000000.0,
      "Hedging Assets Current": 83000000.0,
      "Assets Held For Sale Current": 597000000.0,
      "Restricted Cash": 368000000.0,
      "Prepaid Assets": 169000000.0,
      "Inventory": 4484000000.0,
      "Other Inventories": null,
      "Finished Goods": 1996000000.0,
      "Work In Process": 1463000000.0,
      "Raw Materials": 1025000000.0,
      "Other Receivables": 133000000.0,
      "Taxes Receivable": 819000000.0,
      "Accounts Receivable": 3947000000.0,
      "Cash Cash Equivalents And Short Term Investments": 2707000000.0,
      "Other Short Term Investments": 558000000.0,
      "Cash And Cash Equivalents": 2149000000.0,
      "Cash Equivalents": null,
      "Cash Financial": null
    },
    "2023-12-31T00:00:00": {
      "Ordinary Shares Number": 434777877.0,
      "Share Issued": 434777877.0,
      "Net Debt": 7771000000.0,
      "Total Debt": 9864000000.0,
      "Tangible Book Value": 2283000000.0,
      "Invested Capital": 36029000000.0,
      "Working Capital": 3694000000.0,
      "Net Tangible Assets": 2283000000.0,
      "Capital Lease Obligations": 515000000.0,
      "Common Stock Equity": 26680000000.0,
      "Total Capitalization": 35526000000.0,
      "Total Equity Gross Minority Interest": 26755000000.0,
      "Minority Interest": 75000000.0,
      "Stockholders Equity": 26680000000.0,
      "Other Equity Interest": 2073000000.0,
      "Retained Earnings": 20228000000.0,
      "Additional Paid In Capital": 3814000000.0,
      "Capital Stock": 565000000.0,
      "Common Stock": 565000000.0,
      "Total Liabilities Net Minority Interest": 21740000000.0,
      "Total Non Current Liabilities Net Minority Interest": 13041000000.0,
      "Other Non Current Liabilities": 1000000.0,
      "Derivative Product Liabilities": 18000000.0,
      "Non Current Pension And Other Postretirement Benefit Plans": 2192000000.0,
      "Non Current Accrued Expenses": 12000000.0,
      "Tradeand Other Payables Non Current": 40000000.0,
      "Non Current Deferred Revenue": 3000000.0,
      "Non Current Deferred Taxes Liabilities": 1130000000.0,
      "Long Term Debt And Capital Lease Obligation": 9239000000.0,
      "Long Term Capital Lease Obligation": 393000000.0,
      "Long Term Debt": 8846000000.0,
      "Long Term Provisions": 277000000.0,
      "Current Liabilities": 8699000000.0,
      "Other Current Liabilities": null,
      "Current Debt And Capital Lease Obligation": 625000000.0,
      "Current Capital Lease Obligation": 122000000.0,
      "Current Debt": 503000000.0,
      "Pensionand Other Post Retirement Benefit Plans Current": 999000000.0,
      "Current Provisions": 1452000000.0,
      "Payables": 4145000000.0,
      "Other Payable": 779000000.0,
      "Total Tax Payable": 1596000000.0,
      "Accounts Payable": 1770000000.0,
      "Total Assets": 48495000000.0,
      "Total Non Current Assets": 36102000000.0,
      "Other Non Current Assets": 75000000.0,
      "Defined Pension Benefit": 0.0,
      "Non Current Prepaid Assets": 37000000.0,
      "Non Current Deferred Taxes Assets": 1514000000.0,
      "Financial Assets": 47000000.0,
      "Investmentin Financial Assets": 930000000.0,
      "Available For Sale Securities": 644000000.0,
      "Financial Assets Designatedas Fair Value Through Profitor Loss Total": 286000000.0,
      "Long Term Equity Investment": 3000000.0,
      "Goodwill And Other Intangible Assets": 24397000000.0,
      "Other Intangible Assets": 6552000000.0,
      "Goodwill": 17845000000.0,
      "Net PPE": 9056000000.0,
      "Accumulated Depreciation": -8887000000.0,
      "Gross PPE": 17942000000.0,
      "Construction In Progress": 3045000000.0,
      "Machinery Furniture Equipment": 8571000000.0,
      "Land And Improvements": 6326000000.0,
      "Properties": 0.0,
      "Current Assets": 12393000000.0,
      "Other Current Assets": 127000000.0,
      "Hedging Assets Current": 67000000.0,
      "Assets Held For Sale Current": 62000000.0,
      "Restricted Cash": 404000000.0,
      "Prepaid Assets": 182000000.0,
      "Inventory": 4637000000.0,
      "Other Inventories": null,
      "Finished Goods": 2045000000.0,
      "Work In Process": 1428000000.0,
      "Raw Materials": 1164000000.0,
      "Other Receivables": 105000000.0,
      "Taxes Receivable": 796000000.0,
      "Accounts Receivable": 4004000000.0,
      "Cash Cash Equivalents And Short Term Investments": 2009000000.0,
      "Other Short Term Investments": 431000000.0,
      "Cash And Cash Equivalents": 1578000000.0,
      "Cash Equivalents": null,
      "Cash Financial": null
    },
    "2022-12-31T00:00:00": {
      "Ordinary Shares Number": 434777877.0,
      "Share Issued": 434777877.0,
      "Net Debt": 8509000000.0,
      "Total Debt": 10398000000.0,
      "Tangible Book Value": 204000000.0,
      "Invested Capital": 35834000000.0,
      "Working Capital": 2687000000.0,
      "Net Tangible Assets": 204000000.0,
      "Capital Lease Obligations": 491000000.0,
      "Common Stock Equity": 25927000000.0,
      "Total Capitalization": 34761000000.0,
      "Total Equity Gross Minority Interest": 26005000000.0,
      "Minority Interest": 78000000.0,
      "Stockholders Equity": 25927000000.0,
      "Other Equity Interest": 3085000000.0,
      "Retained Earnings": 18463000000.0,
      "Additional Paid In Capital": 3814000000.0,
      "Capital Stock": 565000000.0,
      "Common Stock": 565000000.0,
      "Total Liabilities Net Minority Interest": 22530000000.0,
      "Total Non Current Liabilities Net Minority Interest": 13016000000.0,
      "Other Non Current Liabilities": 2000000.0,
      "Derivative Product Liabilities": 19000000.0,
      "Non Current Pension And Other Postretirement Benefit Plans": 2030000000.0,
      "Non Current Accrued Expenses": 15000000.0,
      "Tradeand Other Payables Non Current": 39000000.0,
      "Non Current Deferred Revenue": 3000000.0,
      "Non Current Deferred Taxes Liabilities": 1287000000.0,
      "Long Term Debt And Capital Lease Obligation": 9200000000.0,
      "Long Term Capital Lease Obligation": 366000000.0,
      "Long Term Debt": 8834000000.0,
      "Long Term Provisions": 299000000.0,
      "Current Liabilities": 9514000000.0,
      "Other Current Liabilities": 1000000.0,
      "Current Debt And Capital Lease Obligation": 1198000000.0,
      "Current Capital Lease Obligation": 125000000.0,
      "Current Debt": 1073000000.0,
      "Pensionand Other Post Retirement Benefit Plans Current": 1237000000.0,
      "Current Provisions": 1284000000.0,
      "Payables": 4190000000.0,
      "Other Payable": 911000000.0,
      "Total Tax Payable": 1683000000.0,
      "Accounts Payable": 1596000000.0,
      "Total Assets": 48535000000.0,
      "Total Non Current Assets": 36334000000.0,
      "Other Non Current Assets": 69000000.0,
      "Defined Pension Benefit": 0.0,
      "Non Current Prepaid Assets": 29000000.0,
      "Non Current Deferred Taxes Assets": 1310000000.0,
      "Financial Assets": 46000000.0,
      "Investmentin Financial Assets": 906000000.0,
      "Available For Sale Securities": 517000000.0,
      "Financial Assets Designatedas Fair Value Through Profitor Loss Total": 389000000.0,
      "Long Term Equity Investment": 3000000.0,
      "Goodwill And Other Intangible Assets": 25723000000.0,
      "Other Intangible Assets": 7334000000.0,
      "Goodwill": 18389000000.0,
      "Net PPE": 8204000000.0,
      "Accumulated Depreciation": -8308000000.0,
      "Gross PPE": 16512000000.0,
      "Construction In Progress": 2429000000.0,
      "Machinery Furniture Equipment": 8107000000.0,
      "Land And Improvements": 5976000000.0,
      "Properties": 0.0,
      "Current Assets": 12201000000.0,
      "Other Current Assets": 151000000.0,
      "Hedging Assets Current": 76000000.0,
      "Assets Held For Sale Current": 0.0,
      "Restricted Cash": 456000000.0,
      "Prepaid Assets": 210000000.0,
      "Inventory": 4632000000.0,
      "Other Inventories": -1000000.0,
      "Finished Goods": 2139000000.0,
      "Work In Process": 1418000000.0,
      "Raw Materials": 1076000000.0,
      "Other Receivables": 128000000.0,
      "Taxes Receivable": 792000000.0,
      "Accounts Receivable": 4114000000.0,
      "Cash Cash Equivalents And Short Term Investments": 1642000000.0,
      "Other Short Term Investments": 244000000.0,
      "Cash And Cash Equivalents": 1398000000.0,
      "Cash Equivalents": 1244000000.0,
      "Cash Financial": 154000000.0
    },
    "2021-12-31T00:00:00": {
      "Ordinary Shares Number": 434777877.0,
      "Share Issued": 434777877.0,
      "Net Debt": 8796000000.0,
      "Total Debt": 10766000000.0,
      "Tangible Book Value": -3278000000.0,
      "Invested Capital": 31645000000.0,
      "Working Capital": 550000000.0,
      "Net Tangible Assets": -3278000000.0,
      "Capital Lease Obligations": 459000000.0,
      "Common Stock Equity": 21338000000.0,
      "Total Capitalization": 29266000000.0,
      "Total Equity Gross Minority Interest": 21416000000.0,
      "Minority Interest": 78000000.0,
      "Stockholders Equity": 21338000000.0,
      "Other Equity Interest": 1825000000.0,
      "Retained Earnings": 15134000000.0,
      "Additional Paid In Capital": 3814000000.0,
      "Capital Stock": 565000000.0,
      "Common Stock": 565000000.0,
      "Total Liabilities Net Minority Interest": 23946000000.0,
      "Total Non Current Liabilities Net Minority Interest": 13514000000.0,
      "Other Non Current Liabilities": null,
      "Derivative Product Liabilities": 10000000.0,
      "Non Current Pension And Other Postretirement Benefit Plans": 3402000000.0,
      "Non Current Accrued Expenses": 10000000.0,
      "Tradeand Other Payables Non Current": 43000000.0,
      "Non Current Deferred Revenue": 3000000.0,
      "Non Current Deferred Taxes Liabilities": 1411000000.0,
      "Long Term Debt And Capital Lease Obligation": 8270000000.0,
      "Long Term Capital Lease Obligation": 342000000.0,
      "Long Term Debt": 7928000000.0,
      "Long Term Provisions": 269000000.0,
      "Current Liabilities": 10432000000.0,
      "Other Current Liabilities": 839000000.0,
      "Current Debt And Capital Lease Obligation": 2496000000.0,
      "Current Capital Lease Obligation": 117000000.0,
      "Current Debt": 2379000000.0,
      "Pensionand Other Post Retirement Benefit Plans Current": 1204000000.0,
      "Current Provisions": 377000000.0,
      "Payables": 3948000000.0,
      "Other Payable": 759000000.0,
      "Total Tax Payable": 1647000000.0,
      "Accounts Payable": 1542000000.0,
      "Total Assets": 45362000000.0,
      "Total Non Current Assets": 34380000000.0,
      "Other Non Current Assets": 74000000.0,
      "Defined Pension Benefit": 0.0,
      "Non Current Prepaid Assets": 15000000.0,
      "Non Current Deferred Taxes Assets": 1502000000.0,
      "Financial Assets": 24000000.0,
      "Investmentin Financial Assets": 883000000.0,
      "Available For Sale Securities": 463000000.0,
      "Financial Assets Designatedas Fair Value Through Profitor Loss Total": 420000000.0,
      "Long Term Equity Investment": 3000000.0,
      "Goodwill And Other Intangible Assets": 24616000000.0,
      "Other Intangible Assets": 7612000000.0,
      "Goodwill": 17004000000.0,
      "Net PPE": 7217000000.0,
      "Accumulated Depreciation": -7593000000.0,
      "Gross PPE": 14810000000.0,
      "Construction In Progress": 1905000000.0,
      "Machinery Furniture Equipment": 7441000000.0,
      "Land And Improvements": 5464000000.0,
      "Properties": 0.0,
      "Current Assets": 10982000000.0,
      "Other Current Assets": 94000000.0,
      "Hedging Assets Current": 62000000.0,
      "Assets Held For Sale Current": null,
      "Restricted Cash": 388000000.0,
      "Prepaid Assets": 142000000.0,
      "Inventory": 3900000000.0,
      "Other Inventories": null,
      "Finished Goods": 2299000000.0,
      "Work In Process": 798000000.0,
      "Raw Materials": 803000000.0,
      "Other Receivables": 207000000.0,
      "Taxes Receivable": 920000000.0,
      "Accounts Receivable": 3646000000.0,
      "Cash Cash Equivalents And Short Term Investments": 1623000000.0,
      "Other Short Term Investments": 112000000.0,
      "Cash And Cash Equivalents": 1511000000.0,
      "Cash Equivalents": 827000000.0,
      "Cash Financial": 684000000.0
    }
  },
  "cashflow": {
    "2024-12-31T00:00:00": {
      "Free Cash Flow": 2402000000.0,
      "Repayment Of Debt": -2743000000.0,
      "Issuance Of Debt": 2796000000.0,
      "Capital Expenditure": -2184000000.0,
      "End Cash Position": 2517000000.0,
      "Other Cash Adjustment Outside Changein Cash": null,
      "Beginning Cash Position": 1982000000.0,
      "Effect Of Exchange Rate Changes": -16000000.0,
      "Changes In Cash": 551000000.0,
      "Financing Cash Flow": -985000000.0,
      "Net Other Financing Charges": -745000000.0,
      "Cash Dividends Paid": -284000000.0,
      "Net Issuance Payments Of Debt": 53000000.0,
      "Net Short Term Debt Issuance": -177000000.0,
      "Short Term Debt Payments": -2290000000.0,
      "Short Term Debt Issuance": 2113000000.0,
      "Net Long Term Debt Issuance": 230000000.0,
      "Long Term Debt Payments": -453000000.0,
      "Long Term Debt Issuance": 683000000.0,
      "Investing Cash Flow": -3050000000.0,
      "Net Other Investing Changes": -144000000.0,
      "Net Investment Purchase And Sale": null,
      "Sale Of Investment": null,
      "Purchase Of Investment": null,
      "Net Business Purchase And Sale": -767000000.0,
      "Sale Of Business": 7000000.0,
      "Purchase Of Business": -774000000.0,
      "Net Intangibles Purchase And Sale": -464000000.0,
      "Sale Of Intangibles": 18000000.0,
      "Purchase Of Intangibles": -482000000.0,
      "Net PPE Purchase And Sale": -1675000000.0,
      "Sale Of PPE": 27000000.0,
      "Purchase Of PPE": -1702000000.0,
      "Operating Cash Flow": 4586000000.0,
      "Change In Working Capital": -310000000.0,
      "Change In Other Current Assets": -309000000.0,
      "Change In Payable": -178000000.0,
      "Change In Inventory": 36000000.0,
      "Change In Receivables": 79000000.0,
      "Other Non Cash Items": -22000000.0,
      "Depreciation And Amortization": 2134000000.0,
      "Depreciation": 2134000000.0,
      "Gain Loss On Sale Of PPE": -2000000.0,
      "Net Income From Continuing Operations": 2786000000.0
    },
    "2023-12-31T00:00:00": {
      "Free Cash Flow": 1761000000.0,
      "Repayment Of Debt": -1784000000.0,
      "Issuance Of Debt": 1216000000.0,
      "Capital Expenditure": -2023000000.0,
      "End Cash Position": 1982000000.0,
      "Other Cash Adjustment Outside Changein Cash": -1000000.0,
      "Beginning Cash Position": 1854000000.0,
      "Effect Of Exchange Rate Changes": -31000000.0,
      "Changes In Cash": 160000000.0,
      "Financing Cash Flow": -1732000000.0,
      "Net Other Financing Charges": -868000000.0,
      "Cash Dividends Paid": -284000000.0,
      "Net Issuance Payments Of Debt": -568000000.0,
      "Net Short Term Debt Issuance": -845000000.0,
      "Short Term Debt Payments": -1364000000.0,
      "Short Term Debt Issuance": 519000000.0,
      "Net Long Term Debt Issuance": 277000000.0,
      "Long Term Debt Payments": -420000000.0,
      "Long Term Debt Issuance": 697000000.0,
      "Investing Cash Flow": -1892000000.0,
      "Net Other Investing Changes": -12000000.0,
      "Net Investment Purchase And Sale": -27000000.0,
      "Sale Of Investment": 510000000.0,
      "Purchase Of Investment": -537000000.0,
      "Net Business Purchase And Sale": -12000000.0,
      "Sale Of Business": 0.0,
      "Purchase Of Business": -12000000.0,
      "Net Intangibles Purchase And Sale": -80000000.0,
      "Sale Of Intangibles": 136000000.0,
      "Purchase Of Intangibles": -216000000.0,
      "Net PPE Purchase And Sale": -1788000000.0,
      "Sale Of PPE": 19000000.0,
      "Purchase Of PPE": -1807000000.0,
      "Operating Cash Flow": 3784000000.0,
      "Change In Working Capital": -707000000.0,
      "Change In Other Current Assets": -755000000.0,
      "Change In Payable": -43000000.0,
      "Change In Inventory": -89000000.0,
      "Change In Receivables": -8000000.0,
      "Other Non Cash Items": -72000000.0,
      "Depreciation And Amortization": 1880000000.0,
      "Depreciation": 1880000000.0,
      "Gain Loss On Sale Of PPE": -150000000.0,
      "Net Income From Continuing Operations": 2834000000.0
    },
    "2022-12-31T00:00:00": {
      "Free Cash Flow": 2453000000.0,
      "Repayment Of Debt": -3506000000.0,
      "Issuance Of Debt": 2918000000.0,
      "Capital Expenditure": -1806000000.0,
      "End Cash Position": 1854000000.0,
      "Other Cash Adjustment Outside Changein Cash": 1000000.0,
      "Beginning Cash Position": 1899000000.0,
      "Effect Of Exchange Rate Changes": -7000000.0,
      "Changes In Cash": -39000000.0,
      "Financing Cash Flow": -1555000000.0,
      "Net Other Financing Charges": -717000000.0,
      "Cash Dividends Paid": -239000000.0,
      "Net Issuance Payments Of Debt": -588000000.0,
      "Net Short Term Debt Issuance": -612000000.0,
      "Short Term Debt Payments": -1893000000.0,
      "Short Term Debt Issuance": 1281000000.0,
      "Net Long Term Debt Issuance": 24000000.0,
      "Long Term Debt Payments": -1613000000.0,
      "Long Term Debt Issuance": 1637000000.0,
      "Investing Cash Flow": -2743000000.0,
      "Net Other Investing Changes": -1000000.0,
      "Net Investment Purchase And Sale": -145000000.0,
      "Sale Of Investment": 219000000.0,
      "Purchase Of Investment": -364000000.0,
      "Net Business Purchase And Sale": -850000000.0,
      "Sale Of Business": 4000000.0,
      "Purchase Of Business": -854000000.0,
      "Net Intangibles Purchase And Sale": -237000000.0,
      "Sale Of Intangibles": 38000000.0,
      "Purchase Of Intangibles": -275000000.0,
      "Net PPE Purchase And Sale": -1510000000.0,
      "Sale Of PPE": 21000000.0,
      "Purchase Of PPE": -1531000000.0,
      "Operating Cash Flow": 4259000000.0,
      "Change In Working Capital": -1082000000.0,
      "Change In Other Current Assets": -445000000.0,
      "Change In Payable": 101000000.0,
      "Change In Inventory": -604000000.0,
      "Change In Receivables": -413000000.0,
      "Other Non Cash Items": 21000000.0,
      "Depreciation And Amortization": 2030000000.0,
      "Depreciation": 2030000000.0,
      "Gain Loss On Sale Of PPE": -48000000.0,
      "Net Income From Continuing Operations": 3339000000.0
    },
    "2021-12-31T00:00:00": {
      "Free Cash Flow": 3195000000.0,
      "Repayment Of Debt": -2606000000.0,
      "Issuance Of Debt": 859000000.0,
      "Capital Expenditure": -1421000000.0,
      "End Cash Position": 1899000000.0,
      "Other Cash Adjustment Outside Changein Cash": 1000000.0,
      "Beginning Cash Position": 1355000000.0,
      "Effect Of Exchange Rate Changes": 9000000.0,
      "Changes In Cash": 534000000.0,
      "Financing Cash Flow": -2504000000.0,
      "Net Other Financing Charges": -568000000.0,
      "Cash Dividends Paid": -181000000.0,
      "Net Issuance Payments Of Debt": -1747000000.0,
      "Net Short Term Debt Issuance": -1508000000.0,
      "Short Term Debt Payments": -1896000000.0,
      "Short Term Debt Issuance": 388000000.0,
      "Net Long Term Debt Issuance": -239000000.0,
      "Long Term Debt Payments": -710000000.0,
      "Long Term Debt Issuance": 471000000.0,
      "Investing Cash Flow": -1578000000.0,
      "Net Other Investing Changes": null,
      "Net Investment Purchase And Sale": -200000000.0,
      "Sale Of Investment": 69000000.0,
      "Purchase Of Investment": -269000000.0,
      "Net Business Purchase And Sale": -3000000.0,
      "Sale Of Business": 1000000.0,
      "Purchase Of Business": -4000000.0,
      "Net Intangibles Purchase And Sale": -316000000.0,
      "Sale Of Intangibles": 39000000.0,
      "Purchase Of Intangibles": -355000000.0,
      "Net PPE Purchase And Sale": -1059000000.0,
      "Sale Of PPE": 7000000.0,
      "Purchase Of PPE": -1066000000.0,
      "Operating Cash Flow": 4616000000.0,
      "Change In Working Capital": -274000000.0,
      "Change In Other Current Assets": -121000000.0,
      "Change In Payable": 433000000.0,
      "Change In Inventory": -472000000.0,
      "Change In Receivables": -310000000.0,
      "Other Non Cash Items": 81000000.0,
      "Depreciation And Amortization": 1767000000.0,
      "Depreciation": 1767000000.0,
      "Gain Loss On Sale Of PPE": -24000000.0,
      "Net Income From Continuing Operations": 3065000000.0
    }
  },
  "earnings_estimate": {
    "avg": {
      "0q": 1.93986,
      "+1q": 1.97613,
      "0y": 8.34814,
      "+1y": 8.1479
    },
    "low": {
      "0q": 1.83,
      "+1q": 1.97613,
      "0y": 8.22,
      "+1y": 7.52
    },
    "high": {
      "0q": 2.09534,
      "+1q": 1.97613,
      "0y": 8.52063,
      "+1y": 9.57998
    },
    "yearAgoEps": {
      "0q": 2.07,
      "+1q": 2.12,
      "0y": 8.63,
      "+1y": 8.34814
    },
    "numberOfAnalysts": {
      "0q": 4,
      "+1q": 1,
      "0y": 14,
      "+1y": 14
    },
    "growth": {
      "0q": -0.0629,
      "+1q": -0.0679,
      "0y": -0.0327,
      "+1y": -0.024
    }
  },
  "revenue_estimate": {
    "avg": {
      "0q": 5296234700,
      "+1q": 5078903100,
      "0y": 21187039860,
      "+1y": 21275396770
    },
    "low": {
      "0q": 5224000000,
      "+1q": 5078903100,
      "0y": 21004000000,
      "+1y": 20548325980
    },
    "high": {
      "0q": 5373061000,
      "+1q": 5078903100,
      "0y": 22275154500,
      "+1y": 23438311840
    },
    "numberOfAnalysts": {
      "0q": 4,
      "+1q": 1,
      "0y": 14,
      "+1y": 15
    },
    "yearAgoRevenue": {
      "0q": 5417700000,
      "+1q": 5280000000,
      "0y": 21155800000,
      "+1y": 21187039860
    },
    "growth": {
      "0q": -0.0224,
      "+1q": -0.0381,
      "0y": 0.0015,
      "+1y": 0.0042
    }
  },
  "growth_estimates": {
    "stockTrend": {
      "0q": -0.0629,
      "+1q": -0.0679,
      "0y": -0.0327,
      "+1y": -0.024,
      "LTG": null
    },
    "indexTrend": {
      "0q": 0.1273,
      "+1q": 0.103599995,
      "0y": 0.14310001,
      "+1y": 0.1557,
      "LTG": 0.122
    }
  },
  "revenue_forecasts": null,
  "dividend_rate": 2.2,
  "trailing_dividend_rate": 2.2
}