{
  "ticker": "MSFT",
  "name": "Microsoft",
  "country": "usa",
  "currency": "USD",
  "last_fetched": "2026-02-26T20:44:41.202753",
  "market_cap": 2984468283392,
  "revenue": 305453006848,
  "net_income": 119262003200,
  "pe_ratio": 25.12826,
  "forward_pe": 21.302828,
  "dividend_yield": 0.91,
  "profit_margin": 0.39044,
  "roe": 0.34390998,
  "debt_to_equity": 31.539,
  "beta": 1.084,
  "ev_to_ebitda": 17.166,
  "sector": "Technology",
  "industry": "Software - Infrastructure",
  "summary": "Microsoft Corporation develops and supports software, services, devices, and solutions worldwide. The Productivity and Business Processes segment offers Microsoft 365 commercial, enterprise mobility + security, windows commercial, power BI, exchange, sharepoint, Microsoft teams, security and compliance, and copilot; Microsoft 365 commercial products, such as Windows commercial on-premises and office licensed services; Microsoft 365 consumer products and cloud services, including Microsoft 365 consumer subscriptions, office licensed on-premises, and other consumer services; LinkedIn; dynamics products and cloud services, such as dynamics 365, cloud-based applications, and on-premises ERP and CRM applications. Its Intelligent Cloud segment provides Server products and cloud services comprising Azure and other cloud services, GitHub, Nuance Healthcare, virtual desktop offerings, and other cloud services; server products, including SQL and windows server, visual studio and system center related client access licenses, and other on-premises offerings; enterprise and partner services, such as enterprise support and nuance professional services, industry solutions, Microsoft partner network, and learning experience. The Personal Computing segment provides windows and devices, such as Windows OEM licensing and devices and surface and PC accessories; gaming services and solutions, such as Xbox hardware, content, and services, first- and third-party content Xbox game pass, subscriptions, and cloud gaming, advertising, and other cloud services; search and news advertising services that includes Bing and Copilot, Microsoft News and Edge, and third-party affiliates. It sells its products through OEMs, distributors, and resellers; and online and retail stores. The company was founded in 1975 and is headquartered in Redmond, Washington.",
  "website": "https://www.microsoft.com",
  "employees": 228000,
  "target_high": 730.0,
  "target_low": 392.0,
  "target_mean": 595.99567,
  "target_median": 600.0,
  "recommendation": "strong_buy",
  "num_analysts": 53,
  "income_stmt": {
    "2025-06-30T00:00:00": {
      "Tax Effect Of Unusual Items": -77088000.0,
      "Tax Rate For Calcs": 0.176,
      "Normalized EBITDA": 160603000000.0,
      "Total Unusual Items": -438000000.0,
      "Total Unusual Items Excluding Goodwill": -438000000.0,
      "Net Income From Continuing Operation Net Minority Interest": 101832000000.0,
      "Reconciled Depreciation": 34153000000.0,
      "Reconciled Cost Of Revenue": 87831000000.0,
      "EBITDA": 160165000000.0,
      "EBIT": 126012000000.0,
      "Net Interest Income": 262000000.0,
      "Interest Expense": 2385000000.0,
      "Interest Income": 2647000000.0,
      "Normalized Income": 102192912000.0,
      "Net Income From Continuing And Discontinued Operation": 101832000000.0,
      "Total Expenses": 153196000000.0,
      "Total Operating Income As Reported": 128528000000.0,
      "Diluted Average Shares": 7465000000.0,
      "Basic Average Shares": 7433000000.0,
      "Diluted EPS": 13.64,
      "Basic EPS": 13.7,
      "Diluted NI Availto Com Stockholders": 101832000000.0,
      "Net Income Common Stockholders": 101832000000.0,
      "Net Income": 101832000000.0,
      "Net Income Including Noncontrolling Interests": 101832000000.0,
      "Net Income Continuous Operations": 101832000000.0,
      "Tax Provision": 21795000000.0,
      "Pretax Income": 123627000000.0,
      "Other Income Expense": -5163000000.0,
      "Other Non Operating Income Expenses": -4725000000.0,
      "Special Income Charges": -943000000.0,
      "Write Off": 943000000.0,
      "Gain On Sale Of Security": 505000000.0,
      "Net Non Operating Interest Income Expense": 262000000.0,
      "Interest Expense Non Operating": 2385000000.0,
      "Interest Income Non Operating": 2647000000.0,
      "Operating Income": 128528000000.0,
      "Operating Expense": 65365000000.0,
      "Research And Development": 32488000000.0,
      "Selling General And Administration": 32877000000.0,
      "Selling And Marketing Expense": 25654000000.0,
      "General And Administrative Expense": 7223000000.0,
      "Other Gand A": 7223000000.0,
      "Gross Profit": 193893000000.0,
      "Cost Of Revenue": 87831000000.0,
      "Total Revenue": 281724000000.0,
      "Operating Revenue": 281724000000.0
    },
    "2024-06-30T00:00:00": {
      "Tax Effect Of Unusual Items": -99918000.0,
      "Tax Rate For Calcs": 0.182,
      "Normalized EBITDA": 133558000000.0,
      "Total Unusual Items": -549000000.0,
      "Total Unusual Items Excluding Goodwill": -549000000.0,
      "Net Income From Continuing Operation Net Minority Interest": 88136000000.0,
      "Reconciled Depreciation": 22287000000.0,
      "Reconciled Cost Of Revenue": 74114000000.0,
      "EBITDA": 133009000000.0,
      "EBIT": 110722000000.0,
      "Net Interest Income": 222000000.0,
      "Interest Expense": 2935000000.0,
      "Interest Income": 3157000000.0,
      "Normalized Income": 88585082000.0,
      "Net Income From Continuing And Discontinued Operation": 88136000000.0,
      "Total Expenses": 135689000000.0,
      "Total Operating Income As Reported": 109433000000.0,
      "Diluted Average Shares": 7469000000.0,
      "Basic Average Shares": 7431000000.0,
      "Diluted EPS": 11.8,
      "Basic EPS": 11.86,
      "Diluted NI Availto Com Stockholders": 88136000000.0,
      "Net Income Common Stockholders": 88136000000.0,
      "Net Income": 88136000000.0,
      "Net Income Including Noncontrolling Interests": 88136000000.0,
      "Net Income Continuous Operations": 88136000000.0,
      "Tax Provision": 19651000000.0,
      "Pretax Income": 107787000000.0,
      "Other Income Expense": -1868000000.0,
      "Other Non Operating Income Expenses": -1319000000.0,
      "Special Income Charges": -206000000.0,
      "Write Off": 206000000.0,
      "Gain On Sale Of Security": -343000000.0,
      "Net Non Operating Interest Income Expense": 222000000.0,
      "Interest Expense Non Operating": 2935000000.0,
      "Interest Income Non Operating": 3157000000.0,
      "Operating Income": 109433000000.0,
      "Operating Expense": 61575000000.0,
      "Research And Development": 29510000000.0,
      "Selling General And Administration": 32065000000.0,
      "Selling And Marketing Expense": 24456000000.0,
      "General And Administrative Expense": 7609000000.0,
      "Other Gand A": 7609000000.0,
      "Gross Profit": 171008000000.0,
      "Cost Of Revenue": 74114000000.0,
      "Total Revenue": 245122000000.0,
      "Operating Revenue": 245122000000.0
    },
    "2023-06-30T00:00:00": {
      "Tax Effect Of Unusual Items": -2850000.0,
      "Tax Rate For Calcs": 0.19,
      "Normalized EBITDA": 105155000000.0,
      "Total Unusual Items": -15000000.0,
      "Total Unusual Items Excluding Goodwill": -15000000.0,
      "Net Income From Continuing Operation Net Minority Interest": 72361000000.0,
      "Reconciled Depreciation": 13861000000.0,
      "Reconciled Cost Of Revenue": 65863000000.0,
      "EBITDA": 105140000000.0,
      "EBIT": 91279000000.0,
      "Net Interest Income": 1026000000.0,
      "Interest Expense": 1968000000.0,
      "Interest Income": 2994000000.0,
      "Normalized Income": 72373150000.0,
      "Net Income From Continuing And Discontinued Operation": 72361000000.0,
      "Total Expenses": 123392000000.0,
      "Total Operating Income As Reported": 88523000000.0,
      "Diluted Average Shares": 7472000000.0,
      "Basic Average Shares": 7446000000.0,
      "Diluted EPS": 9.68,
      "Basic EPS": 9.72,
      "Diluted NI Availto Com Stockholders": 72361000000.0,
      "Net Income Common Stockholders": 72361000000.0,
      "Net Income": 72361000000.0,
      "Net Income Including Noncontrolling Interests": 72361000000.0,
      "Net Income Continuous Operations": 72361000000.0,
      "Tax Provision": 16950000000.0,
      "Pretax Income": 89311000000.0,
      "Other Income Expense": -238000000.0,
      "Other Non Operating Income Expenses": -223000000.0,
      "Special Income Charges": -30000000.0,
      "Write Off": 30000000.0,
      "Gain On Sale Of Security": 15000000.0,
      "Net Non Operating Interest Income Expense": 1026000000.0,
      "Interest Expense Non Operating": 1968000000.0,
      "Interest Income Non Operating": 2994000000.0,
      "Operating Income": 88523000000.0,
      "Operating Expense": 57529000000.0,
      "Research And Development": 27195000000.0,
      "Selling General And Administration": 30334000000.0,
      "Selling And Marketing Expense": 22759000000.0,
      "General And Administrative Expense": 7575000000.0,
      "Other Gand A": 7575000000.0,
      "Gross Profit": 146052000000.0,
      "Cost Of Revenue": 65863000000.0,
      "Total Revenue": 211915000000.0,
      "Operating Revenue": 211915000000.0
    },
    "2022-06-30T00:00:00": {
      "Tax Effect Of Unusual Items": 43754000.0,
      "Tax Rate For Calcs": 0.131,
      "Normalized EBITDA": 99905000000.0,
      "Total Unusual Items": 334000000.0,
      "Total Unusual Items Excluding Goodwill": 334000000.0,
      "Net Income From Continuing Operation Net Minority Interest": 72738000000.0,
      "Reconciled Depreciation": 14460000000.0,
      "Reconciled Cost Of Revenue": 62650000000.0,
      "EBITDA": 100239000000.0,
      "EBIT": 85779000000.0,
      "Net Interest Income": 31000000.0,
      "Interest Expense": 2063000000.0,
      "Interest Income": 2094000000.0,
      "Normalized Income": 72447754000.0,
      "Net Income From Continuing And Discontinued Operation": 72738000000.0,
      "Total Expenses": 114887000000.0,
      "Total Operating Income As Reported": 83383000000.0,
      "Diluted Average Shares": 7540000000.0,
      "Basic Average Shares": 7496000000.0,
      "Diluted EPS": 9.65,
      "Basic EPS": 9.7,
      "Diluted NI Availto Com Stockholders": 72738000000.0,
      "Net Income Common Stockholders": 72738000000.0,
      "Net Income": 72738000000.0,
      "Net Income Including Noncontrolling Interests": 72738000000.0,
      "Net Income Continuous Operations": 72738000000.0,
      "Tax Provision": 10978000000.0,
      "Pretax Income": 83716000000.0,
      "Other Income Expense": 302000000.0,
      "Other Non Operating Income Expenses": -32000000.0,
      "Special Income Charges": -101000000.0,
      "Write Off": 101000000.0,
      "Gain On Sale Of Security": 435000000.0,
      "Net Non Operating Interest Income Expense": 31000000.0,
      "Interest Expense Non Operating": 2063000000.0,
      "Interest Income Non Operating": 2094000000.0,
      "Operating Income": 83383000000.0,
      "Operating Expense": 52237000000.0,
      "Research And Development": 24512000000.0,
      "Selling General And Administration": 27725000000.0,
      "Selling And Marketing Expense": 21825000000.0,
      "General And Administrative Expense": 5900000000.0,
      "Other Gand A": 5900000000.0,
      "Gross Profit": 135620000000.0,
      "Cost Of Revenue": 62650000000.0,
      "Total Revenue": 198270000000.0,
      "Operating Revenue": 198270000000.0
    }
  },
  "quarterly_income": {
    "2025-12-31T00:00:00": {
      "Tax Effect Of Unusual Items": 65200000.0,
      "Tax Rate For Calcs": 0.2,
      "Normalized EBITDA": 57854000000.0,
      "Total Unusual Items": 326000000.0,
      "Total Unusual Items Excluding Goodwill": 326000000.0,
      "Net Income From Continuing Operation Net Minority Interest": 38458000000.0,
      "Reconciled Depreciation": 9198000000.0,
      "Reconciled Cost Of Revenue": 25978000000.0,
      "EBITDA": 58180000000.0,
      "EBIT": 48982000000.0,
      "Net Interest Income": 104000000.0,
      "Interest Expense": 736000000.0,
      "Interest Income": 840000000.0,
      "Normalized Income": 38197200000.0,
      "Net Income From Continuing And Discontinued Operation": 38458000000.0,
      "Total Expenses": 42998000000.0,
      "Total Operating Income As Reported": 38275000000.0,
      "Diluted Average Shares": 7460000000.0,
      "Basic Average Shares": 7431000000.0,
      "Diluted EPS": 5.16,
      "Basic EPS": 5.18,
      "Diluted NI Availto Com Stockholders": 38458000000.0,
      "Net Income Common Stockholders": 38458000000.0,
      "Net Income": 38458000000.0,
      "Net Income Including Noncontrolling Interests": 38458000000.0,
      "Net Income Continuous Operations": 38458000000.0,
      "Tax Provision": 9788000000.0,
      "Pretax Income": 48246000000.0,
      "Other Income Expense": 9867000000.0,
      "Other Non Operating Income Expenses": 9541000000.0,
      "Special Income Charges": -59000000.0,
      "Write Off": 59000000.0,
      "Gain On Sale Of Security": 385000000.0,
      "Net Non Operating Interest Income Expense": 104000000.0,
      "Interest Expense Non Operating": 736000000.0,
      "Interest Income Non Operating": 840000000.0,
      "Operating Income": 38275000000.0,
      "Operating Expense": 17020000000.0,
      "Research And Development": 8504000000.0,
      "Selling General And Administration": 8516000000.0,
      "Selling And Marketing Expense": 6584000000.0,
      "General And Administrative Expense": 1932000000.0,
      "Other Gand A": 1932000000.0,
      "Gross Profit": 55295000000.0,
      "Cost Of Revenue": 25978000000.0,
      "Total Revenue": 81273000000.0,
      "Operating Revenue": 81273000000.0
    },
    "2025-09-30T00:00:00": {
      "Tax Effect Of Unusual Items": 187150000.0,
      "Tax Rate For Calcs": 0.19,
      "Normalized EBITDA": 47075000000.0,
      "Total Unusual Items": 985000000.0,
      "Total Unusual Items Excluding Goodwill": 985000000.0,
      "Net Income From Continuing Operation Net Minority Interest": 27747000000.0,
      "Reconciled Depreciation": 13061000000.0,
      "Reconciled Cost Of Revenue": 24043000000.0,
      "EBITDA": 48060000000.0,
      "EBIT": 34999000000.0,
      "Net Interest Income": 278000000.0,
      "Interest Expense": 698000000.0,
      "Interest Income": 976000000.0,
      "Normalized Income": 26949150000.0,
      "Net Income From Continuing And Discontinued Operation": 27747000000.0,
      "Total Expenses": 39712000000.0,
      "Total Operating Income As Reported": 37961000000.0,
      "Diluted Average Shares": 7466000000.0,
      "Basic Average Shares": 7433000000.0,
      "Diluted EPS": 3.72,
      "Basic EPS": 3.73,
      "Diluted NI Availto Com Stockholders": 27747000000.0,
      "Net Income Common Stockholders": 27747000000.0,
      "Net Income": 27747000000.0,
      "Net Income Including Noncontrolling Interests": 27747000000.0,
      "Net Income Continuous Operations": 27747000000.0,
      "Tax Provision": 6554000000.0,
      "Pretax Income": 34301000000.0,
      "Other Income Expense": -3938000000.0,
      "Other Non Operating Income Expenses": -4923000000.0,
      "Special Income Charges": -14000000.0,
      "Write Off": 14000000.0,
      "Gain On Sale Of Security": 999000000.0,
      "Net Non Operating Interest Income Expense": 278000000.0,
      "Interest Expense Non Operating": 698000000.0,
      "Interest Income Non Operating": 976000000.0,
      "Operating Income": 37961000000.0,
      "Operating Expense": 15669000000.0,
      "Research And Development": 8146000000.0,
      "Selling General And Administration": 7523000000.0,
      "Selling And Marketing Expense": 5717000000.0,
      "General And Administrative Expense": 1806000000.0,
      "Other Gand A": 1806000000.0,
      "Gross Profit": 53630000000.0,
      "Cost Of Revenue": 24043000000.0,
      "Total Revenue": 77673000000.0,
      "Operating Revenue": 77673000000.0
    },
    "2025-06-30T00:00:00": {
      "Tax Effect Of Unusual Items": 495125.091979,
      "Tax Rate For Calcs": 0.165042,
      "Normalized EBITDA": 44431000000.0,
      "Total Unusual Items": 3000000.0,
      "Total Unusual Items Excluding Goodwill": 3000000.0,
      "Net Income From Continuing Operation Net Minority Interest": 27233000000.0,
      "Reconciled Depreciation": 11203000000.0,
      "Reconciled Cost Of Revenue": 24014000000.0,
      "EBITDA": 44434000000.0,
      "EBIT": 33231000000.0,
      "Net Interest Income": 154000000.0,
      "Interest Expense": 615000000.0,
      "Interest Income": 769000000.0,
      "Normalized Income": 27230495125.09198,
      "Net Income From Continuing And Discontinued Operation": 27233000000.0,
      "Total Expenses": 42118000000.0,
      "Total Operating Income As Reported": 34323000000.0,
      "Diluted Average Shares": 7461000000.0,
      "Basic Average Shares": 7432000000.0,
      "Diluted EPS": 3.65,
      "Basic EPS": 3.66,
      "Diluted NI Availto Com Stockholders": 27233000000.0,
      "Net Income Common Stockholders": 27233000000.0,
      "Net Income": 27233000000.0,
      "Net Income Including Noncontrolling Interests": 27233000000.0,
      "Net Income Continuous Operations": 27233000000.0,
      "Tax Provision": 5383000000.0,
      "Pretax Income": 32616000000.0,
      "Other Income Expense": -1861000000.0,
      "Other Non Operating Income Expenses": -1864000000.0,
      "Special Income Charges": -45000000.0,
      "Write Off": 45000000.0,
      "Gain On Sale Of Security": 48000000.0,
      "Net Non Operating Interest Income Expense": 154000000.0,
      "Interest Expense Non Operating": 615000000.0,
      "Interest Income Non Operating": 769000000.0,
      "Operating Income": 34323000000.0,
      "Operating Expense": 18104000000.0,
      "Research And Development": 8829000000.0,
      "Selling General And Administration": 9275000000.0,
      "Selling And Marketing Expense": 7285000000.0,
      "General And Administrative Expense": 1990000000.0,
      "Other Gand A": 1990000000.0,
      "Gross Profit": 52427000000.0,
      "Cost Of Revenue": 24014000000.0,
      "Total Revenue": 76441000000.0,
      "Operating Revenue": 76441000000.0
    },
    "2025-03-31T00:00:00": {
      "Tax Effect Of Unusual Items": 69660000.0,
      "Tax Rate For Calcs": 0.18,
      "Normalized EBITDA": 40324000000.0,
      "Total Unusual Items": 387000000.0,
      "Total Unusual Items Excluding Goodwill": 387000000.0,
      "Net Income From Continuing Operation Net Minority Interest": 25824000000.0,
      "Reconciled Depreciation": 8740000000.0,
      "Reconciled Cost Of Revenue": 21919000000.0,
      "EBITDA": 40711000000.0,
      "EBIT": 31971000000.0,
      "Net Interest Income": 3000000.0,
      "Interest Expense": 594000000.0,
      "Interest Income": 597000000.0,
      "Normalized Income": 25506660000.0,
      "Net Income From Continuing And Discontinued Operation": 25824000000.0,
      "Total Expenses": 38066000000.0,
      "Total Operating Income As Reported": 32000000000.0,
      "Diluted Average Shares": 7461000000.0,
      "Basic Average Shares": 7434000000.0,
      "Diluted EPS": 3.46,
      "Basic EPS": 3.47,
      "Diluted NI Availto Com Stockholders": 25824000000.0,
      "Net Income Common Stockholders": 25824000000.0,
      "Net Income": 25824000000.0,
      "Net Income Including Noncontrolling Interests": 25824000000.0,
      "Net Income Continuous Operations": 25824000000.0,
      "Tax Provision": 5553000000.0,
      "Pretax Income": 31377000000.0,
      "Other Income Expense": -626000000.0,
      "Other Non Operating Income Expenses": -1013000000.0,
      "Special Income Charges": -24000000.0,
      "Write Off": 24000000.0,
      "Gain On Sale Of Security": 411000000.0,
      "Net Non Operating Interest Income Expense": 3000000.0,
      "Interest Expense Non Operating": 594000000.0,
      "Interest Income Non Operating": 597000000.0,
      "Operating Income": 32000000000.0,
      "Operating Expense": 16147000000.0,
      "Research And Development": 8198000000.0,
      "Selling General And Administration": 7949000000.0,
      "Selling And Marketing Expense": 6212000000.0,
      "General And Administrative Expense": 1737000000.0,
      "Other Gand A": 1737000000.0,
      "Gross Profit": 48147000000.0,
      "Cost Of Revenue": 21919000000.0,
      "Total Revenue": 70066000000.0,
      "Operating Revenue": 70066000000.0
    },
    "2024-12-31T00:00:00": {
      "Tax Effect Of Unusual Items": -203220000.0,
      "Tax Rate For Calcs": 0.18,
      "Normalized EBITDA": 36755000000.0,
      "Total Unusual Items": -1129000000.0,
      "Total Unusual Items Excluding Goodwill": -1129000000.0,
      "Net Income From Continuing Operation Net Minority Interest": 24108000000.0,
      "Reconciled Depreciation": 5667000000.0,
      "Reconciled Cost Of Revenue": 21799000000.0,
      "EBITDA": 35626000000.0,
      "EBIT": 29959000000.0,
      "Net Interest Income": 6000000.0,
      "Interest Expense": 594000000.0,
      "Interest Income": 600000000.0,
      "Normalized Income": 25033780000.0,
      "Net Income From Continuing And Discontinued Operation": 24108000000.0,
      "Total Expenses": 37979000000.0,
      "Total Operating Income As Reported": 31653000000.0,
      "Diluted Average Shares": 7468000000.0,
      "Basic Average Shares": 7435000000.0,
      "Diluted EPS": 3.23,
      "Basic EPS": 3.24,
      "Diluted NI Availto Com Stockholders": 24108000000.0,
      "Net Income Common Stockholders": 24108000000.0,
      "Net Income": 24108000000.0,
      "Net Income Including Noncontrolling Interests": 24108000000.0,
      "Net Income Continuous Operations": 24108000000.0,
      "Tax Provision": 5257000000.0,
      "Pretax Income": 29365000000.0,
      "Other Income Expense": -2294000000.0,
      "Other Non Operating Income Expenses": -1165000000.0,
      "Special Income Charges": -867000000.0,
      "Write Off": 867000000.0,
      "Gain On Sale Of Security": -262000000.0,
      "Net Non Operating Interest Income Expense": 6000000.0,
      "Interest Expense Non Operating": 594000000.0,
      "Interest Income Non Operating": 600000000.0,
      "Operating Income": 31653000000.0,
      "Operating Expense": 16180000000.0,
      "Research And Development": 7917000000.0,
      "Selling General And Administration": 8263000000.0,
      "Selling And Marketing Expense": 6440000000.0,
      "General And Administrative Expense": 1823000000.0,
      "Other Gand A": 1823000000.0,
      "Gross Profit": 47833000000.0,
      "Cost Of Revenue": 21799000000.0,
      "Total Revenue": 69632000000.0,
      "Operating Revenue": 69632000000.0
    }
  },
  "balance_sheet": {
    "2025-06-30T00:00:00": {
      "Ordinary Shares Number": 7434158655.0,
      "Share Issued": 7434158655.0,
      "Net Debt": 12909000000.0,
      "Total Debt": 60588000000.0,
      "Tangible Book Value": 201366000000.0,
      "Invested Capital": 386630000000.0,
      "Working Capital": 49913000000.0,
      "Net Tangible Assets": 201366000000.0,
      "Capital Lease Obligations": 17437000000.0,
      "Common Stock Equity": 343479000000.0,
      "Total Capitalization": 383631000000.0,
      "Total Equity Gross Minority Interest": 343479000000.0,
      "Stockholders Equity": 343479000000.0,
      "Gains Losses Not Affecting Retained Earnings": -3347000000.0,
      "Other Equity Adjustments": -3347000000.0,
      "Retained Earnings": 237731000000.0,
      "Capital Stock": 109095000000.0,
      "Common Stock": 109095000000.0,
      "Total Liabilities Net Minority Interest": 275524000000.0,
      "Total Non Current Liabilities Net Minority Interest": 134306000000.0,
      "Other Non Current Liabilities": 45186000000.0,
      "Tradeand Other Payables Non Current": 25986000000.0,
      "Non Current Deferred Liabilities": 5545000000.0,
      "Non Current Deferred Revenue": 2710000000.0,
      "Non Current Deferred Taxes Liabilities": 2835000000.0,
      "Long Term Debt And Capital Lease Obligation": 57589000000.0,
      "Long Term Capital Lease Obligation": 17437000000.0,
      "Long Term Debt": 40152000000.0,
      "Current Liabilities": 141218000000.0,
      "Other Current Liabilities": 25020000000.0,
      "Current Deferred Liabilities": 64555000000.0,
      "Current Deferred Revenue": 64555000000.0,
      "Current Debt And Capital Lease Obligation": 2999000000.0,
      "Current Debt": 2999000000.0,
      "Other Current Borrowings": 2999000000.0,
      "Commercial Paper": 0.0,
      "Pensionand Other Post Retirement Benefit Plans Current": 13709000000.0,
      "Payables And Accrued Expenses": 34935000000.0,
      "Payables": 34935000000.0,
      "Total Tax Payable": 7211000000.0,
      "Income Tax Payable": 7211000000.0,
      "Accounts Payable": 27724000000.0,
      "Total Assets": 619003000000.0,
      "Total Non Current Assets": 427872000000.0,
      "Other Non Current Assets": 40565000000.0,
      "Financial Assets": 272000000.0,
      "Investments And Advances": 15133000000.0,
      "Investmentin Financial Assets": 2460000000.0,
      "Available For Sale Securities": 2460000000.0,
      "Long Term Equity Investment": 12673000000.0,
      "Goodwill And Other Intangible Assets": 142113000000.0,
      "Other Intangible Assets": 22604000000.0,
      "Goodwill": 119509000000.0,
      "Net PPE": 229789000000.0,
      "Accumulated Depreciation": -93653000000.0,
      "Gross PPE": 323442000000.0,
      "Leases": 12117000000.0,
      "Other Properties": 24823000000.0,
      "Machinery Furniture Equipment": 139243000000.0,
      "Buildings And Improvements": 137921000000.0,
      "Land And Improvements": 9338000000.0,
      "Properties": 0.0,
      "Current Assets": 191131000000.0,
      "Other Current Assets": 25723000000.0,
      "Hedging Assets Current": 10000000.0,
      "Inventory": 938000000.0,
      "Finished Goods": null,
      "Work In Process": null,
      "Raw Materials": null,
      "Receivables": 69905000000.0,
      "Accounts Receivable": 69905000000.0,
      "Allowance For Doubtful Accounts Receivable": -944000000.0,
      "Gross Accounts Receivable": 70849000000.0,
      "Cash Cash Equivalents And Short Term Investments": 94555000000.0,
      "Other Short Term Investments": 64313000000.0,
      "Cash And Cash Equivalents": 30242000000.0,
      "Cash Equivalents": 18531000000.0,
      "Cash Financial": 11711000000.0
    },
    "2024-06-30T00:00:00": {
      "Ordinary Shares Number": 7434138859.0,
      "Share Issued": 7434138859.0,
      "Net Debt": 33315000000.0,
      "Total Debt": 67127000000.0,
      "Tangible Book Value": 121660000000.0,
      "Invested Capital": 320107000000.0,
      "Working Capital": 34448000000.0,
      "Net Tangible Assets": 121660000000.0,
      "Capital Lease Obligations": 15497000000.0,
      "Common Stock Equity": 268477000000.0,
      "Total Capitalization": 311165000000.0,
      "Total Equity Gross Minority Interest": 268477000000.0,
      "Stockholders Equity": 268477000000.0,
      "Gains Losses Not Affecting Retained Earnings": -5590000000.0,
      "Other Equity Adjustments": -5590000000.0,
      "Retained Earnings": 173144000000.0,
      "Capital Stock": 100923000000.0,
      "Common Stock": 100923000000.0,
      "Total Liabilities Net Minority Interest": 243686000000.0,
      "Total Non Current Liabilities Net Minority Interest": 118400000000.0,
      "Other Non Current Liabilities": 27064000000.0,
      "Tradeand Other Payables Non Current": 27931000000.0,
      "Non Current Deferred Liabilities": 5220000000.0,
      "Non Current Deferred Revenue": 2602000000.0,
      "Non Current Deferred Taxes Liabilities": 2618000000.0,
      "Long Term Debt And Capital Lease Obligation": 58185000000.0,
      "Long Term Capital Lease Obligation": 15497000000.0,
      "Long Term Debt": 42688000000.0,
      "Current Liabilities": 125286000000.0,
      "Other Current Liabilities": 19185000000.0,
      "Current Deferred Liabilities": 57582000000.0,
      "Current Deferred Revenue": 57582000000.0,
      "Current Debt And Capital Lease Obligation": 8942000000.0,
      "Current Debt": 8942000000.0,
      "Other Current Borrowings": 2249000000.0,
      "Commercial Paper": 6693000000.0,
      "Pensionand Other Post Retirement Benefit Plans Current": 12564000000.0,
      "Payables And Accrued Expenses": 27013000000.0,
      "Payables": 27013000000.0,
      "Total Tax Payable": 5017000000.0,
      "Income Tax Payable": 5017000000.0,
      "Accounts Payable": 21996000000.0,
      "Total Assets": 512163000000.0,
      "Total Non Current Assets": 352429000000.0,
      "Other Non Current Assets": 36460000000.0,
      "Financial Assets": 0.0,
      "Investments And Advances": 14600000000.0,
      "Investmentin Financial Assets": 1500000000.0,
      "Available For Sale Securities": 1500000000.0,
      "Long Term Equity Investment": 13100000000.0,
      "Goodwill And Other Intangible Assets": 146817000000.0,
      "Other Intangible Assets": 27597000000.0,
      "Goodwill": 119220000000.0,
      "Net PPE": 154552000000.0,
      "Accumulated Depreciation": -76421000000.0,
      "Gross PPE": 230973000000.0,
      "Leases": 9594000000.0,
      "Other Properties": 18961000000.0,
      "Machinery Furniture Equipment": 100312000000.0,
      "Buildings And Improvements": 93943000000.0,
      "Land And Improvements": 8163000000.0,
      "Properties": 0.0,
      "Current Assets": 159734000000.0,
      "Other Current Assets": 26021000000.0,
      "Hedging Assets Current": 12000000.0,
      "Inventory": 1246000000.0,
      "Finished Goods": 845000000.0,
      "Work In Process": 7000000.0,
      "Raw Materials": 394000000.0,
      "Receivables": 56924000000.0,
      "Accounts Receivable": 56924000000.0,
      "Allowance For Doubtful Accounts Receivable": -830000000.0,
      "Gross Accounts Receivable": 57754000000.0,
      "Cash Cash Equivalents And Short Term Investments": 75531000000.0,
      "Other Short Term Investments": 57216000000.0,
      "Cash And Cash Equivalents": 18315000000.0,
      "Cash Equivalents": 6744000000.0,
      "Cash Financial": 11571000000.0
    },
    "2023-06-30T00:00:00": {
      "Ordinary Shares Number": 7432000000.0,
      "Share Issued": 7432000000.0,
      "Net Debt": 12533000000.0,
      "Total Debt": 59965000000.0,
      "Tangible Book Value": 128971000000.0,
      "Invested Capital": 253460000000.0,
      "Working Capital": 80108000000.0,
      "Net Tangible Assets": 128971000000.0,
      "Capital Lease Obligations": 12728000000.0,
      "Common Stock Equity": 206223000000.0,
      "Total Capitalization": 248213000000.0,
      "Total Equity Gross Minority Interest": 206223000000.0,
      "Stockholders Equity": 206223000000.0,
      "Gains Losses Not Affecting Retained Earnings": -6343000000.0,
      "Other Equity Adjustments": -6343000000.0,
      "Retained Earnings": 118848000000.0,
      "Capital Stock": 93718000000.0,
      "Common Stock": 93718000000.0,
      "Total Liabilities Net Minority Interest": 205753000000.0,
      "Total Non Current Liabilities Net Minority Interest": 101604000000.0,
      "Other Non Current Liabilities": 17981000000.0,
      "Tradeand Other Payables Non Current": 25560000000.0,
      "Non Current Deferred Liabilities": 3345000000.0,
      "Non Current Deferred Revenue": 2912000000.0,
      "Non Current Deferred Taxes Liabilities": 433000000.0,
      "Long Term Debt And Capital Lease Obligation": 54718000000.0,
      "Long Term Capital Lease Obligation": 12728000000.0,
      "Long Term Debt": 41990000000.0,
      "Current Liabilities": 104149000000.0,
      "Other Current Liabilities": 14745000000.0,
      "Current Deferred Liabilities": 50901000000.0,
      "Current Deferred Revenue": 50901000000.0,
      "Current Debt And Capital Lease Obligation": 5247000000.0,
      "Current Debt": 5247000000.0,
      "Other Current Borrowings": 5247000000.0,
      "Commercial Paper": 0.0,
      "Pensionand Other Post Retirement Benefit Plans Current": 11009000000.0,
      "Payables And Accrued Expenses": 22247000000.0,
      "Payables": 22247000000.0,
      "Total Tax Payable": 4152000000.0,
      "Income Tax Payable": 4152000000.0,
      "Accounts Payable": 18095000000.0,
      "Total Assets": 411976000000.0,
      "Total Non Current Assets": 227719000000.0,
      "Other Non Current Assets": 30601000000.0,
      "Financial Assets": 0.0,
      "Investments And Advances": 9879000000.0,
      "Investmentin Financial Assets": 0.0,
      "Available For Sale Securities": null,
      "Long Term Equity Investment": 9879000000.0,
      "Goodwill And Other Intangible Assets": 77252000000.0,
      "Other Intangible Assets": 9366000000.0,
      "Goodwill": 67886000000.0,
      "Net PPE": 109987000000.0,
      "Accumulated Depreciation": -68251000000.0,
      "Gross PPE": 178238000000.0,
      "Leases": 8537000000.0,
      "Other Properties": 14346000000.0,
      "Machinery Furniture Equipment": 81207000000.0,
      "Buildings And Improvements": 68465000000.0,
      "Land And Improvements": 5683000000.0,
      "Properties": 0.0,
      "Current Assets": 184257000000.0,
      "Other Current Assets": 21807000000.0,
      "Hedging Assets Current": 6000000.0,
      "Inventory": 2500000000.0,
      "Finished Goods": 1768000000.0,
      "Work In Process": 23000000.0,
      "Raw Materials": 709000000.0,
      "Receivables": 48688000000.0,
      "Accounts Receivable": 48688000000.0,
      "Allowance For Doubtful Accounts Receivable": -650000000.0,
      "Gross Accounts Receivable": 49338000000.0,
      "Cash Cash Equivalents And Short Term Investments": 111256000000.0,
      "Other Short Term Investments": 76552000000.0,
      "Cash And Cash Equivalents": 34704000000.0,
      "Cash Equivalents": 26226000000.0,
      "Cash Financial": 8478000000.0
    },
    "2022-06-30T00:00:00": {
      "Ordinary Shares Number": 7464000000.0,
      "Share Issued": 7464000000.0,
      "Net Debt": 35850000000.0,
      "Total Debt": 61270000000.0,
      "Tangible Book Value": 87720000000.0,
      "Invested Capital": 216323000000.0,
      "Working Capital": 74602000000.0,
      "Net Tangible Assets": 87720000000.0,
      "Capital Lease Obligations": 11489000000.0,
      "Common Stock Equity": 166542000000.0,
      "Total Capitalization": 213574000000.0,
      "Total Equity Gross Minority Interest": 166542000000.0,
      "Stockholders Equity": 166542000000.0,
      "Gains Losses Not Affecting Retained Earnings": -4678000000.0,
      "Other Equity Adjustments": -4678000000.0,
      "Retained Earnings": 84281000000.0,
      "Capital Stock": 86939000000.0,
      "Common Stock": 86939000000.0,
      "Total Liabilities Net Minority Interest": 198298000000.0,
      "Total Non Current Liabilities Net Minority Interest": 103216000000.0,
      "Other Non Current Liabilities": 15526000000.0,
      "Tradeand Other Payables Non Current": 26069000000.0,
      "Non Current Deferred Liabilities": 3100000000.0,
      "Non Current Deferred Revenue": 2870000000.0,
      "Non Current Deferred Taxes Liabilities": 230000000.0,
      "Long Term Debt And Capital Lease Obligation": 58521000000.0,
      "Long Term Capital Lease Obligation": 11489000000.0,
      "Long Term Debt": 47032000000.0,
      "Current Liabilities": 95082000000.0,
      "Other Current Liabilities": 13067000000.0,
      "Current Deferred Liabilities": 45538000000.0,
      "Current Deferred Revenue": 45538000000.0,
      "Current Debt And Capital Lease Obligation": 2749000000.0,
      "Current Debt": 2749000000.0,
      "Other Current Borrowings": null,
      "Commercial Paper": null,
      "Pensionand Other Post Retirement Benefit Plans Current": 10661000000.0,
      "Payables And Accrued Expenses": 23067000000.0,
      "Payables": 23067000000.0,
      "Total Tax Payable": 4067000000.0,
      "Income Tax Payable": 4067000000.0,
      "Accounts Payable": 19000000000.0,
      "Total Assets": 364840000000.0,
      "Total Non Current Assets": 195156000000.0,
      "Other Non Current Assets": 21897000000.0,
      "Financial Assets": 0.0,
      "Investments And Advances": 6891000000.0,
      "Investmentin Financial Assets": 0.0,
      "Available For Sale Securities": null,
      "Long Term Equity Investment": 6891000000.0,
      "Goodwill And Other Intangible Assets": 78822000000.0,
      "Other Intangible Assets": 11298000000.0,
      "Goodwill": 67524000000.0,
      "Net PPE": 87546000000.0,
      "Accumulated Depreciation": -59660000000.0,
      "Gross PPE": 147206000000.0,
      "Leases": 7819000000.0,
      "Other Properties": 13148000000.0,
      "Machinery Furniture Equipment": 66491000000.0,
      "Buildings And Improvements": 55014000000.0,
      "Land And Improvements": 4734000000.0,
      "Properties": 0.0,
      "Current Assets": 169684000000.0,
      "Other Current Assets": 16924000000.0,
      "Hedging Assets Current": 8000000.0,
      "Inventory": 3742000000.0,
      "Finished Goods": 2516000000.0,
      "Work In Process": 82000000.0,
      "Raw Materials": 1144000000.0,
      "Receivables": 44261000000.0,
      "Accounts Receivable": 44261000000.0,
      "Allowance For Doubtful Accounts Receivable": -633000000.0,
      "Gross Accounts Receivable": 44894000000.0,
      "Cash Cash Equivalents And Short Term Investments": 104749000000.0,
      "Other Short Term Investments": 90818000000.0,
      "Cash And Cash Equivalents": 13931000000.0,
      "Cash Equivalents": 5673000000.0,
      "Cash Financial": 8258000000.0
    },
    "2021-06-30T00:00:00": {
      "Ordinary Shares Number": null,
      "Share Issued": null,
      "Net Debt": null,
      "Total Debt": null,
      "Tangible Book Value": null,
      "Invested Capital": null,
      "Working Capital": null,
      "Net Tangible Assets": null,
      "Capital Lease Obligations": null,
      "Common Stock Equity": null,
      "Total Capitalization": null,
      "Total Equity Gross Minority Interest": null,
      "Stockholders Equity": null,
      "Gains Losses Not Affecting Retained Earnings": null,
      "Other Equity Adjustments": null,
      "Retained Earnings": null,
      "Capital Stock": null,
      "Common Stock": null,
      "Total Liabilities Net Minority Interest": null,
      "Total Non Current Liabilities Net Minority Interest": null,
      "Other Non Current Liabilities": null,
      "Tradeand Other Payables Non Current": null,
      "Non Current Deferred Liabilities": null,
      "Non Current Deferred Revenue": null,
      "Non Current Deferred Taxes Liabilities": null,
      "Long Term Debt And Capital Lease Obligation": null,
      "Long Term Capital Lease Obligation": null,
      "Long Term Debt": null,
      "Current Liabilities": null,
      "Other Current Liabilities": null,
      "Current Deferred Liabilities": null,
      "Current Deferred Revenue": null,
      "Current Debt And Capital Lease Obligation": null,
      "Current Debt": null,
      "Other Current Borrowings": null,
      "Commercial Paper": null,
      "Pensionand Other Post Retirement Benefit Plans Current": null,
      "Payables And Accrued Expenses": null,
      "Payables": null,
      "Total Tax Payable": null,
      "Income Tax Payable": null,
      "Accounts Payable": null,
      "Total Assets": null,
      "Total Non Current Assets": null,
      "Other Non Current Assets": null,
      "Financial Assets": null,
      "Investments And Advances": null,
      "Investmentin Financial Assets": null,
      "Available For Sale Securities": null,
      "Long Term Equity Investment": null,
      "Goodwill And Other Intangible Assets": null,
      "Other Intangible Assets": null,
      "Goodwill": null,
      "Net PPE": null,
      "Accumulated Depreciation": null,
      "Gross PPE": null,
      "Leases": null,
      "Other Properties": null,
      "Machinery Furniture Equipment": null,
      "Buildings And Improvements": null,
      "Land And Improvements": null,
      "Properties": null,
      "Current Assets": null,
      "Other Current Assets": null,
      "Hedging Assets Current": null,
      "Inventory": null,
      "Finished Goods": 1367000000.0,
      "Work In Process": 79000000.0,
      "Raw Materials": 1190000000.0,
      "Receivables": null,
      "Accounts Receivable": null,
      "Allowance For Doubtful Accounts Receivable": null,
      "Gross Accounts Receivable": null,
      "Cash Cash Equivalents And Short Term Investments": null,
      "Other Short Term Investments": null,
      "Cash And Cash Equivalents": null,
      "Cash Equivalents": null,
      "Cash Financial": null
    }
  },
  "cashflow": {
    "2025-06-30T00:00:00": {
      "Free Cash Flow": 71611000000.0,
      "Repurchase Of Capital Stock": -18420000000.0,
      "Repayment Of Debt": -3216000000.0,
      "Issuance Of Debt": 0.0,
      "Issuance Of Capital Stock": 2056000000.0,
      "Capital Expenditure": -64551000000.0,
      "End Cash Position": 30242000000.0,
      "Beginning Cash Position": 18315000000.0,
      "Effect Of Exchange Rate Changes": 63000000.0,
      "Changes In Cash": 11864000000.0,
      "Financing Cash Flow": -51699000000.0,
      "Cash Flow From Continuing Financing Activities": -51699000000.0,
      "Net Other Financing Charges": -2291000000.0,
      "Cash Dividends Paid": -24082000000.0,
      "Common Stock Dividend Paid": -24082000000.0,
      "Net Common Stock Issuance": -16364000000.0,
      "Common Stock Payments": -18420000000.0,
      "Common Stock Issuance": 2056000000.0,
      "Net Issuance Payments Of Debt": -8962000000.0,
      "Net Short Term Debt Issuance": -5746000000.0,
      "Short Term Debt Issuance": null,
      "Net Long Term Debt Issuance": -3216000000.0,
      "Long Term Debt Payments": -3216000000.0,
      "Long Term Debt Issuance": 0.0,
      "Investing Cash Flow": -72599000000.0,
      "Cash Flow From Continuing Investing Activities": -72599000000.0,
      "Net Other Investing Changes": 2317000000.0,
      "Net Investment Purchase And Sale": -4387000000.0,
      "Sale Of Investment": 25388000000.0,
      "Purchase Of Investment": -29775000000.0,
      "Net Business Purchase And Sale": -5978000000.0,
      "Purchase Of Business": -5978000000.0,
      "Net PPE Purchase And Sale": -64551000000.0,
      "Purchase Of PPE": -64551000000.0,
      "Operating Cash Flow": 136162000000.0,
      "Cash Flow From Continuing Operating Activities": 136162000000.0,
      "Change In Working Capital": -5350000000.0,
      "Change In Other Working Capital": 5400000000.0,
      "Change In Other Current Liabilities": 4947000000.0,
      "Change In Other Current Assets": -5994000000.0,
      "Change In Payables And Accrued Expense": 569000000.0,
      "Change In Payable": 569000000.0,
      "Change In Account Payable": 569000000.0,
      "Change In Tax Payable": null,
      "Change In Income Tax Payable": null,
      "Change In Inventory": 309000000.0,
      "Change In Receivables": -10581000000.0,
      "Changes In Account Receivables": -10581000000.0,
      "Stock Based Compensation": 11974000000.0,
      "Unrealized Gain Loss On Investment Securities": -536000000.0,
      "Asset Impairment Charge": 943000000.0,
      "Deferred Tax": -7056000000.0,
      "Deferred Income Tax": -7056000000.0,
      "Depreciation Amortization Depletion": 34153000000.0,
      "Depreciation And Amortization": 34153000000.0,
      "Depreciation": 34153000000.0,
      "Operating Gains Losses": 202000000.0,
      "Gain Loss On Investment Securities": 202000000.0,
      "Net Income From Continuing Operations": 101832000000.0
    },
    "2024-06-30T00:00:00": {
      "Free Cash Flow": 74071000000.0,
      "Repurchase Of Capital Stock": -17254000000.0,
      "Repayment Of Debt": -29070000000.0,
      "Issuance Of Debt": 24395000000.0,
      "Issuance Of Capital Stock": 2002000000.0,
      "Capital Expenditure": -44477000000.0,
      "End Cash Position": 18315000000.0,
      "Beginning Cash Position": 34704000000.0,
      "Effect Of Exchange Rate Changes": -210000000.0,
      "Changes In Cash": -16179000000.0,
      "Financing Cash Flow": -37757000000.0,
      "Cash Flow From Continuing Financing Activities": -37757000000.0,
      "Net Other Financing Charges": -1309000000.0,
      "Cash Dividends Paid": -21771000000.0,
      "Common Stock Dividend Paid": -21771000000.0,
      "Net Common Stock Issuance": -15252000000.0,
      "Common Stock Payments": -17254000000.0,
      "Common Stock Issuance": 2002000000.0,
      "Net Issuance Payments Of Debt": 575000000.0,
      "Net Short Term Debt Issuance": 5250000000.0,
      "Short Term Debt Issuance": 5250000000.0,
      "Net Long Term Debt Issuance": -4675000000.0,
      "Long Term Debt Payments": -29070000000.0,
      "Long Term Debt Issuance": 24395000000.0,
      "Investing Cash Flow": -96970000000.0,
      "Cash Flow From Continuing Investing Activities": -96970000000.0,
      "Net Other Investing Changes": -1298000000.0,
      "Net Investment Purchase And Sale": 17937000000.0,
      "Sale Of Investment": 35669000000.0,
      "Purchase Of Investment": -17732000000.0,
      "Net Business Purchase And Sale": -69132000000.0,
      "Purchase Of Business": -69132000000.0,
      "Net PPE Purchase And Sale": -44477000000.0,
      "Purchase Of PPE": -44477000000.0,
      "Operating Cash Flow": 118548000000.0,
      "Cash Flow From Continuing Operating Activities": 118548000000.0,
      "Change In Working Capital": 1824000000.0,
      "Change In Other Working Capital": 7035000000.0,
      "Change In Other Current Liabilities": 5616000000.0,
      "Change In Other Current Assets": -8465000000.0,
      "Change In Payables And Accrued Expense": 3545000000.0,
      "Change In Payable": 3545000000.0,
      "Change In Account Payable": 3545000000.0,
      "Change In Tax Payable": 1687000000.0,
      "Change In Income Tax Payable": 1687000000.0,
      "Change In Inventory": 1284000000.0,
      "Change In Receivables": -7191000000.0,
      "Changes In Account Receivables": -7191000000.0,
      "Stock Based Compensation": 10734000000.0,
      "Unrealized Gain Loss On Investment Securities": -146000000.0,
      "Asset Impairment Charge": 206000000.0,
      "Deferred Tax": -4738000000.0,
      "Deferred Income Tax": -4738000000.0,
      "Depreciation Amortization Depletion": 22287000000.0,
      "Depreciation And Amortization": 22287000000.0,
      "Depreciation": 22287000000.0,
      "Operating Gains Losses": 245000000.0,
      "Gain Loss On Investment Securities": 245000000.0,
      "Net Income From Continuing Operations": 88136000000.0
    },
    "2023-06-30T00:00:00": {
      "Free Cash Flow": 59475000000.0,
      "Repurchase Of Capital Stock": -22245000000.0,
      "Repayment Of Debt": -2750000000.0,
      "Issuance Of Debt": 0.0,
      "Issuance Of Capital Stock": 1866000000.0,
      "Capital Expenditure": -28107000000.0,
      "End Cash Position": 34704000000.0,
      "Beginning Cash Position": 13931000000.0,
      "Effect Of Exchange Rate Changes": -194000000.0,
      "Changes In Cash": 20967000000.0,
      "Financing Cash Flow": -43935000000.0,
      "Cash Flow From Continuing Financing Activities": -43935000000.0,
      "Net Other Financing Charges": -1006000000.0,
      "Cash Dividends Paid": -19800000000.0,
      "Common Stock Dividend Paid": -19800000000.0,
      "Net Common Stock Issuance": -20379000000.0,
      "Common Stock Payments": -22245000000.0,
      "Common Stock Issuance": 1866000000.0,
      "Net Issuance Payments Of Debt": -2750000000.0,
      "Net Short Term Debt Issuance": 0.0,
      "Short Term Debt Issuance": 0.0,
      "Net Long Term Debt Issuance": -2750000000.0,
      "Long Term Debt Payments": -2750000000.0,
      "Long Term Debt Issuance": 0.0,
      "Investing Cash Flow": -22680000000.0,
      "Cash Flow From Continuing Investing Activities": -22680000000.0,
      "Net Other Investing Changes": -3116000000.0,
      "Net Investment Purchase And Sale": 10213000000.0,
      "Sale Of Investment": 47864000000.0,
      "Purchase Of Investment": -37651000000.0,
      "Net Business Purchase And Sale": -1670000000.0,
      "Purchase Of Business": -1670000000.0,
      "Net PPE Purchase And Sale": -28107000000.0,
      "Purchase Of PPE": -28107000000.0,
      "Operating Cash Flow": 87582000000.0,
      "Cash Flow From Continuing Operating Activities": 87582000000.0,
      "Change In Working Capital": -2388000000.0,
      "Change In Other Working Capital": 5177000000.0,
      "Change In Other Current Liabilities": 2825000000.0,
      "Change In Other Current Assets": -4824000000.0,
      "Change In Payables And Accrued Expense": -2721000000.0,
      "Change In Payable": -2721000000.0,
      "Change In Account Payable": -2721000000.0,
      "Change In Tax Payable": -358000000.0,
      "Change In Income Tax Payable": -358000000.0,
      "Change In Inventory": 1242000000.0,
      "Change In Receivables": -4087000000.0,
      "Changes In Account Receivables": -4087000000.0,
      "Stock Based Compensation": 9611000000.0,
      "Unrealized Gain Loss On Investment Securities": -303000000.0,
      "Asset Impairment Charge": 30000000.0,
      "Deferred Tax": -6059000000.0,
      "Deferred Income Tax": -6059000000.0,
      "Depreciation Amortization Depletion": 13861000000.0,
      "Depreciation And Amortization": 13861000000.0,
      "Depreciation": 13861000000.0,
      "Operating Gains Losses": 469000000.0,
      "Gain Loss On Investment Securities": 469000000.0,
      "Net Income From Continuing Operations": 72361000000.0
    },
    "2022-06-30T00:00:00": {
      "Free Cash Flow": 65149000000.0,
      "Repurchase Of Capital Stock": -32696000000.0,
      "Repayment Of Debt": -9023000000.0,
      "Issuance Of Debt": 0.0,
      "Issuance Of Capital Stock": 1841000000.0,
      "Capital Expenditure": -23886000000.0,
      "End Cash Position": 13931000000.0,
      "Beginning Cash Position": 14224000000.0,
      "Effect Of Exchange Rate Changes": -141000000.0,
      "Changes In Cash": -152000000.0,
      "Financing Cash Flow": -58876000000.0,
      "Cash Flow From Continuing Financing Activities": -58876000000.0,
      "Net Other Financing Charges": -863000000.0,
      "Cash Dividends Paid": -18135000000.0,
      "Common Stock Dividend Paid": -18135000000.0,
      "Net Common Stock Issuance": -30855000000.0,
      "Common Stock Payments": -32696000000.0,
      "Common Stock Issuance": 1841000000.0,
      "Net Issuance Payments Of Debt": -9023000000.0,
      "Net Short Term Debt Issuance": 0.0,
      "Short Term Debt Issuance": 0.0,
      "Net Long Term Debt Issuance": -9023000000.0,
      "Long Term Debt Payments": -9023000000.0,
      "Long Term Debt Issuance": 0.0,
      "Investing Cash Flow": -30311000000.0,
      "Cash Flow From Continuing Investing Activities": -30311000000.0,
      "Net Other Investing Changes": -2825000000.0,
      "Net Investment Purchase And Sale": 18438000000.0,
      "Sale Of Investment": 44894000000.0,
      "Purchase Of Investment": -26456000000.0,
      "Net Business Purchase And Sale": -22038000000.0,
      "Purchase Of Business": -22038000000.0,
      "Net PPE Purchase And Sale": -23886000000.0,
      "Purchase Of PPE": -23886000000.0,
      "Operating Cash Flow": 89035000000.0,
      "Cash Flow From Continuing Operating Activities": 89035000000.0,
      "Change In Working Capital": 446000000.0,
      "Change In Other Working Capital": 5805000000.0,
      "Change In Other Current Liabilities": 3169000000.0,
      "Change In Other Current Assets": -3514000000.0,
      "Change In Payables And Accrued Expense": 2943000000.0,
      "Change In Payable": 2943000000.0,
      "Change In Account Payable": 2943000000.0,
      "Change In Tax Payable": 696000000.0,
      "Change In Income Tax Payable": 696000000.0,
      "Change In Inventory": -1123000000.0,
      "Change In Receivables": -6834000000.0,
      "Changes In Account Receivables": -6834000000.0,
      "Stock Based Compensation": 7502000000.0,
      "Unrealized Gain Loss On Investment Securities": -509000000.0,
      "Asset Impairment Charge": 101000000.0,
      "Deferred Tax": -5702000000.0,
      "Deferred Income Tax": -5702000000.0,
      "Depreciation Amortization Depletion": 14460000000.0,
      "Depreciation And Amortization": 14460000000.0,
      "Depreciation": 14460000000.0,
      "Operating Gains Losses": -1000000.0,
      "Gain Loss On Investment Securities": -1000000.0,
      "Net Income From Continuing Operations": 72738000000.0
    },
    "2021-06-30T00:00:00": {
      "Free Cash Flow": null,
      "Repurchase Of Capital Stock": null,
      "Repayment Of Debt": null,
      "Issuance Of Debt": null,
      "Issuance Of Capital Stock": null,
      "Capital Expenditure": null,
      "End Cash Position": null,
      "Beginning Cash Position": null,
      "Effect Of Exchange Rate Changes": null,
      "Changes In Cash": null,
      "Financing Cash Flow": null,
      "Cash Flow From Continuing Financing Activities": null,
      "Net Other Financing Charges": null,
      "Cash Dividends Paid": null,
      "Common Stock Dividend Paid": null,
      "Net Common Stock Issuance": null,
      "Common Stock Payments": null,
      "Common Stock Issuance": null,
      "Net Issuance Payments Of Debt": null,
      "Net Short Term Debt Issuance": null,
      "Short Term Debt Issuance": null,
      "Net Long Term Debt Issuance": null,
      "Long Term Debt Payments": null,
      "Long Term Debt Issuance": null,
      "Investing Cash Flow": null,
      "Cash Flow From Continuing Investing Activities": null,
      "Net Other Investing Changes": null,
      "Net Investment Purchase And Sale": null,
      "Sale Of Investment": null,
      "Purchase Of Investment": null,
      "Net Business Purchase And Sale": null,
      "Purchase Of Business": null,
      "Net PPE Purchase And Sale": null,
      "Purchase Of PPE": null,
      "Operating Cash Flow": null,
      "Cash Flow From Continuing Operating Activities": null,
      "Change In Working Capital": null,
      "Change In Other Working Capital": null,
      "Change In Other Current Liabilities": null,
      "Change In Other Current Assets": null,
      "Change In Payables And Accrued Expense": null,
      "Change In Payable": null,
      "Change In Account Payable": null,
      "Change In Tax Payable": -2309000000.0,
      "Change In Income Tax Payable": -2309000000.0,
      "Change In Inventory": null,
      "Change In Receivables": null,
      "Changes In Account Receivables": null,
      "Stock Based Compensation": null,
      "Unrealized Gain Loss On Investment Securities": null,
      "Asset Impairment Charge": null,
      "Deferred Tax": null,
      "Deferred Income Tax": null,
      "Depreciation Amortization Depletion": null,
      "Depreciation And Amortization": null,
      "Depreciation": null,
      "Operating Gains Losses": null,
      "Gain Loss On Investment Securities": null,
      "Net Income From Continuing Operations": null
    }
  },
  "earnings_estimate": {
    "avg": {
      "0q": 4.088,
      "+1q": 4.26171,
      "0y": 17.20232,
      "+1y": 19.0179
    },
    "low": {
      "0q": 3.7,
      "+1q": 3.74,
      "0y": 16.47,
      "+1y": 16.61
    },
    "high": {
      "0q": 5.3,
      "+1q": 5.54,
      "0y": 19.71,
      "+1y": 24.31
    },
    "yearAgoEps": {
      "0q": 3.46,
      "+1q": 3.65,
      "0y": 13.64,
      "+1y": 17.20232
    },
    "numberOfAnalysts": {
      "0q": 30,
      "+1q": 30,
      "0y": 31,
      "+1y": 37
    },
    "growth": {
      "0q": 0.1815,
      "+1q": 0.1676,
      "0y": 0.2612,
      "+1y": 0.105500005
    }
  },
  "revenue_estimate": {
    "avg": {
      "0q": 81380910850,
      "+1q": 87659307070,
      "0y": 327830861540,
      "+1y": 378333118460
    },
    "low": {
      "0q": 80683000000,
      "+1q": 84857000000,
      "0y": 320447000000,
      "+1y": 356510000000
    },
    "high": {
      "0q": 82290000000,
      "+1q": 89542000000,
      "0y": 331512052020,
      "+1y": 397525255600
    },
    "numberOfAnalysts": {
      "0q": 40,
      "+1q": 39,
      "0y": 48,
      "+1y": 53
    },
    "yearAgoRevenue": {
      "0q": 70066000000,
      "+1q": 76441000000,
      "0y": 281724000000,
      "+1y": 327830861540
    },
    "growth": {
      "0q": 0.16149999,
      "+1q": 0.1468,
      "0y": 0.16370001,
      "+1y": 0.154
    }
  },
  "growth_estimates": {
    "stockTrend": {
      "0q": 0.1737,
      "+1q": 0.16530001,
      "0y": 0.22639999,
      "+1y": 0.1268,
      "LTG": null
    },
    "indexTrend": {
      "0q": 0.1273,
      "+1q": 0.103599995,
      "0y": 0.14310001,
      "+1y": 0.1557,
      "LTG": 0.122
    }
  },
  "revenue_forecasts": null,
  "dividend_rate": 3.64,
  "trailing_dividend_rate": 3.48
}