{
  "ticker": "MU",
  "name": "Micron Technology",
  "country": "usa",
  "currency": "USD",
  "last_fetched": "2026-02-26T20:45:19.011986",
  "market_cap": 469579333632,
  "revenue": 42311999488,
  "net_income": 11909000192,
  "pe_ratio": 39.696953,
  "forward_pe": 9.364322,
  "dividend_yield": 0.11,
  "profit_margin": 0.28146,
  "roe": 0.22554001,
  "debt_to_equity": 21.244,
  "beta": 1.505,
  "ev_to_ebitda": 21.814,
  "sector": "Technology",
  "industry": "Semiconductors",
  "summary": "Micron Technology, Inc. designs, develops, manufactures, and sells memory and storage products in the United States, Taiwan, Japan, Mainland China, Hong Kong, Europe, and internationally. It operates through the Cloud Memory Business Unit; Core Data Center Business Unit; Mobile and Client Business Unit; and Automotive and Embedded Business Unit segments. The company provides memory products, including dynamic random access memory components and modules, CXL-based memory, LPDDR components and modules, graphics memory, high-bandwidth memory, and data center memory products; multichip packages (MCP) comprising embedded multimedia card-based, universal flash storage-based, and NAND-based MCPs; and technology leadership products that include 1y DRAM and G9 NAND technologies. It also offers storage products, such as data center solid-state drives (SSD), client SSD storage, and auto and industrial SSD storage; managed NAND; NAND flash; NOR flash; and memory cards. In addition, the company provides design tools, including FBGA and part decoders; DRAM power calculators; NAND power calculators; simulation models; chipset compatibility guides; serial presence-detection tools; cross-reference tools; UFSparm; SSD firmware; software and drivers; storage executive software; and obsolete part catalogs. It markets its semiconductor memory and storage products under the Micron and Crucial brands. The company serves the data center, PC, graphics, networking, automotive, industrial, and consumer embedded markets, as well as the smartphone and other mobile-device markets. It sells its products through its direct sales force, independent sales representatives, distributors, and retailers; web-based customer direct sales channel; and channel and distribution partners. Micron Technology, Inc. was founded in 1978 and is headquartered in Boise, Idaho.",
  "website": "https://www.micron.com",
  "employees": 53000,
  "target_high": 523.0,
  "target_low": 196.0,
  "target_mean": 390.89743,
  "target_median": 400.0,
  "recommendation": "buy",
  "num_analysts": 39,
  "income_stmt": {
    "2025-08-31T00:00:00": {
      "Tax Effect Of Unusual Items": -19720000.0,
      "Tax Rate For Calcs": 0.116,
      "Normalized EBITDA": 18653000000.0,
      "Total Unusual Items": -170000000.0,
      "Total Unusual Items Excluding Goodwill": -170000000.0,
      "Net Income From Continuing Operation Net Minority Interest": 8539000000.0,
      "Reconciled Depreciation": 8352000000.0,
      "Reconciled Cost Of Revenue": 22505000000.0,
      "EBITDA": 18483000000.0,
      "EBIT": 10131000000.0,
      "Net Interest Income": 19000000.0,
      "Interest Expense": 477000000.0,
      "Interest Income": 496000000.0,
      "Normalized Income": 8689280000.0,
      "Net Income From Continuing And Discontinued Operation": 8539000000.0,
      "Total Expenses": 27569000000.0,
      "Total Operating Income As Reported": 9770000000.0,
      "Diluted Average Shares": 1125000000.0,
      "Basic Average Shares": 1116000000.0,
      "Diluted EPS": 7.59,
      "Basic EPS": 7.65,
      "Diluted NI Availto Com Stockholders": 8539000000.0,
      "Average Dilution Earnings": null,
      "Net Income Common Stockholders": 8539000000.0,
      "Net Income": 8539000000.0,
      "Minority Interests": null,
      "Net Income Including Noncontrolling Interests": 8539000000.0,
      "Net Income Continuous Operations": 8539000000.0,
      "Earnings From Equity Interest Net Of Tax": 9000000.0,
      "Tax Provision": 1124000000.0,
      "Pretax Income": 9654000000.0,
      "Other Income Expense": -174000000.0,
      "Other Non Operating Income Expenses": -4000000.0,
      "Special Income Charges": -98000000.0,
      "Gain On Sale Of Ppe": null,
      "Other Special Charges": 59000000.0,
      "Write Off": 9000000.0,
      "Impairment Of Capital Assets": 0.0,
      "Restructuring And Mergern Acquisition": 30000000.0,
      "Gain On Sale Of Security": -72000000.0,
      "Net Non Operating Interest Income Expense": 19000000.0,
      "Interest Expense Non Operating": 477000000.0,
      "Interest Income Non Operating": 496000000.0,
      "Operating Income": 9809000000.0,
      "Operating Expense": 5064000000.0,
      "Other Operating Expenses": 61000000.0,
      "Research And Development": 3798000000.0,
      "Selling General And Administration": 1205000000.0,
      "Gross Profit": 14873000000.0,
      "Cost Of Revenue": 22505000000.0,
      "Total Revenue": 37378000000.0,
      "Operating Revenue": 37378000000.0
    },
    "2024-08-31T00:00:00": {
      "Tax Effect Of Unusual Items": -5460000.0,
      "Tax Rate For Calcs": 0.364,
      "Normalized EBITDA": 9597000000.0,
      "Total Unusual Items": -15000000.0,
      "Total Unusual Items Excluding Goodwill": -15000000.0,
      "Net Income From Continuing Operation Net Minority Interest": 778000000.0,
      "Reconciled Depreciation": 7780000000.0,
      "Reconciled Cost Of Revenue": 19498000000.0,
      "EBITDA": 9582000000.0,
      "EBIT": 1802000000.0,
      "Net Interest Income": -33000000.0,
      "Interest Expense": 562000000.0,
      "Interest Income": 529000000.0,
      "Normalized Income": 787540000.0,
      "Net Income From Continuing And Discontinued Operation": 778000000.0,
      "Total Expenses": 23806000000.0,
      "Total Operating Income As Reported": 1304000000.0,
      "Diluted Average Shares": 1118000000.0,
      "Basic Average Shares": 1105000000.0,
      "Diluted EPS": 0.7,
      "Basic EPS": 0.7,
      "Diluted NI Availto Com Stockholders": 778000000.0,
      "Average Dilution Earnings": null,
      "Net Income Common Stockholders": 778000000.0,
      "Net Income": 778000000.0,
      "Minority Interests": null,
      "Net Income Including Noncontrolling Interests": 778000000.0,
      "Net Income Continuous Operations": 778000000.0,
      "Earnings From Equity Interest Net Of Tax": -11000000.0,
      "Tax Provision": 451000000.0,
      "Pretax Income": 1240000000.0,
      "Other Income Expense": -32000000.0,
      "Other Non Operating Income Expenses": -17000000.0,
      "Special Income Charges": -2000000.0,
      "Gain On Sale Of Ppe": 59000000.0,
      "Other Special Charges": null,
      "Write Off": 0.0,
      "Impairment Of Capital Assets": 0.0,
      "Restructuring And Mergern Acquisition": 1000000.0,
      "Gain On Sale Of Security": null,
      "Net Non Operating Interest Income Expense": -33000000.0,
      "Interest Expense Non Operating": 562000000.0,
      "Interest Income Non Operating": 529000000.0,
      "Operating Income": 1305000000.0,
      "Operating Expense": 4308000000.0,
      "Other Operating Expenses": -251000000.0,
      "Research And Development": 3430000000.0,
      "Selling General And Administration": 1129000000.0,
      "Gross Profit": 5613000000.0,
      "Cost Of Revenue": 19498000000.0,
      "Total Revenue": 25111000000.0,
      "Operating Revenue": 25111000000.0
    },
    "2023-08-31T00:00:00": {
      "Tax Effect Of Unusual Items": -69300000.0,
      "Tax Rate For Calcs": 0.21,
      "Normalized EBITDA": 2816000000.0,
      "Total Unusual Items": -330000000.0,
      "Total Unusual Items Excluding Goodwill": -330000000.0,
      "Net Income From Continuing Operation Net Minority Interest": -5833000000.0,
      "Reconciled Depreciation": 7756000000.0,
      "Reconciled Cost Of Revenue": 16956000000.0,
      "EBITDA": 2486000000.0,
      "EBIT": -5270000000.0,
      "Net Interest Income": 80000000.0,
      "Interest Expense": 388000000.0,
      "Interest Income": 468000000.0,
      "Normalized Income": -5572300000.0,
      "Net Income From Continuing And Discontinued Operation": -5833000000.0,
      "Total Expenses": 20945000000.0,
      "Total Operating Income As Reported": -5745000000.0,
      "Diluted Average Shares": 1093000000.0,
      "Basic Average Shares": 1093000000.0,
      "Diluted EPS": -5.34,
      "Basic EPS": -5.34,
      "Diluted NI Availto Com Stockholders": -5833000000.0,
      "Average Dilution Earnings": null,
      "Net Income Common Stockholders": -5833000000.0,
      "Net Income": -5833000000.0,
      "Minority Interests": null,
      "Net Income Including Noncontrolling Interests": -5833000000.0,
      "Net Income Continuous Operations": -5833000000.0,
      "Earnings From Equity Interest Net Of Tax": 2000000.0,
      "Tax Provision": 177000000.0,
      "Pretax Income": -5658000000.0,
      "Other Income Expense": -333000000.0,
      "Other Non Operating Income Expenses": -3000000.0,
      "Special Income Charges": -340000000.0,
      "Gain On Sale Of Ppe": 54000000.0,
      "Other Special Charges": 68000000.0,
      "Write Off": 14000000.0,
      "Impairment Of Capital Assets": 101000000.0,
      "Restructuring And Mergern Acquisition": 157000000.0,
      "Gain On Sale Of Security": 10000000.0,
      "Net Non Operating Interest Income Expense": 80000000.0,
      "Interest Expense Non Operating": 388000000.0,
      "Interest Income Non Operating": 468000000.0,
      "Operating Income": -5405000000.0,
      "Operating Expense": 3989000000.0,
      "Other Operating Expenses": -45000000.0,
      "Research And Development": 3114000000.0,
      "Selling General And Administration": 920000000.0,
      "Gross Profit": -1416000000.0,
      "Cost Of Revenue": 16956000000.0,
      "Total Revenue": 15540000000.0,
      "Operating Revenue": 15540000000.0
    },
    "2022-08-31T00:00:00": {
      "Tax Effect Of Unusual Items": -5952000.0,
      "Tax Rate For Calcs": 0.093,
      "Normalized EBITDA": 16940000000.0,
      "Total Unusual Items": -64000000.0,
      "Total Unusual Items Excluding Goodwill": -64000000.0,
      "Net Income From Continuing Operation Net Minority Interest": 8687000000.0,
      "Reconciled Depreciation": 7116000000.0,
      "Reconciled Cost Of Revenue": 16860000000.0,
      "EBITDA": 16876000000.0,
      "EBIT": 9760000000.0,
      "Net Interest Income": -93000000.0,
      "Interest Expense": 189000000.0,
      "Interest Income": 96000000.0,
      "Normalized Income": 8745048000.0,
      "Net Income From Continuing And Discontinued Operation": 8687000000.0,
      "Total Expenses": 21049000000.0,
      "Total Operating Income As Reported": 9702000000.0,
      "Diluted Average Shares": 1122000000.0,
      "Basic Average Shares": 1112000000.0,
      "Diluted EPS": 7.75,
      "Basic EPS": 7.81,
      "Diluted NI Availto Com Stockholders": 8687000000.0,
      "Average Dilution Earnings": 0.0,
      "Net Income Common Stockholders": 8687000000.0,
      "Net Income": 8687000000.0,
      "Minority Interests": 0.0,
      "Net Income Including Noncontrolling Interests": 8687000000.0,
      "Net Income Continuous Operations": 8687000000.0,
      "Earnings From Equity Interest Net Of Tax": 4000000.0,
      "Tax Provision": 888000000.0,
      "Pretax Income": 9571000000.0,
      "Other Income Expense": -45000000.0,
      "Other Non Operating Income Expenses": 19000000.0,
      "Special Income Charges": -90000000.0,
      "Gain On Sale Of Ppe": 41000000.0,
      "Other Special Charges": 83000000.0,
      "Write Off": 63000000.0,
      "Impairment Of Capital Assets": 0.0,
      "Restructuring And Mergern Acquisition": -15000000.0,
      "Gain On Sale Of Security": 26000000.0,
      "Net Non Operating Interest Income Expense": -93000000.0,
      "Interest Expense Non Operating": 189000000.0,
      "Interest Income Non Operating": 96000000.0,
      "Operating Income": 9709000000.0,
      "Operating Expense": 4189000000.0,
      "Other Operating Expenses": 7000000.0,
      "Research And Development": 3116000000.0,
      "Selling General And Administration": 1066000000.0,
      "Gross Profit": 13898000000.0,
      "Cost Of Revenue": 16860000000.0,
      "Total Revenue": 30758000000.0,
      "Operating Revenue": 30758000000.0
    },
    "2021-08-31T00:00:00": {
      "Tax Effect Of Unusual Items": null,
      "Tax Rate For Calcs": null,
      "Normalized EBITDA": null,
      "Total Unusual Items": null,
      "Total Unusual Items Excluding Goodwill": null,
      "Net Income From Continuing Operation Net Minority Interest": null,
      "Reconciled Depreciation": null,
      "Reconciled Cost Of Revenue": null,
      "EBITDA": null,
      "EBIT": null,
      "Net Interest Income": null,
      "Interest Expense": null,
      "Interest Income": null,
      "Normalized Income": null,
      "Net Income From Continuing And Discontinued Operation": null,
      "Total Expenses": null,
      "Total Operating Income As Reported": null,
      "Diluted Average Shares": null,
      "Basic Average Shares": null,
      "Diluted EPS": null,
      "Basic EPS": null,
      "Diluted NI Availto Com Stockholders": null,
      "Average Dilution Earnings": 0.0,
      "Net Income Common Stockholders": null,
      "Net Income": null,
      "Minority Interests": 0.0,
      "Net Income Including Noncontrolling Interests": null,
      "Net Income Continuous Operations": null,
      "Earnings From Equity Interest Net Of Tax": null,
      "Tax Provision": null,
      "Pretax Income": null,
      "Other Income Expense": null,
      "Other Non Operating Income Expenses": null,
      "Special Income Charges": null,
      "Gain On Sale Of Ppe": 24000000.0,
      "Other Special Charges": 1000000.0,
      "Write Off": null,
      "Impairment Of Capital Assets": null,
      "Restructuring And Mergern Acquisition": null,
      "Gain On Sale Of Security": 82000000.0,
      "Net Non Operating Interest Income Expense": null,
      "Interest Expense Non Operating": null,
      "Interest Income Non Operating": null,
      "Operating Income": null,
      "Operating Expense": null,
      "Other Operating Expenses": null,
      "Research And Development": null,
      "Selling General And Administration": null,
      "Gross Profit": null,
      "Cost Of Revenue": null,
      "Total Revenue": null,
      "Operating Revenue": null
    }
  },
  "quarterly_income": {
    "2025-11-30T00:00:00": {
      "Tax Effect Of Unusual Items": 0.0,
      "Tax Rate For Calcs": 0.137,
      "Normalized EBITDA": 8347000000.0,
      "Total Unusual Items": null,
      "Total Unusual Items Excluding Goodwill": null,
      "Net Income From Continuing Operation Net Minority Interest": 5240000000.0,
      "Reconciled Depreciation": 2212000000.0,
      "Reconciled Cost Of Revenue": 5997000000.0,
      "EBITDA": 8347000000.0,
      "EBIT": 6135000000.0,
      "Net Interest Income": 65000000.0,
      "Interest Expense": 74000000.0,
      "Interest Income": 139000000.0,
      "Normalized Income": 5240000000.0,
      "Net Income From Continuing And Discontinued Operation": 5240000000.0,
      "Total Expenses": 7507000000.0,
      "Total Operating Income As Reported": 6136000000.0,
      "Diluted Average Shares": 1138000000.0,
      "Basic Average Shares": 1125000000.0,
      "Diluted EPS": 4.6,
      "Basic EPS": 4.66,
      "Diluted NI Availto Com Stockholders": 5240000000.0,
      "Net Income Common Stockholders": 5240000000.0,
      "Net Income": 5240000000.0,
      "Net Income Including Noncontrolling Interests": 5240000000.0,
      "Net Income Continuous Operations": 5240000000.0,
      "Earnings From Equity Interest Net Of Tax": 8000000.0,
      "Tax Provision": 829000000.0,
      "Pretax Income": 6061000000.0,
      "Other Income Expense": -140000000.0,
      "Other Non Operating Income Expenses": -140000000.0,
      "Special Income Charges": null,
      "Gain On Sale Of Ppe": null,
      "Write Off": null,
      "Restructuring And Mergern Acquisition": null,
      "Net Non Operating Interest Income Expense": 65000000.0,
      "Interest Expense Non Operating": 74000000.0,
      "Interest Income Non Operating": 139000000.0,
      "Operating Income": 6136000000.0,
      "Operating Expense": 1510000000.0,
      "Other Operating Expenses": 2000000.0,
      "Research And Development": 1171000000.0,
      "Selling General And Administration": 337000000.0,
      "Gross Profit": 7646000000.0,
      "Cost Of Revenue": 5997000000.0,
      "Total Revenue": 13643000000.0,
      "Operating Revenue": 13643000000.0
    },
    "2025-08-31T00:00:00": {
      "Tax Effect Of Unusual Items": 0.0,
      "Tax Rate For Calcs": 0.118149,
      "Normalized EBITDA": 5904000000.0,
      "Total Unusual Items": null,
      "Total Unusual Items Excluding Goodwill": null,
      "Net Income From Continuing Operation Net Minority Interest": 3201000000.0,
      "Reconciled Depreciation": 2149000000.0,
      "Reconciled Cost Of Revenue": 6261000000.0,
      "EBITDA": 5904000000.0,
      "EBIT": 3755000000.0,
      "Net Interest Income": 22000000.0,
      "Interest Expense": 124000000.0,
      "Interest Income": 146000000.0,
      "Normalized Income": 3201000000.0,
      "Net Income From Continuing And Discontinued Operation": 3201000000.0,
      "Total Expenses": 7622000000.0,
      "Total Operating Income As Reported": 3654000000.0,
      "Diluted Average Shares": 1131000000.0,
      "Basic Average Shares": 1120000000.0,
      "Diluted EPS": 2.83,
      "Basic EPS": 2.86,
      "Diluted NI Availto Com Stockholders": 3201000000.0,
      "Net Income Common Stockholders": 3201000000.0,
      "Net Income": 3201000000.0,
      "Net Income Including Noncontrolling Interests": 3201000000.0,
      "Net Income Continuous Operations": 3201000000.0,
      "Earnings From Equity Interest Net Of Tax": -1000000.0,
      "Tax Provision": 429000000.0,
      "Pretax Income": 3631000000.0,
      "Other Income Expense": -84000000.0,
      "Other Non Operating Income Expenses": 86000000.0,
      "Special Income Charges": null,
      "Gain On Sale Of Ppe": null,
      "Write Off": null,
      "Restructuring And Mergern Acquisition": null,
      "Net Non Operating Interest Income Expense": 22000000.0,
      "Interest Expense Non Operating": 124000000.0,
      "Interest Income Non Operating": 146000000.0,
      "Operating Income": 3693000000.0,
      "Operating Expense": 1361000000.0,
      "Other Operating Expenses": 0.0,
      "Research And Development": 1047000000.0,
      "Selling General And Administration": 314000000.0,
      "Gross Profit": 5054000000.0,
      "Cost Of Revenue": 6261000000.0,
      "Total Revenue": 11315000000.0,
      "Operating Revenue": 11315000000.0
    },
    "2025-05-31T00:00:00": {
      "Tax Effect Of Unusual Items": 0.0,
      "Tax Rate For Calcs": 0.111,
      "Normalized EBITDA": 4330000000.0,
      "Total Unusual Items": null,
      "Total Unusual Items Excluding Goodwill": null,
      "Net Income From Continuing Operation Net Minority Interest": 1885000000.0,
      "Reconciled Depreciation": 2094000000.0,
      "Reconciled Cost Of Revenue": 5793000000.0,
      "EBITDA": 4330000000.0,
      "EBIT": 2236000000.0,
      "Net Interest Income": 12000000.0,
      "Interest Expense": 123000000.0,
      "Interest Income": 135000000.0,
      "Normalized Income": 1885000000.0,
      "Net Income From Continuing And Discontinued Operation": 1885000000.0,
      "Total Expenses": 7132000000.0,
      "Total Operating Income As Reported": 2169000000.0,
      "Diluted Average Shares": 1125000000.0,
      "Basic Average Shares": 1118000000.0,
      "Diluted EPS": 1.68,
      "Basic EPS": 1.69,
      "Diluted NI Availto Com Stockholders": 1885000000.0,
      "Net Income Common Stockholders": 1885000000.0,
      "Net Income": 1885000000.0,
      "Net Income Including Noncontrolling Interests": 1885000000.0,
      "Net Income Continuous Operations": 1885000000.0,
      "Earnings From Equity Interest Net Of Tax": 7000000.0,
      "Tax Provision": 235000000.0,
      "Pretax Income": 2113000000.0,
      "Other Income Expense": -68000000.0,
      "Other Non Operating Income Expenses": -68000000.0,
      "Special Income Charges": null,
      "Gain On Sale Of Ppe": null,
      "Write Off": null,
      "Restructuring And Mergern Acquisition": null,
      "Net Non Operating Interest Income Expense": 12000000.0,
      "Interest Expense Non Operating": 123000000.0,
      "Interest Income Non Operating": 135000000.0,
      "Operating Income": 2169000000.0,
      "Operating Expense": 1339000000.0,
      "Other Operating Expenses": 56000000.0,
      "Research And Development": 965000000.0,
      "Selling General And Administration": 318000000.0,
      "Gross Profit": 3508000000.0,
      "Cost Of Revenue": 5793000000.0,
      "Total Revenue": 9301000000.0,
      "Operating Revenue": 9301000000.0
    },
    "2025-02-28T00:00:00": {
      "Tax Effect Of Unusual Items": 0.0,
      "Tax Rate For Calcs": 0.101,
      "Normalized EBITDA": 3949000000.0,
      "Total Unusual Items": null,
      "Total Unusual Items Excluding Goodwill": null,
      "Net Income From Continuing Operation Net Minority Interest": 1583000000.0,
      "Reconciled Depreciation": 2079000000.0,
      "Reconciled Cost Of Revenue": 5090000000.0,
      "EBITDA": 3949000000.0,
      "EBIT": 1870000000.0,
      "Net Interest Income": -4000000.0,
      "Interest Expense": 112000000.0,
      "Interest Income": 108000000.0,
      "Normalized Income": 1583000000.0,
      "Net Income From Continuing And Discontinued Operation": 1583000000.0,
      "Total Expenses": 6280000000.0,
      "Total Operating Income As Reported": 1773000000.0,
      "Diluted Average Shares": 1123000000.0,
      "Basic Average Shares": 1115000000.0,
      "Diluted EPS": 1.41,
      "Basic EPS": 1.42,
      "Diluted NI Availto Com Stockholders": 1583000000.0,
      "Net Income Common Stockholders": 1583000000.0,
      "Net Income": 1583000000.0,
      "Net Income Including Noncontrolling Interests": 1583000000.0,
      "Net Income Continuous Operations": 1583000000.0,
      "Earnings From Equity Interest Net Of Tax": 2000000.0,
      "Tax Provision": 177000000.0,
      "Pretax Income": 1758000000.0,
      "Other Income Expense": -11000000.0,
      "Other Non Operating Income Expenses": -11000000.0,
      "Special Income Charges": null,
      "Gain On Sale Of Ppe": null,
      "Write Off": null,
      "Restructuring And Mergern Acquisition": null,
      "Net Non Operating Interest Income Expense": -4000000.0,
      "Interest Expense Non Operating": 112000000.0,
      "Interest Income Non Operating": 108000000.0,
      "Operating Income": 1773000000.0,
      "Operating Expense": 1190000000.0,
      "Other Operating Expenses": 7000000.0,
      "Research And Development": 898000000.0,
      "Selling General And Administration": 285000000.0,
      "Gross Profit": 2963000000.0,
      "Cost Of Revenue": 5090000000.0,
      "Total Revenue": 8053000000.0,
      "Operating Revenue": 8053000000.0
    },
    "2024-11-30T00:00:00": {
      "Tax Effect Of Unusual Items": 0.0,
      "Tax Rate For Calcs": 0.132,
      "Normalized EBITDA": 4300000000.0,
      "Total Unusual Items": null,
      "Total Unusual Items Excluding Goodwill": null,
      "Net Income From Continuing Operation Net Minority Interest": 1870000000.0,
      "Reconciled Depreciation": 2030000000.0,
      "Reconciled Cost Of Revenue": 5361000000.0,
      "EBITDA": 4300000000.0,
      "EBIT": 2270000000.0,
      "Net Interest Income": -11000000.0,
      "Interest Expense": 118000000.0,
      "Interest Income": 107000000.0,
      "Normalized Income": 1870000000.0,
      "Net Income From Continuing And Discontinued Operation": 1870000000.0,
      "Total Expenses": 6535000000.0,
      "Total Operating Income As Reported": 2174000000.0,
      "Diluted Average Shares": 1122000000.0,
      "Basic Average Shares": 1111000000.0,
      "Diluted EPS": 1.67,
      "Basic EPS": 1.68,
      "Diluted NI Availto Com Stockholders": 1870000000.0,
      "Net Income Common Stockholders": 1870000000.0,
      "Net Income": 1870000000.0,
      "Net Income Including Noncontrolling Interests": 1870000000.0,
      "Net Income Continuous Operations": 1870000000.0,
      "Earnings From Equity Interest Net Of Tax": 1000000.0,
      "Tax Provision": 283000000.0,
      "Pretax Income": 2152000000.0,
      "Other Income Expense": -11000000.0,
      "Other Non Operating Income Expenses": -11000000.0,
      "Special Income Charges": null,
      "Gain On Sale Of Ppe": null,
      "Write Off": null,
      "Restructuring And Mergern Acquisition": null,
      "Net Non Operating Interest Income Expense": -11000000.0,
      "Interest Expense Non Operating": 118000000.0,
      "Interest Income Non Operating": 107000000.0,
      "Operating Income": 2174000000.0,
      "Operating Expense": 1174000000.0,
      "Other Operating Expenses": -2000000.0,
      "Research And Development": 888000000.0,
      "Selling General And Administration": 288000000.0,
      "Gross Profit": 3348000000.0,
      "Cost Of Revenue": 5361000000.0,
      "Total Revenue": 8709000000.0,
      "Operating Revenue": 8709000000.0
    },
    "2024-08-31T00:00:00": {
      "Tax Effect Of Unusual Items": null,
      "Tax Rate For Calcs": null,
      "Normalized EBITDA": null,
      "Total Unusual Items": -5000000.0,
      "Total Unusual Items Excluding Goodwill": -5000000.0,
      "Net Income From Continuing Operation Net Minority Interest": null,
      "Reconciled Depreciation": null,
      "Reconciled Cost Of Revenue": null,
      "EBITDA": null,
      "EBIT": null,
      "Net Interest Income": null,
      "Interest Expense": null,
      "Interest Income": null,
      "Normalized Income": null,
      "Net Income From Continuing And Discontinued Operation": null,
      "Total Expenses": null,
      "Total Operating Income As Reported": null,
      "Diluted Average Shares": null,
      "Basic Average Shares": null,
      "Diluted EPS": null,
      "Basic EPS": null,
      "Diluted NI Availto Com Stockholders": null,
      "Net Income Common Stockholders": null,
      "Net Income": null,
      "Net Income Including Noncontrolling Interests": null,
      "Net Income Continuous Operations": null,
      "Earnings From Equity Interest Net Of Tax": null,
      "Tax Provision": null,
      "Pretax Income": null,
      "Other Income Expense": null,
      "Other Non Operating Income Expenses": null,
      "Special Income Charges": -5000000.0,
      "Gain On Sale Of Ppe": -4000000.0,
      "Write Off": 0.0,
      "Restructuring And Mergern Acquisition": 1000000.0,
      "Net Non Operating Interest Income Expense": null,
      "Interest Expense Non Operating": null,
      "Interest Income Non Operating": null,
      "Operating Income": null,
      "Operating Expense": null,
      "Other Operating Expenses": null,
      "Research And Development": null,
      "Selling General And Administration": null,
      "Gross Profit": null,
      "Cost Of Revenue": null,
      "Total Revenue": null,
      "Operating Revenue": null
    },
    "2024-05-31T00:00:00": {
      "Tax Effect Of Unusual Items": null,
      "Tax Rate For Calcs": null,
      "Normalized EBITDA": null,
      "Total Unusual Items": 38000000.0,
      "Total Unusual Items Excluding Goodwill": 38000000.0,
      "Net Income From Continuing Operation Net Minority Interest": null,
      "Reconciled Depreciation": null,
      "Reconciled Cost Of Revenue": null,
      "EBITDA": null,
      "EBIT": null,
      "Net Interest Income": null,
      "Interest Expense": null,
      "Interest Income": null,
      "Normalized Income": null,
      "Net Income From Continuing And Discontinued Operation": null,
      "Total Expenses": null,
      "Total Operating Income As Reported": null,
      "Diluted Average Shares": null,
      "Basic Average Shares": null,
      "Diluted EPS": null,
      "Basic EPS": null,
      "Diluted NI Availto Com Stockholders": null,
      "Net Income Common Stockholders": null,
      "Net Income": null,
      "Net Income Including Noncontrolling Interests": null,
      "Net Income Continuous Operations": null,
      "Earnings From Equity Interest Net Of Tax": null,
      "Tax Provision": null,
      "Pretax Income": null,
      "Other Income Expense": null,
      "Other Non Operating Income Expenses": null,
      "Special Income Charges": 38000000.0,
      "Gain On Sale Of Ppe": 38000000.0,
      "Write Off": 0.0,
      "Restructuring And Mergern Acquisition": 0.0,
      "Net Non Operating Interest Income Expense": null,
      "Interest Expense Non Operating": null,
      "Interest Income Non Operating": null,
      "Operating Income": null,
      "Operating Expense": null,
      "Other Operating Expenses": null,
      "Research And Development": null,
      "Selling General And Administration": null,
      "Gross Profit": null,
      "Cost Of Revenue": null,
      "Total Revenue": null,
      "Operating Revenue": null
    }
  },
  "balance_sheet": {
    "2025-08-31T00:00:00": {
      "Treasury Shares Number": 144000000.0,
      "Ordinary Shares Number": 1122000000.0,
      "Share Issued": 1266000000.0,
      "Net Debt": 1891000000.0,
      "Total Debt": 15278000000.0,
      "Tangible Book Value": 52562000000.0,
      "Invested Capital": 65698000000.0,
      "Working Capital": 17387000000.0,
      "Net Tangible Assets": 52562000000.0,
      "Capital Lease Obligations": 3745000000.0,
      "Common Stock Equity": 54165000000.0,
      "Total Capitalization": 65698000000.0,
      "Total Equity Gross Minority Interest": 54165000000.0,
      "Stockholders Equity": 54165000000.0,
      "Gains Losses Not Affecting Retained Earnings": -32000000.0,
      "Other Equity Adjustments": -32000000.0,
      "Treasury Stock": 7852000000.0,
      "Retained Earnings": 48583000000.0,
      "Additional Paid In Capital": 13339000000.0,
      "Capital Stock": 127000000.0,
      "Common Stock": 127000000.0,
      "Total Liabilities Net Minority Interest": 28633000000.0,
      "Total Non Current Liabilities Net Minority Interest": 17179000000.0,
      "Other Non Current Liabilities": 1443000000.0,
      "Non Current Deferred Liabilities": 1018000000.0,
      "Non Current Deferred Revenue": 1018000000.0,
      "Long Term Debt And Capital Lease Obligation": 14718000000.0,
      "Long Term Capital Lease Obligation": 3185000000.0,
      "Long Term Debt": 11533000000.0,
      "Current Liabilities": 11454000000.0,
      "Other Current Liabilities": 1245000000.0,
      "Current Debt And Capital Lease Obligation": 560000000.0,
      "Current Capital Lease Obligation": 560000000.0,
      "Current Debt": null,
      "Other Current Borrowings": null,
      "Current Notes Payable": null,
      "Payables And Accrued Expenses": 9649000000.0,
      "Current Accrued Expenses": 1498000000.0,
      "Payables": 8151000000.0,
      "Other Payable": 4391000000.0,
      "Total Tax Payable": 628000000.0,
      "Accounts Payable": 3132000000.0,
      "Total Assets": 82798000000.0,
      "Total Non Current Assets": 53957000000.0,
      "Other Non Current Assets": 2783000000.0,
      "Non Current Deferred Assets": 616000000.0,
      "Non Current Deferred Taxes Assets": 616000000.0,
      "Investments And Advances": 1629000000.0,
      "Investmentin Financial Assets": 1629000000.0,
      "Available For Sale Securities": 1629000000.0,
      "Goodwill And Other Intangible Assets": 1603000000.0,
      "Other Intangible Assets": 453000000.0,
      "Goodwill": 1150000000.0,
      "Net PPE": 47326000000.0,
      "Accumulated Depreciation": -63106000000.0,
      "Gross PPE": 110432000000.0,
      "Construction In Progress": 5518000000.0,
      "Other Properties": 80670000000.0,
      "Machinery Furniture Equipment": 1651000000.0,
      "Buildings And Improvements": 22173000000.0,
      "Land And Improvements": 420000000.0,
      "Properties": 0.0,
      "Current Assets": 28841000000.0,
      "Other Current Assets": 914000000.0,
      "Assets Held For Sale Current": null,
      "Inventory": 8355000000.0,
      "Finished Goods": 1094000000.0,
      "Work In Process": 6401000000.0,
      "Raw Materials": 860000000.0,
      "Receivables": 9265000000.0,
      "Other Receivables": 1666000000.0,
      "Taxes Receivable": 436000000.0,
      "Accounts Receivable": 7163000000.0,
      "Cash Cash Equivalents And Short Term Investments": 10307000000.0,
      "Other Short Term Investments": 665000000.0,
      "Cash And Cash Equivalents": 9642000000.0,
      "Cash Equivalents": 1767000000.0,
      "Cash Financial": 7875000000.0
    },
    "2024-08-31T00:00:00": {
      "Treasury Shares Number": 144000000.0,
      "Ordinary Shares Number": 1108841326.0,
      "Share Issued": 1252841326.0,
      "Net Debt": 4302000000.0,
      "Total Debt": 14007000000.0,
      "Tangible Book Value": 43565000000.0,
      "Invested Capital": 56474000000.0,
      "Working Capital": 15124000000.0,
      "Net Tangible Assets": 43565000000.0,
      "Capital Lease Obligations": 2664000000.0,
      "Common Stock Equity": 45131000000.0,
      "Total Capitalization": 56368000000.0,
      "Total Equity Gross Minority Interest": 45131000000.0,
      "Stockholders Equity": 45131000000.0,
      "Gains Losses Not Affecting Retained Earnings": -134000000.0,
      "Other Equity Adjustments": -134000000.0,
      "Treasury Stock": 7852000000.0,
      "Retained Earnings": 40877000000.0,
      "Additional Paid In Capital": 12115000000.0,
      "Capital Stock": 125000000.0,
      "Common Stock": 125000000.0,
      "Total Liabilities Net Minority Interest": 24285000000.0,
      "Total Non Current Liabilities Net Minority Interest": 15037000000.0,
      "Other Non Current Liabilities": 911000000.0,
      "Non Current Deferred Liabilities": 550000000.0,
      "Non Current Deferred Revenue": 550000000.0,
      "Long Term Debt And Capital Lease Obligation": 13576000000.0,
      "Long Term Capital Lease Obligation": 2339000000.0,
      "Long Term Debt": 11237000000.0,
      "Current Liabilities": 9248000000.0,
      "Other Current Liabilities": 1518000000.0,
      "Current Debt And Capital Lease Obligation": 431000000.0,
      "Current Capital Lease Obligation": 325000000.0,
      "Current Debt": 106000000.0,
      "Other Current Borrowings": 106000000.0,
      "Current Notes Payable": null,
      "Payables And Accrued Expenses": 7299000000.0,
      "Current Accrued Expenses": 1430000000.0,
      "Payables": 5869000000.0,
      "Other Payable": 2925000000.0,
      "Total Tax Payable": 218000000.0,
      "Accounts Payable": 2726000000.0,
      "Total Assets": 69416000000.0,
      "Total Non Current Assets": 45044000000.0,
      "Other Non Current Assets": 1518000000.0,
      "Non Current Deferred Assets": 520000000.0,
      "Non Current Deferred Taxes Assets": 520000000.0,
      "Investments And Advances": 1046000000.0,
      "Investmentin Financial Assets": 1046000000.0,
      "Available For Sale Securities": 1046000000.0,
      "Goodwill And Other Intangible Assets": 1566000000.0,
      "Other Intangible Assets": 416000000.0,
      "Goodwill": 1150000000.0,
      "Net PPE": 40394000000.0,
      "Accumulated Depreciation": -56298000000.0,
      "Gross PPE": 96692000000.0,
      "Construction In Progress": 3444000000.0,
      "Other Properties": 71458000000.0,
      "Machinery Furniture Equipment": 1365000000.0,
      "Buildings And Improvements": 20141000000.0,
      "Land And Improvements": 284000000.0,
      "Properties": 0.0,
      "Current Assets": 24372000000.0,
      "Other Current Assets": 776000000.0,
      "Assets Held For Sale Current": null,
      "Inventory": 8875000000.0,
      "Finished Goods": 1308000000.0,
      "Work In Process": 6774000000.0,
      "Raw Materials": 793000000.0,
      "Receivables": 6615000000.0,
      "Other Receivables": 928000000.0,
      "Taxes Receivable": 268000000.0,
      "Accounts Receivable": 5419000000.0,
      "Cash Cash Equivalents And Short Term Investments": 8106000000.0,
      "Other Short Term Investments": 1065000000.0,
      "Cash And Cash Equivalents": 7041000000.0,
      "Cash Equivalents": 387000000.0,
      "Cash Financial": 6654000000.0
    },
    "2023-08-31T00:00:00": {
      "Treasury Shares Number": 141000000.0,
      "Ordinary Shares Number": 1098000000.0,
      "Share Issued": 1239000000.0,
      "Net Debt": 3472000000.0,
      "Total Debt": 13933000000.0,
      "Tangible Book Value": 42566000000.0,
      "Invested Capital": 56169000000.0,
      "Working Capital": 16479000000.0,
      "Net Tangible Assets": 42566000000.0,
      "Capital Lease Obligations": 1884000000.0,
      "Common Stock Equity": 44120000000.0,
      "Total Capitalization": 56063000000.0,
      "Total Equity Gross Minority Interest": 44120000000.0,
      "Stockholders Equity": 44120000000.0,
      "Gains Losses Not Affecting Retained Earnings": -312000000.0,
      "Other Equity Adjustments": -312000000.0,
      "Treasury Stock": 7552000000.0,
      "Retained Earnings": 40824000000.0,
      "Additional Paid In Capital": 11036000000.0,
      "Capital Stock": 124000000.0,
      "Common Stock": 124000000.0,
      "Total Liabilities Net Minority Interest": 20134000000.0,
      "Total Non Current Liabilities Net Minority Interest": 15369000000.0,
      "Other Non Current Liabilities": 987000000.0,
      "Non Current Deferred Liabilities": 727000000.0,
      "Non Current Deferred Revenue": 727000000.0,
      "Long Term Debt And Capital Lease Obligation": 13655000000.0,
      "Long Term Capital Lease Obligation": 1712000000.0,
      "Long Term Debt": 11943000000.0,
      "Current Liabilities": 4765000000.0,
      "Other Current Liabilities": 529000000.0,
      "Current Debt And Capital Lease Obligation": 278000000.0,
      "Current Capital Lease Obligation": 172000000.0,
      "Current Debt": 106000000.0,
      "Other Current Borrowings": 106000000.0,
      "Current Notes Payable": null,
      "Payables And Accrued Expenses": 3958000000.0,
      "Current Accrued Expenses": 747000000.0,
      "Payables": 3211000000.0,
      "Other Payable": 1419000000.0,
      "Total Tax Payable": 67000000.0,
      "Accounts Payable": 1725000000.0,
      "Total Assets": 64254000000.0,
      "Total Non Current Assets": 43010000000.0,
      "Other Non Current Assets": 1262000000.0,
      "Non Current Deferred Assets": 756000000.0,
      "Non Current Deferred Taxes Assets": 756000000.0,
      "Investments And Advances": 844000000.0,
      "Investmentin Financial Assets": 844000000.0,
      "Available For Sale Securities": 844000000.0,
      "Goodwill And Other Intangible Assets": 1554000000.0,
      "Other Intangible Assets": 404000000.0,
      "Goodwill": 1150000000.0,
      "Net PPE": 38594000000.0,
      "Accumulated Depreciation": -49657000000.0,
      "Gross PPE": 88251000000.0,
      "Construction In Progress": 2464000000.0,
      "Other Properties": 66221000000.0,
      "Machinery Furniture Equipment": 1316000000.0,
      "Buildings And Improvements": 17967000000.0,
      "Land And Improvements": 283000000.0,
      "Properties": 0.0,
      "Current Assets": 21244000000.0,
      "Other Current Assets": 820000000.0,
      "Assets Held For Sale Current": null,
      "Inventory": 8387000000.0,
      "Finished Goods": 1616000000.0,
      "Work In Process": 6111000000.0,
      "Raw Materials": 660000000.0,
      "Receivables": 2443000000.0,
      "Other Receivables": 201000000.0,
      "Taxes Receivable": 194000000.0,
      "Accounts Receivable": 2048000000.0,
      "Cash Cash Equivalents And Short Term Investments": 9594000000.0,
      "Other Short Term Investments": 1017000000.0,
      "Cash And Cash Equivalents": 8577000000.0,
      "Cash Equivalents": 2806000000.0,
      "Cash Financial": 5771000000.0
    },
    "2022-08-31T00:00:00": {
      "Treasury Shares Number": 132000000.0,
      "Ordinary Shares Number": 1094000000.0,
      "Share Issued": 1226000000.0,
      "Net Debt": null,
      "Total Debt": 7516000000.0,
      "Tangible Book Value": 48258000000.0,
      "Invested Capital": 55927000000.0,
      "Working Capital": 14242000000.0,
      "Net Tangible Assets": 48258000000.0,
      "Capital Lease Obligations": 1496000000.0,
      "Common Stock Equity": 49907000000.0,
      "Total Capitalization": 55927000000.0,
      "Total Equity Gross Minority Interest": 49907000000.0,
      "Stockholders Equity": 49907000000.0,
      "Gains Losses Not Affecting Retained Earnings": -560000000.0,
      "Other Equity Adjustments": -560000000.0,
      "Treasury Stock": 7127000000.0,
      "Retained Earnings": 47274000000.0,
      "Additional Paid In Capital": 10197000000.0,
      "Capital Stock": 123000000.0,
      "Common Stock": 123000000.0,
      "Total Liabilities Net Minority Interest": 16376000000.0,
      "Total Non Current Liabilities Net Minority Interest": 8837000000.0,
      "Other Non Current Liabilities": 835000000.0,
      "Non Current Deferred Liabilities": 589000000.0,
      "Non Current Deferred Revenue": 589000000.0,
      "Long Term Debt And Capital Lease Obligation": 7413000000.0,
      "Long Term Capital Lease Obligation": 1393000000.0,
      "Long Term Debt": 6020000000.0,
      "Current Liabilities": 7539000000.0,
      "Other Current Liabilities": 1346000000.0,
      "Current Debt And Capital Lease Obligation": 103000000.0,
      "Current Capital Lease Obligation": 103000000.0,
      "Current Debt": null,
      "Other Current Borrowings": null,
      "Current Notes Payable": null,
      "Payables And Accrued Expenses": 6090000000.0,
      "Current Accrued Expenses": 1358000000.0,
      "Payables": 4732000000.0,
      "Other Payable": 2170000000.0,
      "Total Tax Payable": 420000000.0,
      "Accounts Payable": 2142000000.0,
      "Total Assets": 66283000000.0,
      "Total Non Current Assets": 44502000000.0,
      "Other Non Current Assets": 1277000000.0,
      "Non Current Deferred Assets": 702000000.0,
      "Non Current Deferred Taxes Assets": 702000000.0,
      "Investments And Advances": 1647000000.0,
      "Investmentin Financial Assets": 1647000000.0,
      "Available For Sale Securities": 1647000000.0,
      "Goodwill And Other Intangible Assets": 1649000000.0,
      "Other Intangible Assets": 421000000.0,
      "Goodwill": 1228000000.0,
      "Net PPE": 39227000000.0,
      "Accumulated Depreciation": -42782000000.0,
      "Gross PPE": 82009000000.0,
      "Construction In Progress": 1897000000.0,
      "Other Properties": 62032000000.0,
      "Machinery Furniture Equipment": 1124000000.0,
      "Buildings And Improvements": 16676000000.0,
      "Land And Improvements": 280000000.0,
      "Properties": 0.0,
      "Current Assets": 21781000000.0,
      "Other Current Assets": 657000000.0,
      "Assets Held For Sale Current": 13000000.0,
      "Inventory": 6663000000.0,
      "Finished Goods": 1028000000.0,
      "Work In Process": 4830000000.0,
      "Raw Materials": 805000000.0,
      "Receivables": 5130000000.0,
      "Other Receivables": 114000000.0,
      "Taxes Receivable": 251000000.0,
      "Accounts Receivable": 4765000000.0,
      "Cash Cash Equivalents And Short Term Investments": 9331000000.0,
      "Other Short Term Investments": 1069000000.0,
      "Cash And Cash Equivalents": 8262000000.0,
      "Cash Equivalents": 2207000000.0,
      "Cash Financial": 6055000000.0
    },
    "2021-08-31T00:00:00": {
      "Treasury Shares Number": null,
      "Ordinary Shares Number": null,
      "Share Issued": null,
      "Net Debt": null,
      "Total Debt": null,
      "Tangible Book Value": null,
      "Invested Capital": null,
      "Working Capital": null,
      "Net Tangible Assets": null,
      "Capital Lease Obligations": null,
      "Common Stock Equity": null,
      "Total Capitalization": null,
      "Total Equity Gross Minority Interest": null,
      "Stockholders Equity": null,
      "Gains Losses Not Affecting Retained Earnings": null,
      "Other Equity Adjustments": null,
      "Treasury Stock": null,
      "Retained Earnings": null,
      "Additional Paid In Capital": null,
      "Capital Stock": null,
      "Common Stock": null,
      "Total Liabilities Net Minority Interest": null,
      "Total Non Current Liabilities Net Minority Interest": null,
      "Other Non Current Liabilities": null,
      "Non Current Deferred Liabilities": null,
      "Non Current Deferred Revenue": null,
      "Long Term Debt And Capital Lease Obligation": null,
      "Long Term Capital Lease Obligation": null,
      "Long Term Debt": null,
      "Current Liabilities": null,
      "Other Current Liabilities": null,
      "Current Debt And Capital Lease Obligation": null,
      "Current Capital Lease Obligation": null,
      "Current Debt": 1000000.0,
      "Other Current Borrowings": 1000000.0,
      "Current Notes Payable": 0.0,
      "Payables And Accrued Expenses": null,
      "Current Accrued Expenses": null,
      "Payables": null,
      "Other Payable": null,
      "Total Tax Payable": null,
      "Accounts Payable": null,
      "Total Assets": null,
      "Total Non Current Assets": null,
      "Other Non Current Assets": null,
      "Non Current Deferred Assets": null,
      "Non Current Deferred Taxes Assets": null,
      "Investments And Advances": null,
      "Investmentin Financial Assets": null,
      "Available For Sale Securities": null,
      "Goodwill And Other Intangible Assets": null,
      "Other Intangible Assets": null,
      "Goodwill": null,
      "Net PPE": null,
      "Accumulated Depreciation": null,
      "Gross PPE": null,
      "Construction In Progress": null,
      "Other Properties": null,
      "Machinery Furniture Equipment": null,
      "Buildings And Improvements": null,
      "Land And Improvements": null,
      "Properties": null,
      "Current Assets": null,
      "Other Current Assets": null,
      "Assets Held For Sale Current": 974000000.0,
      "Inventory": null,
      "Finished Goods": null,
      "Work In Process": null,
      "Raw Materials": null,
      "Receivables": null,
      "Other Receivables": null,
      "Taxes Receivable": null,
      "Accounts Receivable": null,
      "Cash Cash Equivalents And Short Term Investments": null,
      "Other Short Term Investments": null,
      "Cash And Cash Equivalents": null,
      "Cash Equivalents": null,
      "Cash Financial": null
    }
  },
  "cashflow": {
    "2025-08-31T00:00:00": {
      "Free Cash Flow": 1668000000.0,
      "Repurchase Of Capital Stock": 0.0,
      "Repayment Of Debt": -4619000000.0,
      "Issuance Of Debt": 4430000000.0,
      "Capital Expenditure": -15857000000.0,
      "Interest Paid Supplemental Data": 418000000.0,
      "Income Tax Paid Supplemental Data": 583000000.0,
      "End Cash Position": 9646000000.0,
      "Beginning Cash Position": 7052000000.0,
      "Effect Of Exchange Rate Changes": 6000000.0,
      "Changes In Cash": 2588000000.0,
      "Financing Cash Flow": -850000000.0,
      "Cash Flow From Continuing Financing Activities": -850000000.0,
      "Net Other Financing Charges": -139000000.0,
      "Proceeds From Stock Option Exercised": null,
      "Cash Dividends Paid": -522000000.0,
      "Common Stock Dividend Paid": -522000000.0,
      "Net Common Stock Issuance": 0.0,
      "Common Stock Payments": 0.0,
      "Net Issuance Payments Of Debt": -189000000.0,
      "Net Long Term Debt Issuance": -189000000.0,
      "Long Term Debt Payments": -4619000000.0,
      "Long Term Debt Issuance": 4430000000.0,
      "Investing Cash Flow": -14087000000.0,
      "Cash Flow From Continuing Investing Activities": -14087000000.0,
      "Net Other Investing Changes": 1962000000.0,
      "Net Investment Purchase And Sale": -192000000.0,
      "Sale Of Investment": 1698000000.0,
      "Purchase Of Investment": -1890000000.0,
      "Net Business Purchase And Sale": null,
      "Sale Of Business": null,
      "Capital Expenditure Reported": -15857000000.0,
      "Operating Cash Flow": 17525000000.0,
      "Cash Flow From Continuing Operating Activities": 17525000000.0,
      "Change In Working Capital": -666000000.0,
      "Change In Other Working Capital": null,
      "Change In Other Current Liabilities": -272000000.0,
      "Change In Payables And Accrued Expense": 862000000.0,
      "Change In Inventory": 520000000.0,
      "Change In Receivables": -1776000000.0,
      "Other Non Cash Items": 328000000.0,
      "Stock Based Compensation": 972000000.0,
      "Asset Impairment Charge": 0.0,
      "Depreciation Amortization Depletion": 8352000000.0,
      "Depreciation And Amortization": 8352000000.0,
      "Operating Gains Losses": null,
      "Net Income From Continuing Operations": 8539000000.0
    },
    "2024-08-31T00:00:00": {
      "Free Cash Flow": 121000000.0,
      "Repurchase Of Capital Stock": -300000000.0,
      "Repayment Of Debt": -1897000000.0,
      "Issuance Of Debt": 999000000.0,
      "Capital Expenditure": -8386000000.0,
      "Interest Paid Supplemental Data": 503000000.0,
      "Income Tax Paid Supplemental Data": 338000000.0,
      "End Cash Position": 7052000000.0,
      "Beginning Cash Position": 8656000000.0,
      "Effect Of Exchange Rate Changes": 40000000.0,
      "Changes In Cash": -1644000000.0,
      "Financing Cash Flow": -1842000000.0,
      "Cash Flow From Continuing Financing Activities": -1842000000.0,
      "Net Other Financing Charges": -131000000.0,
      "Proceeds From Stock Option Exercised": null,
      "Cash Dividends Paid": -513000000.0,
      "Common Stock Dividend Paid": -513000000.0,
      "Net Common Stock Issuance": -300000000.0,
      "Common Stock Payments": -300000000.0,
      "Net Issuance Payments Of Debt": -898000000.0,
      "Net Long Term Debt Issuance": -898000000.0,
      "Long Term Debt Payments": -1897000000.0,
      "Long Term Debt Issuance": 999000000.0,
      "Investing Cash Flow": -8309000000.0,
      "Cash Flow From Continuing Investing Activities": -8309000000.0,
      "Net Other Investing Changes": 282000000.0,
      "Net Investment Purchase And Sale": -205000000.0,
      "Sale Of Investment": 1794000000.0,
      "Purchase Of Investment": -1999000000.0,
      "Net Business Purchase And Sale": 0.0,
      "Sale Of Business": 0.0,
      "Capital Expenditure Reported": -8386000000.0,
      "Operating Cash Flow": 8507000000.0,
      "Cash Flow From Continuing Operating Activities": 8507000000.0,
      "Change In Working Capital": -1165000000.0,
      "Change In Other Working Capital": null,
      "Change In Other Current Liabilities": 989000000.0,
      "Change In Payables And Accrued Expense": 1915000000.0,
      "Change In Inventory": -488000000.0,
      "Change In Receivables": -3581000000.0,
      "Other Non Cash Items": 281000000.0,
      "Stock Based Compensation": 833000000.0,
      "Asset Impairment Charge": 0.0,
      "Depreciation Amortization Depletion": 7780000000.0,
      "Depreciation And Amortization": 7780000000.0,
      "Operating Gains Losses": null,
      "Net Income From Continuing Operations": 778000000.0
    },
    "2023-08-31T00:00:00": {
      "Free Cash Flow": -6117000000.0,
      "Repurchase Of Capital Stock": -425000000.0,
      "Repayment Of Debt": -761000000.0,
      "Issuance Of Debt": 6716000000.0,
      "Capital Expenditure": -7676000000.0,
      "Interest Paid Supplemental Data": 323000000.0,
      "Income Tax Paid Supplemental Data": 532000000.0,
      "End Cash Position": 8656000000.0,
      "Beginning Cash Position": 8339000000.0,
      "Effect Of Exchange Rate Changes": -34000000.0,
      "Changes In Cash": 351000000.0,
      "Financing Cash Flow": 4983000000.0,
      "Cash Flow From Continuing Financing Activities": 4983000000.0,
      "Net Other Financing Charges": -43000000.0,
      "Proceeds From Stock Option Exercised": null,
      "Cash Dividends Paid": -504000000.0,
      "Common Stock Dividend Paid": -504000000.0,
      "Net Common Stock Issuance": -425000000.0,
      "Common Stock Payments": -425000000.0,
      "Net Issuance Payments Of Debt": 5955000000.0,
      "Net Long Term Debt Issuance": 5955000000.0,
      "Long Term Debt Payments": -761000000.0,
      "Long Term Debt Issuance": 6716000000.0,
      "Investing Cash Flow": -6191000000.0,
      "Cash Flow From Continuing Investing Activities": -6191000000.0,
      "Net Other Investing Changes": 617000000.0,
      "Net Investment Purchase And Sale": 868000000.0,
      "Sale Of Investment": 1591000000.0,
      "Purchase Of Investment": -723000000.0,
      "Net Business Purchase And Sale": 0.0,
      "Sale Of Business": 0.0,
      "Capital Expenditure Reported": -7676000000.0,
      "Operating Cash Flow": 1559000000.0,
      "Cash Flow From Continuing Operating Activities": 1559000000.0,
      "Change In Working Capital": -2911000000.0,
      "Change In Other Working Capital": null,
      "Change In Other Current Liabilities": -817000000.0,
      "Change In Payables And Accrued Expense": -1302000000.0,
      "Change In Inventory": -3555000000.0,
      "Change In Receivables": 2763000000.0,
      "Other Non Cash Items": 19000000.0,
      "Stock Based Compensation": 596000000.0,
      "Asset Impairment Charge": 1932000000.0,
      "Depreciation Amortization Depletion": 7756000000.0,
      "Depreciation And Amortization": 7756000000.0,
      "Operating Gains Losses": null,
      "Net Income From Continuing Operations": -5833000000.0
    },
    "2022-08-31T00:00:00": {
      "Free Cash Flow": 3114000000.0,
      "Repurchase Of Capital Stock": -2432000000.0,
      "Repayment Of Debt": -2032000000.0,
      "Issuance Of Debt": 2000000000.0,
      "Capital Expenditure": -12067000000.0,
      "Interest Paid Supplemental Data": 154000000.0,
      "Income Tax Paid Supplemental Data": 493000000.0,
      "End Cash Position": 8339000000.0,
      "Beginning Cash Position": 7829000000.0,
      "Effect Of Exchange Rate Changes": -106000000.0,
      "Changes In Cash": 616000000.0,
      "Financing Cash Flow": -2980000000.0,
      "Cash Flow From Continuing Financing Activities": -2980000000.0,
      "Net Other Financing Charges": -55000000.0,
      "Proceeds From Stock Option Exercised": -125000000.0,
      "Cash Dividends Paid": -461000000.0,
      "Common Stock Dividend Paid": -461000000.0,
      "Net Common Stock Issuance": -2432000000.0,
      "Common Stock Payments": -2432000000.0,
      "Net Issuance Payments Of Debt": -32000000.0,
      "Net Long Term Debt Issuance": -32000000.0,
      "Long Term Debt Payments": -2032000000.0,
      "Long Term Debt Issuance": 2000000000.0,
      "Investing Cash Flow": -11585000000.0,
      "Cash Flow From Continuing Investing Activities": -11585000000.0,
      "Net Other Investing Changes": -251000000.0,
      "Net Investment Purchase And Sale": -155000000.0,
      "Sale Of Investment": 1615000000.0,
      "Purchase Of Investment": -1770000000.0,
      "Net Business Purchase And Sale": 888000000.0,
      "Sale Of Business": 888000000.0,
      "Capital Expenditure Reported": -12067000000.0,
      "Operating Cash Flow": 15181000000.0,
      "Cash Flow From Continuing Operating Activities": 15181000000.0,
      "Change In Working Capital": -1255000000.0,
      "Change In Other Working Capital": null,
      "Change In Other Current Liabilities": 400000000.0,
      "Change In Payables And Accrued Expense": 334000000.0,
      "Change In Inventory": -2179000000.0,
      "Change In Receivables": 190000000.0,
      "Other Non Cash Items": 119000000.0,
      "Stock Based Compensation": 514000000.0,
      "Asset Impairment Charge": 0.0,
      "Depreciation Amortization Depletion": 7116000000.0,
      "Depreciation And Amortization": 7116000000.0,
      "Operating Gains Losses": 83000000.0,
      "Net Income From Continuing Operations": 8687000000.0
    },
    "2021-08-31T00:00:00": {
      "Free Cash Flow": null,
      "Repurchase Of Capital Stock": null,
      "Repayment Of Debt": null,
      "Issuance Of Debt": null,
      "Capital Expenditure": null,
      "Interest Paid Supplemental Data": null,
      "Income Tax Paid Supplemental Data": null,
      "End Cash Position": null,
      "Beginning Cash Position": null,
      "Effect Of Exchange Rate Changes": null,
      "Changes In Cash": null,
      "Financing Cash Flow": null,
      "Cash Flow From Continuing Financing Activities": null,
      "Net Other Financing Charges": null,
      "Proceeds From Stock Option Exercised": -94000000.0,
      "Cash Dividends Paid": null,
      "Common Stock Dividend Paid": null,
      "Net Common Stock Issuance": null,
      "Common Stock Payments": null,
      "Net Issuance Payments Of Debt": null,
      "Net Long Term Debt Issuance": null,
      "Long Term Debt Payments": null,
      "Long Term Debt Issuance": null,
      "Investing Cash Flow": null,
      "Cash Flow From Continuing Investing Activities": null,
      "Net Other Investing Changes": null,
      "Net Investment Purchase And Sale": null,
      "Sale Of Investment": null,
      "Purchase Of Investment": null,
      "Net Business Purchase And Sale": 0.0,
      "Sale Of Business": 0.0,
      "Capital Expenditure Reported": null,
      "Operating Cash Flow": null,
      "Cash Flow From Continuing Operating Activities": null,
      "Change In Working Capital": null,
      "Change In Other Working Capital": -50000000.0,
      "Change In Other Current Liabilities": null,
      "Change In Payables And Accrued Expense": null,
      "Change In Inventory": null,
      "Change In Receivables": null,
      "Other Non Cash Items": null,
      "Stock Based Compensation": null,
      "Asset Impairment Charge": null,
      "Depreciation Amortization Depletion": null,
      "Depreciation And Amortization": null,
      "Operating Gains Losses": 1000000.0,
      "Net Income From Continuing Operations": null
    }
  },
  "earnings_estimate": {
    "avg": {
      "0q": 8.50416,
      "+1q": 9.76609,
      "0y": 33.91928,
      "+1y": 44.55368
    },
    "low": {
      "0q": 6.99,
      "+1q": 7.53,
      "0y": 28.42,
      "+1y": 29.56
    },
    "high": {
      "0q": 9.12189,
      "+1q": 12.7,
      "0y": 41.89,
      "+1y": 63.01
    },
    "yearAgoEps": {
      "0q": 1.56,
      "+1q": 1.91,
      "0y": 8.29,
      "+1y": 33.91928
    },
    "numberOfAnalysts": {
      "0q": 27,
      "+1q": 28,
      "0y": 33,
      "+1y": 30
    },
    "growth": {
      "0q": 4.4514003,
      "+1q": 4.1131,
      "0y": 3.0916,
      "+1y": 0.31350002
    }
  },
  "revenue_estimate": {
    "avg": {
      "0q": 18895169750,
      "+1q": 21146850480,
      "0y": 76177685690,
      "+1y": 97639573700
    },
    "low": {
      "0q": 17375000000,
      "+1q": 19419000000,
      "0y": 53750000000,
      "+1y": 60953000000
    },
    "high": {
      "0q": 19862482000,
      "+1q": 25042100000,
      "0y": 86481237880,
      "+1y": 139361193660
    },
    "numberOfAnalysts": {
      "0q": 30,
      "+1q": 30,
      "0y": 39,
      "+1y": 38
    },
    "yearAgoRevenue": {
      "0q": 8053000000,
      "+1q": 9301000000,
      "0y": 37378000000,
      "+1y": 76177685690
    },
    "growth": {
      "0q": 1.3464,
      "+1q": 1.2736,
      "0y": 1.038,
      "+1y": 0.28170002
    }
  },
  "growth_estimates": {
    "stockTrend": {
      "0q": 4.4514003,
      "+1q": 4.1131,
      "0y": 3.0916,
      "+1y": 0.31350002,
      "LTG": null
    },
    "indexTrend": {
      "0q": 0.1273,
      "+1q": 0.103599995,
      "0y": 0.14310001,
      "+1y": 0.1557,
      "LTG": 0.122
    }
  },
  "revenue_forecasts": null,
  "dividend_rate": 0.46,
  "trailing_dividend_rate": 0.46
}