{
  "ticker": "MUV2.DE",
  "name": "Munich RE",
  "country": "germany",
  "currency": "EUR",
  "last_fetched": "2026-02-26T20:47:26.982406",
  "market_cap": 72089559040,
  "revenue": 62098001920,
  "net_income": 6233999872,
  "pe_ratio": 11.462599,
  "forward_pe": 10.767448,
  "dividend_yield": 3.62,
  "profit_margin": 0.100389995,
  "roe": 0.19496,
  "debt_to_equity": 22.842,
  "beta": 0.366,
  "ev_to_ebitda": null,
  "sector": "Financial Services",
  "industry": "Insurance - Reinsurance",
  "summary": "Münchener Rückversicherungs-Gesellschaft Aktiengesellschaft in München engages in the insurance and reinsurance businesses worldwide. It operates through five segments: Life and Health Reinsurance, Property-Casualty Reinsurance, ERGO Life and Health Germany, ERGO Property-Casualty Germany, and ERGO International. The company offers life and health reinsurance solutions, such as digital underwriting and advanced analytics solutions, health insurance management system, financial market risks, financing, portfolio risk management, digitalized investment-linked solution, data analytics, underwriting and claims, medical research, capital management, and health market, as well as MIRA digital suite that includes MIRA PoS, MIRApply insured and physician, claims risk assessment, and CLARA plus. It also provides property and casualty reinsurance solutions, including agricultural reinsurance; business advisory, personal lines, portfolio management, insurance consulting, commercial motor, telematics, electric vehicle insurance, and SiTao consulting; infrastructure risk; property insurance, location risk, insurance linked securities, and NatCatSERVICE for natural catastrophe loss database; specialty reinsurance; prospective structured and retroactive reinsurance; risk transfer; cyber; and data analytics, REALYTIX ZERO, and cert2go. In addition, the company offers solutions for industry clients, such as corporate risk, new tech, green tech, parametric, and aviation and space solutions, as well as risk services. Further, it provides life, property-casualty, health, legal protection, and travel insurance products under the ERGO brand; and insurance solutions for agriculture, captive, epidemic, cyber, and renewable energy sectors. The company was founded in 1880 and is based in Munich, Germany.",
  "website": "https://www.munichre.com",
  "employees": 44000,
  "target_high": 665.0,
  "target_low": 460.0,
  "target_mean": 585.3129,
  "target_median": 600.0,
  "recommendation": "hold",
  "num_analysts": 17,
  "income_stmt": {
    "2024-12-31T00:00:00": {
      "Tax Effect Of Unusual Items": -1076000.0,
      "Tax Rate For Calcs": 0.269,
      "Total Unusual Items": -4000000.0,
      "Total Unusual Items Excluding Goodwill": -4000000.0,
      "Net Income From Continuing Operation Net Minority Interest": 5685000000.0,
      "Reconciled Depreciation": 375000000.0,
      "EBIT": 9033000000.0,
      "Net Interest Income": -328000000.0,
      "Interest Expense": 327000000.0,
      "Interest Income": 3389000000.0,
      "Normalized Income": 5687924000.0,
      "Net Income From Continuing And Discontinued Operation": 5685000000.0,
      "Total Expenses": 33600000000.0,
      "Diluted Average Shares": 132889201.0,
      "Basic Average Shares": 132889201.0,
      "Diluted EPS": 42.78,
      "Basic EPS": 42.78,
      "Diluted NI Availto Com Stockholders": 5685000000.0,
      "Net Income Common Stockholders": 5685000000.0,
      "Net Income": 5685000000.0,
      "Minority Interests": 14000000.0,
      "Net Income Including Noncontrolling Interests": 5671000000.0,
      "Net Income Continuous Operations": 6615000000.0,
      "Tax Provision": 2091000000.0,
      "Pretax Income": 8706000000.0,
      "Other Income Expense": 175000000.0,
      "Special Income Charges": -4000000.0,
      "Other Special Charges": 0.0,
      "Write Off": 4000000.0,
      "Net Non Operating Interest Income Expense": -328000000.0,
      "Total Other Finance Cost": 1000000.0,
      "Interest Expense Non Operating": 327000000.0,
      "Interest Income Non Operating": null,
      "Other Operating Expenses": 2258000000.0,
      "Selling General And Administration": 8968000000.0,
      "General And Administrative Expense": 8968000000.0,
      "Total Revenue": 42306000000.0,
      "Operating Revenue": 42306000000.0,
      "Net Policyholder Benefits And Claims": 21491000000.0
    },
    "2023-12-31T00:00:00": {
      "Tax Effect Of Unusual Items": 0.0,
      "Tax Rate For Calcs": 0.169,
      "Total Unusual Items": 0.0,
      "Total Unusual Items Excluding Goodwill": 0.0,
      "Net Income From Continuing Operation Net Minority Interest": 4606000000.0,
      "Reconciled Depreciation": 317000000.0,
      "EBIT": 7405000000.0,
      "Net Interest Income": -296000000.0,
      "Interest Expense": 295000000.0,
      "Interest Income": 3011000000.0,
      "Normalized Income": 4606000000.0,
      "Net Income From Continuing And Discontinued Operation": 4606000000.0,
      "Total Expenses": 32574000000.0,
      "Diluted Average Shares": 135950413.0,
      "Basic Average Shares": 135950413.0,
      "Diluted EPS": 33.88,
      "Basic EPS": 33.88,
      "Diluted NI Availto Com Stockholders": 4606000000.0,
      "Net Income Common Stockholders": 4606000000.0,
      "Net Income": 4606000000.0,
      "Minority Interests": 9000000.0,
      "Net Income Including Noncontrolling Interests": 4597000000.0,
      "Net Income Continuous Operations": 6174000000.0,
      "Tax Provision": 936000000.0,
      "Pretax Income": 7110000000.0,
      "Other Income Expense": -292000000.0,
      "Special Income Charges": 0.0,
      "Other Special Charges": 0.0,
      "Write Off": 0.0,
      "Net Non Operating Interest Income Expense": -296000000.0,
      "Total Other Finance Cost": 1000000.0,
      "Interest Expense Non Operating": 295000000.0,
      "Interest Income Non Operating": null,
      "Other Operating Expenses": 2440000000.0,
      "Selling General And Administration": 8617000000.0,
      "General And Administrative Expense": 8617000000.0,
      "Total Revenue": 39684000000.0,
      "Operating Revenue": 39684000000.0,
      "Net Policyholder Benefits And Claims": 21763000000.0
    },
    "2022-12-31T00:00:00": {
      "Tax Effect Of Unusual Items": -200000.0,
      "Tax Rate For Calcs": 0.2,
      "Total Unusual Items": -1000000.0,
      "Total Unusual Items Excluding Goodwill": -1000000.0,
      "Net Income From Continuing Operation Net Minority Interest": 5313000000.0,
      "Reconciled Depreciation": 2873000000.0,
      "EBIT": 10292000000.0,
      "Net Interest Income": -286000000.0,
      "Interest Expense": 286000000.0,
      "Interest Income": -516000000.0,
      "Normalized Income": 5313800000.0,
      "Net Income From Continuing And Discontinued Operation": 5313000000.0,
      "Total Expenses": 29701000000.0,
      "Diluted Average Shares": 139364438.0,
      "Basic Average Shares": 139364438.0,
      "Diluted EPS": 38.12,
      "Basic EPS": 38.12,
      "Diluted NI Availto Com Stockholders": 5313000000.0,
      "Net Income Common Stockholders": 5313000000.0,
      "Net Income": 5313000000.0,
      "Minority Interests": 3000000.0,
      "Net Income Including Noncontrolling Interests": 5309000000.0,
      "Net Income Continuous Operations": 8682000000.0,
      "Tax Provision": 1324000000.0,
      "Pretax Income": 10006000000.0,
      "Other Income Expense": 1067000000.0,
      "Special Income Charges": -1000000.0,
      "Other Special Charges": 0.0,
      "Write Off": 1000000.0,
      "Net Non Operating Interest Income Expense": -286000000.0,
      "Total Other Finance Cost": null,
      "Interest Expense Non Operating": 286000000.0,
      "Interest Income Non Operating": null,
      "Other Operating Expenses": 2103000000.0,
      "Selling General And Administration": 7807000000.0,
      "General And Administrative Expense": 7807000000.0,
      "Total Revenue": 39707000000.0,
      "Operating Revenue": 39707000000.0,
      "Net Policyholder Benefits And Claims": 20535000000.0
    },
    "2021-12-31T00:00:00": {
      "Tax Effect Of Unusual Items": 22260000.0,
      "Tax Rate For Calcs": 0.159,
      "Total Unusual Items": 140000000.0,
      "Total Unusual Items Excluding Goodwill": 140000000.0,
      "Net Income From Continuing Operation Net Minority Interest": 2933000000.0,
      "Reconciled Depreciation": null,
      "EBIT": 4473000000.0,
      "Net Interest Income": -279000000.0,
      "Interest Expense": 336000000.0,
      "Interest Income": 1856000000.0,
      "Normalized Income": 2815260000.0,
      "Net Income From Continuing And Discontinued Operation": 2933000000.0,
      "Total Expenses": 60321000000.0,
      "Diluted Average Shares": 140098931.0,
      "Basic Average Shares": 140098931.0,
      "Diluted EPS": 20.93,
      "Basic EPS": 20.93,
      "Diluted NI Availto Com Stockholders": 2933000000.0,
      "Net Income Common Stockholders": 2933000000.0,
      "Net Income": 2933000000.0,
      "Minority Interests": 1000000.0,
      "Net Income Including Noncontrolling Interests": 2932000000.0,
      "Net Income Continuous Operations": 3585000000.0,
      "Tax Provision": 552000000.0,
      "Pretax Income": 4137000000.0,
      "Other Income Expense": 819000000.0,
      "Special Income Charges": 140000000.0,
      "Other Special Charges": 0.0,
      "Write Off": -140000000.0,
      "Net Non Operating Interest Income Expense": -279000000.0,
      "Total Other Finance Cost": 1000000.0,
      "Interest Expense Non Operating": 336000000.0,
      "Interest Income Non Operating": 5841000000.0,
      "Other Operating Expenses": 1317000000.0,
      "Selling General And Administration": 3003000000.0,
      "General And Administrative Expense": 3003000000.0,
      "Total Revenue": 64458000000.0,
      "Operating Revenue": 64458000000.0,
      "Net Policyholder Benefits And Claims": 36690000000.0
    }
  },
  "quarterly_income": {
    "2025-09-30T00:00:00": {
      "Tax Effect Of Unusual Items": 0.0,
      "Tax Rate For Calcs": 0.329,
      "Net Income From Continuing Operation Net Minority Interest": 2003000000.0,
      "EBIT": 3036000000.0,
      "Net Interest Income": -60000000.0,
      "Interest Expense": 60000000.0,
      "Interest Income": null,
      "Normalized Income": 2003000000.0,
      "Net Income From Continuing And Discontinued Operation": 2003000000.0,
      "Total Expenses": 13500000000.0,
      "Diluted Average Shares": 129392765.0,
      "Basic Average Shares": 129392765.0,
      "Diluted EPS": 15.48,
      "Basic EPS": 15.48,
      "Diluted NI Availto Com Stockholders": 2003000000.0,
      "Net Income Common Stockholders": 2003000000.0,
      "Net Income": 2003000000.0,
      "Minority Interests": 6000000.0,
      "Net Income Including Noncontrolling Interests": 1997000000.0,
      "Net Income Continuous Operations": 1997000000.0,
      "Tax Provision": 979000000.0,
      "Pretax Income": 2976000000.0,
      "Other Income Expense": -189000000.0,
      "Net Non Operating Interest Income Expense": -60000000.0,
      "Interest Expense Non Operating": 60000000.0,
      "Other Operating Expenses": 599000000.0,
      "Selling General And Administration": 2237000000.0,
      "General And Administrative Expense": 2237000000.0,
      "Total Revenue": 16476000000.0,
      "Operating Revenue": 16476000000.0,
      "Net Policyholder Benefits And Claims": 9489000000.0
    },
    "2025-06-30T00:00:00": {
      "Tax Effect Of Unusual Items": 0.0,
      "Tax Rate For Calcs": 0.271488,
      "Net Income From Continuing Operation Net Minority Interest": 2077000000.0,
      "EBIT": 2917000000.0,
      "Net Interest Income": -55000000.0,
      "Interest Expense": 55000000.0,
      "Interest Income": 1523000000.0,
      "Normalized Income": 2077000000.0,
      "Net Income From Continuing And Discontinued Operation": 2077000000.0,
      "Total Expenses": 13140000000.0,
      "Diluted Average Shares": 130340577.0,
      "Basic Average Shares": 130340577.0,
      "Diluted EPS": 15.94,
      "Basic EPS": 15.94,
      "Diluted NI Availto Com Stockholders": 2077000000.0,
      "Net Income Common Stockholders": 2077000000.0,
      "Net Income": 2077000000.0,
      "Minority Interests": -8000000.0,
      "Net Income Including Noncontrolling Interests": 2085000000.0,
      "Net Income Continuous Operations": 2085000000.0,
      "Tax Provision": 777000000.0,
      "Pretax Income": 2862000000.0,
      "Other Income Expense": -602000000.0,
      "Net Non Operating Interest Income Expense": -55000000.0,
      "Interest Expense Non Operating": 55000000.0,
      "Other Operating Expenses": 425000000.0,
      "Selling General And Administration": 2273000000.0,
      "General And Administrative Expense": 2273000000.0,
      "Total Revenue": 16002000000.0,
      "Operating Revenue": 16002000000.0,
      "Net Policyholder Benefits And Claims": 9557000000.0
    },
    "2025-03-31T00:00:00": {
      "Tax Effect Of Unusual Items": 0.0,
      "Tax Rate For Calcs": 0.223,
      "Net Income From Continuing Operation Net Minority Interest": 1093000000.0,
      "EBIT": 1463000000.0,
      "Net Interest Income": -57000000.0,
      "Interest Expense": 57000000.0,
      "Interest Income": null,
      "Normalized Income": 1093000000.0,
      "Net Income From Continuing And Discontinued Operation": 1093000000.0,
      "Total Expenses": 14989000000.0,
      "Diluted Average Shares": 131055156.0,
      "Basic Average Shares": 131055156.0,
      "Diluted EPS": 8.34,
      "Basic EPS": 8.34,
      "Diluted NI Availto Com Stockholders": 1093000000.0,
      "Net Income Common Stockholders": 1093000000.0,
      "Net Income": 1093000000.0,
      "Minority Interests": 1000000.0,
      "Net Income Including Noncontrolling Interests": 1094000000.0,
      "Net Income Continuous Operations": 1093000000.0,
      "Tax Provision": 313000000.0,
      "Pretax Income": 1406000000.0,
      "Other Income Expense": -506000000.0,
      "Net Non Operating Interest Income Expense": -57000000.0,
      "Interest Expense Non Operating": 57000000.0,
      "Other Operating Expenses": 494000000.0,
      "Selling General And Administration": 2296000000.0,
      "General And Administrative Expense": 2296000000.0,
      "Total Revenue": 16395000000.0,
      "Operating Revenue": 16395000000.0,
      "Net Policyholder Benefits And Claims": 11580000000.0
    },
    "2024-12-31T00:00:00": {
      "Tax Effect Of Unusual Items": 0.0,
      "Tax Rate For Calcs": 0.281089,
      "Net Income From Continuing Operation Net Minority Interest": 991000000.0,
      "EBIT": 2310000000.0,
      "Net Interest Income": -180000000.0,
      "Interest Expense": 179000000.0,
      "Interest Income": null,
      "Normalized Income": 991000000.0,
      "Net Income From Continuing And Discontinued Operation": 991000000.0,
      "Total Expenses": -10301000000.0,
      "Diluted Average Shares": null,
      "Basic Average Shares": null,
      "Diluted EPS": null,
      "Basic EPS": null,
      "Diluted NI Availto Com Stockholders": 991000000.0,
      "Net Income Common Stockholders": 991000000.0,
      "Net Income": 991000000.0,
      "Minority Interests": 13000000.0,
      "Net Income Including Noncontrolling Interests": 979000000.0,
      "Net Income Continuous Operations": 1532000000.0,
      "Tax Provision": 599000000.0,
      "Pretax Income": 2131000000.0,
      "Other Income Expense": 452000000.0,
      "Net Non Operating Interest Income Expense": -180000000.0,
      "Interest Expense Non Operating": 179000000.0,
      "Other Operating Expenses": 752000000.0,
      "Selling General And Administration": 2484000000.0,
      "General And Administrative Expense": 2484000000.0,
      "Total Revenue": -8170000000.0,
      "Operating Revenue": -8170000000.0,
      "Net Policyholder Benefits And Claims": -10660000000.0
    },
    "2024-09-30T00:00:00": {
      "Tax Effect Of Unusual Items": 0.0,
      "Tax Rate For Calcs": 0.178,
      "Net Income From Continuing Operation Net Minority Interest": 907000000.0,
      "EBIT": 1161000000.0,
      "Net Interest Income": -57000000.0,
      "Interest Expense": 57000000.0,
      "Interest Income": null,
      "Normalized Income": 907000000.0,
      "Net Income From Continuing And Discontinued Operation": 907000000.0,
      "Total Expenses": 15636000000.0,
      "Diluted Average Shares": 132408759.0,
      "Basic Average Shares": 132408759.0,
      "Diluted EPS": 6.85,
      "Basic EPS": 6.85,
      "Diluted NI Availto Com Stockholders": 907000000.0,
      "Net Income Common Stockholders": 907000000.0,
      "Net Income": 907000000.0,
      "Minority Interests": 0.0,
      "Net Income Including Noncontrolling Interests": 907000000.0,
      "Net Income Continuous Operations": 907000000.0,
      "Tax Provision": 197000000.0,
      "Pretax Income": 1104000000.0,
      "Other Income Expense": -464000000.0,
      "Net Non Operating Interest Income Expense": -57000000.0,
      "Interest Expense Non Operating": 57000000.0,
      "Other Operating Expenses": 477000000.0,
      "Selling General And Administration": 2182000000.0,
      "General And Administrative Expense": 2182000000.0,
      "Total Revenue": 16740000000.0,
      "Operating Revenue": 16740000000.0,
      "Net Policyholder Benefits And Claims": 11526000000.0
    },
    "2024-06-30T00:00:00": {
      "Tax Effect Of Unusual Items": null,
      "Tax Rate For Calcs": null,
      "Net Income From Continuing Operation Net Minority Interest": null,
      "EBIT": null,
      "Net Interest Income": null,
      "Interest Expense": null,
      "Interest Income": 1516000000.0,
      "Normalized Income": null,
      "Net Income From Continuing And Discontinued Operation": null,
      "Total Expenses": null,
      "Diluted Average Shares": 133586824.0,
      "Basic Average Shares": 133586824.0,
      "Diluted EPS": 11.99,
      "Basic EPS": 11.99,
      "Diluted NI Availto Com Stockholders": null,
      "Net Income Common Stockholders": null,
      "Net Income": null,
      "Minority Interests": null,
      "Net Income Including Noncontrolling Interests": null,
      "Net Income Continuous Operations": null,
      "Tax Provision": null,
      "Pretax Income": null,
      "Other Income Expense": null,
      "Net Non Operating Interest Income Expense": null,
      "Interest Expense Non Operating": null,
      "Other Operating Expenses": null,
      "Selling General And Administration": null,
      "General And Administrative Expense": null,
      "Total Revenue": null,
      "Operating Revenue": null,
      "Net Policyholder Benefits And Claims": null
    }
  },
  "balance_sheet": {
    "2024-12-31T00:00:00": {
      "Treasury Shares Number": 2353876.0,
      "Ordinary Shares Number": 131406411.0,
      "Share Issued": 133760287.0,
      "Net Debt": 205000000.0,
      "Total Debt": 6321000000.0,
      "Tangible Book Value": 28305000000.0,
      "Invested Capital": 38962000000.0,
      "Net Tangible Assets": 28305000000.0,
      "Capital Lease Obligations": null,
      "Common Stock Equity": 32641000000.0,
      "Total Capitalization": 38962000000.0,
      "Total Equity Gross Minority Interest": 32745000000.0,
      "Minority Interest": 104000000.0,
      "Stockholders Equity": 32641000000.0,
      "Retained Earnings": 24822000000.0,
      "Capital Stock": 7422000000.0,
      "Common Stock": 7422000000.0,
      "Total Liabilities Net Minority Interest": 253770000000.0,
      "Derivative Product Liabilities": 1274000000.0,
      "Non Current Pension And Other Postretirement Benefit Plans": null,
      "Non Current Deferred Taxes Liabilities": 1973000000.0,
      "Long Term Debt And Capital Lease Obligation": 6321000000.0,
      "Long Term Capital Lease Obligation": null,
      "Long Term Debt": 6321000000.0,
      "Long Term Provisions": 2760000000.0,
      "Payables": 2179000000.0,
      "Other Payable": null,
      "Total Tax Payable": 2179000000.0,
      "Accounts Payable": null,
      "Total Assets": 286515000000.0,
      "Non Current Deferred Taxes Assets": 2664000000.0,
      "Financial Assets": 1429000000.0,
      "Investments And Advances": 225243000000.0,
      "Investmentin Financial Assets": 219977000000.0,
      "Available For Sale Securities": 23138000000.0,
      "Financial Assets Designatedas Fair Value Through Profitor Loss Total": 31620000000.0,
      "Long Term Equity Investment": 5266000000.0,
      "Investment Properties": 10189000000.0,
      "Goodwill And Other Intangible Assets": 4336000000.0,
      "Other Intangible Assets": 893000000.0,
      "Goodwill": 3443000000.0,
      "Net PPE": 2037000000.0,
      "Accumulated Depreciation": -1771000000.0,
      "Gross PPE": 3808000000.0,
      "Other Properties": 2701000000.0,
      "Machinery Furniture Equipment": 1107000000.0,
      "Land And Improvements": null,
      "Prepaid Assets": null,
      "Inventory": 12000000.0,
      "Other Receivables": 5907000000.0,
      "Taxes Receivable": 690000000.0,
      "Cash Cash Equivalents And Short Term Investments": 9271000000.0,
      "Other Short Term Investments": 177365000000.0,
      "Cash And Cash Equivalents": 9271000000.0
    },
    "2023-12-31T00:00:00": {
      "Treasury Shares Number": 1868343.0,
      "Ordinary Shares Number": 134599807.0,
      "Share Issued": 136468150.0,
      "Net Debt": null,
      "Total Debt": 4713000000.0,
      "Tangible Book Value": 25438000000.0,
      "Invested Capital": 34363000000.0,
      "Net Tangible Assets": 25438000000.0,
      "Capital Lease Obligations": null,
      "Common Stock Equity": 29650000000.0,
      "Total Capitalization": 34363000000.0,
      "Total Equity Gross Minority Interest": 29772000000.0,
      "Minority Interest": 122000000.0,
      "Stockholders Equity": 29650000000.0,
      "Retained Earnings": 22512000000.0,
      "Capital Stock": 7424000000.0,
      "Common Stock": 7424000000.0,
      "Total Liabilities Net Minority Interest": 244021000000.0,
      "Derivative Product Liabilities": 1379000000.0,
      "Non Current Pension And Other Postretirement Benefit Plans": null,
      "Non Current Deferred Taxes Liabilities": 2241000000.0,
      "Long Term Debt And Capital Lease Obligation": 4713000000.0,
      "Long Term Capital Lease Obligation": null,
      "Long Term Debt": 4713000000.0,
      "Long Term Provisions": 2766000000.0,
      "Payables": 2657000000.0,
      "Other Payable": null,
      "Total Tax Payable": 2657000000.0,
      "Accounts Payable": null,
      "Total Assets": 273793000000.0,
      "Non Current Deferred Taxes Assets": 2743000000.0,
      "Financial Assets": 1459000000.0,
      "Investments And Advances": 214508000000.0,
      "Investmentin Financial Assets": 207613000000.0,
      "Available For Sale Securities": 20587000000.0,
      "Financial Assets Designatedas Fair Value Through Profitor Loss Total": 29028000000.0,
      "Long Term Equity Investment": 6895000000.0,
      "Investment Properties": 9384000000.0,
      "Goodwill And Other Intangible Assets": 4212000000.0,
      "Other Intangible Assets": 1028000000.0,
      "Goodwill": 3184000000.0,
      "Net PPE": 2125000000.0,
      "Accumulated Depreciation": -1672000000.0,
      "Gross PPE": 3797000000.0,
      "Other Properties": 2753000000.0,
      "Machinery Furniture Equipment": 1044000000.0,
      "Land And Improvements": 2242000000.0,
      "Prepaid Assets": null,
      "Inventory": 0.0,
      "Other Receivables": 5223000000.0,
      "Taxes Receivable": 1920000000.0,
      "Cash Cash Equivalents And Short Term Investments": 8570000000.0,
      "Other Short Term Investments": 167254000000.0,
      "Cash And Cash Equivalents": 8570000000.0
    },
    "2022-12-31T00:00:00": {
      "Treasury Shares Number": 2455748.0,
      "Ordinary Shares Number": 137643183.0,
      "Share Issued": 140098931.0,
      "Net Debt": null,
      "Total Debt": 4748000000.0,
      "Tangible Book Value": 22810000000.0,
      "Invested Capital": 31841000000.0,
      "Net Tangible Assets": 22810000000.0,
      "Capital Lease Obligations": 356000000.0,
      "Common Stock Equity": 27093000000.0,
      "Total Capitalization": 31841000000.0,
      "Total Equity Gross Minority Interest": 27245000000.0,
      "Minority Interest": 152000000.0,
      "Stockholders Equity": 27093000000.0,
      "Retained Earnings": 20693000000.0,
      "Capital Stock": 7422000000.0,
      "Common Stock": 7422000000.0,
      "Total Liabilities Net Minority Interest": 242146000000.0,
      "Derivative Product Liabilities": 1466000000.0,
      "Non Current Pension And Other Postretirement Benefit Plans": 22000000.0,
      "Non Current Deferred Taxes Liabilities": 1751000000.0,
      "Long Term Debt And Capital Lease Obligation": 4748000000.0,
      "Long Term Capital Lease Obligation": 356000000.0,
      "Long Term Debt": 4748000000.0,
      "Long Term Provisions": 2661000000.0,
      "Payables": 1569000000.0,
      "Other Payable": 4000000.0,
      "Total Tax Payable": 1569000000.0,
      "Accounts Payable": 15534000000.0,
      "Total Assets": 269391000000.0,
      "Non Current Deferred Taxes Assets": 2862000000.0,
      "Financial Assets": 0.0,
      "Investments And Advances": 215366000000.0,
      "Investmentin Financial Assets": 69005000000.0,
      "Available For Sale Securities": 65021000000.0,
      "Financial Assets Designatedas Fair Value Through Profitor Loss Total": 3984000000.0,
      "Long Term Equity Investment": 5945000000.0,
      "Investment Properties": 9619000000.0,
      "Goodwill And Other Intangible Assets": 4283000000.0,
      "Other Intangible Assets": 1043000000.0,
      "Goodwill": 3240000000.0,
      "Net PPE": 2125000000.0,
      "Accumulated Depreciation": -1623000000.0,
      "Gross PPE": 3748000000.0,
      "Other Properties": 547000000.0,
      "Machinery Furniture Equipment": 1034000000.0,
      "Land And Improvements": 2167000000.0,
      "Prepaid Assets": 507000000.0,
      "Inventory": 0.0,
      "Other Receivables": 5495000000.0,
      "Taxes Receivable": 695000000.0,
      "Cash Cash Equivalents And Short Term Investments": 146855000000.0,
      "Other Short Term Investments": 140416000000.0,
      "Cash And Cash Equivalents": 6439000000.0
    },
    "2021-12-31T00:00:00": {
      "Treasury Shares Number": null,
      "Ordinary Shares Number": 140098931.0,
      "Share Issued": 140098931.0,
      "Net Debt": null,
      "Total Debt": 6797000000.0,
      "Tangible Book Value": 26450000000.0,
      "Invested Capital": 37193000000.0,
      "Net Tangible Assets": 26450000000.0,
      "Capital Lease Obligations": 433000000.0,
      "Common Stock Equity": 30829000000.0,
      "Total Capitalization": 37193000000.0,
      "Total Equity Gross Minority Interest": 30945000000.0,
      "Minority Interest": 116000000.0,
      "Stockholders Equity": 30829000000.0,
      "Retained Earnings": 16755000000.0,
      "Capital Stock": 7432000000.0,
      "Common Stock": 7432000000.0,
      "Total Liabilities Net Minority Interest": 281460000000.0,
      "Derivative Product Liabilities": 3457000000.0,
      "Non Current Pension And Other Postretirement Benefit Plans": 23000000.0,
      "Non Current Deferred Taxes Liabilities": 1300000000.0,
      "Long Term Debt And Capital Lease Obligation": 6797000000.0,
      "Long Term Capital Lease Obligation": 433000000.0,
      "Long Term Debt": 6364000000.0,
      "Long Term Provisions": 4958000000.0,
      "Payables": 17705000000.0,
      "Other Payable": 27000000.0,
      "Total Tax Payable": 1845000000.0,
      "Accounts Payable": 15833000000.0,
      "Total Assets": 312405000000.0,
      "Non Current Deferred Taxes Assets": 503000000.0,
      "Financial Assets": 12000000.0,
      "Investments And Advances": 182788000000.0,
      "Investmentin Financial Assets": 16685000000.0,
      "Available For Sale Securities": 13723000000.0,
      "Financial Assets Designatedas Fair Value Through Profitor Loss Total": 2950000000.0,
      "Long Term Equity Investment": 3635000000.0,
      "Investment Properties": null,
      "Goodwill And Other Intangible Assets": 4379000000.0,
      "Other Intangible Assets": 1287000000.0,
      "Goodwill": 3092000000.0,
      "Net PPE": 9172000000.0,
      "Accumulated Depreciation": -3610000000.0,
      "Gross PPE": 12782000000.0,
      "Other Properties": null,
      "Machinery Furniture Equipment": 971000000.0,
      "Land And Improvements": 11811000000.0,
      "Prepaid Assets": 736000000.0,
      "Inventory": null,
      "Other Receivables": 29058000000.0,
      "Taxes Receivable": 715000000.0,
      "Cash Cash Equivalents And Short Term Investments": 171244000000.0,
      "Other Short Term Investments": 162468000000.0,
      "Cash And Cash Equivalents": 8776000000.0
    }
  },
  "cashflow": {
    "2024-12-31T00:00:00": {
      "Free Cash Flow": 2827000000.0,
      "Repurchase Of Capital Stock": -1437000000.0,
      "Repayment Of Debt": -141000000.0,
      "Issuance Of Debt": 1487000000.0,
      "Issuance Of Capital Stock": 0.0,
      "Capital Expenditure": -316000000.0,
      "End Cash Position": 6128000000.0,
      "Other Cash Adjustment Outside Changein Cash": 1000000.0,
      "Beginning Cash Position": 5595000000.0,
      "Effect Of Exchange Rate Changes": 122000000.0,
      "Changes In Cash": 410000000.0,
      "Financing Cash Flow": -2228000000.0,
      "Net Other Financing Charges": -131000000.0,
      "Cash Dividends Paid": -2006000000.0,
      "Common Stock Dividend Paid": -2006000000.0,
      "Net Common Stock Issuance": -1437000000.0,
      "Common Stock Payments": -1437000000.0,
      "Common Stock Issuance": 0.0,
      "Net Issuance Payments Of Debt": 1346000000.0,
      "Net Long Term Debt Issuance": 1346000000.0,
      "Long Term Debt Payments": -141000000.0,
      "Long Term Debt Issuance": 1487000000.0,
      "Investing Cash Flow": -505000000.0,
      "Net Other Investing Changes": 2000000.0,
      "Net Investment Purchase And Sale": null,
      "Net Business Purchase And Sale": -293000000.0,
      "Sale Of Business": 47000000.0,
      "Purchase Of Business": -340000000.0,
      "Net Intangibles Purchase And Sale": -60000000.0,
      "Sale Of Intangibles": 89000000.0,
      "Purchase Of Intangibles": -149000000.0,
      "Net PPE Purchase And Sale": -154000000.0,
      "Sale Of PPE": 13000000.0,
      "Purchase Of PPE": -167000000.0,
      "Operating Cash Flow": 3143000000.0,
      "Change In Working Capital": -5739000000.0,
      "Change In Other Current Assets": -5758000000.0,
      "Change In Prepaid Assets": null,
      "Other Non Cash Items": 81000000.0,
      "Depreciation And Amortization": 375000000.0,
      "Depreciation": 375000000.0,
      "Gain Loss On Investment Securities": 2732000000.0,
      "Gain Loss On Sale Of Business": 24000000.0,
      "Net Income From Continuing Operations": 5671000000.0
    },
    "2023-12-31T00:00:00": {
      "Free Cash Flow": 2197000000.0,
      "Repurchase Of Capital Stock": -1041000000.0,
      "Repayment Of Debt": -134000000.0,
      "Issuance Of Debt": 0.0,
      "Issuance Of Capital Stock": 0.0,
      "Capital Expenditure": -346000000.0,
      "End Cash Position": 5621000000.0,
      "Other Cash Adjustment Outside Changein Cash": -2000000.0,
      "Beginning Cash Position": 6439000000.0,
      "Effect Of Exchange Rate Changes": -47000000.0,
      "Changes In Cash": -769000000.0,
      "Financing Cash Flow": -2983000000.0,
      "Net Other Financing Charges": -225000000.0,
      "Cash Dividends Paid": -1583000000.0,
      "Common Stock Dividend Paid": -1583000000.0,
      "Net Common Stock Issuance": -1041000000.0,
      "Common Stock Payments": -1041000000.0,
      "Common Stock Issuance": 0.0,
      "Net Issuance Payments Of Debt": -134000000.0,
      "Net Long Term Debt Issuance": -134000000.0,
      "Long Term Debt Payments": -134000000.0,
      "Long Term Debt Issuance": 0.0,
      "Investing Cash Flow": -329000000.0,
      "Net Other Investing Changes": 6000000.0,
      "Net Investment Purchase And Sale": null,
      "Net Business Purchase And Sale": -29000000.0,
      "Sale Of Business": 19000000.0,
      "Purchase Of Business": -48000000.0,
      "Net Intangibles Purchase And Sale": -194000000.0,
      "Sale Of Intangibles": 4000000.0,
      "Purchase Of Intangibles": -198000000.0,
      "Net PPE Purchase And Sale": -112000000.0,
      "Sale Of PPE": 36000000.0,
      "Purchase Of PPE": -148000000.0,
      "Operating Cash Flow": 2543000000.0,
      "Change In Working Capital": -5297000000.0,
      "Change In Other Current Assets": -5238000000.0,
      "Change In Prepaid Assets": null,
      "Other Non Cash Items": 321000000.0,
      "Depreciation And Amortization": 317000000.0,
      "Depreciation": 317000000.0,
      "Gain Loss On Investment Securities": 2594000000.0,
      "Gain Loss On Sale Of Business": 13000000.0,
      "Net Income From Continuing Operations": 4597000000.0
    },
    "2022-12-31T00:00:00": {
      "Free Cash Flow": 3623000000.0,
      "Repurchase Of Capital Stock": -605000000.0,
      "Repayment Of Debt": -457000000.0,
      "Issuance Of Debt": 0.0,
      "Issuance Of Capital Stock": 0.0,
      "Capital Expenditure": -349000000.0,
      "End Cash Position": 6448000000.0,
      "Other Cash Adjustment Outside Changein Cash": -1000000.0,
      "Beginning Cash Position": 5413000000.0,
      "Effect Of Exchange Rate Changes": 35000000.0,
      "Changes In Cash": 1000000000.0,
      "Financing Cash Flow": -2702000000.0,
      "Net Other Financing Charges": -91000000.0,
      "Cash Dividends Paid": -1549000000.0,
      "Common Stock Dividend Paid": -1549000000.0,
      "Net Common Stock Issuance": -605000000.0,
      "Common Stock Payments": -605000000.0,
      "Common Stock Issuance": 0.0,
      "Net Issuance Payments Of Debt": -457000000.0,
      "Net Long Term Debt Issuance": -457000000.0,
      "Long Term Debt Payments": -457000000.0,
      "Long Term Debt Issuance": 0.0,
      "Investing Cash Flow": -270000000.0,
      "Net Other Investing Changes": -9000000.0,
      "Net Investment Purchase And Sale": 11276000000.0,
      "Net Business Purchase And Sale": 37000000.0,
      "Sale Of Business": 37000000.0,
      "Purchase Of Business": null,
      "Net Intangibles Purchase And Sale": -204000000.0,
      "Sale Of Intangibles": 5000000.0,
      "Purchase Of Intangibles": -209000000.0,
      "Net PPE Purchase And Sale": -94000000.0,
      "Sale Of PPE": 46000000.0,
      "Purchase Of PPE": -140000000.0,
      "Operating Cash Flow": 3972000000.0,
      "Change In Working Capital": -9861000000.0,
      "Change In Other Current Assets": -8625000000.0,
      "Change In Prepaid Assets": -848000000.0,
      "Other Non Cash Items": 677000000.0,
      "Depreciation And Amortization": 2873000000.0,
      "Depreciation": 2873000000.0,
      "Gain Loss On Investment Securities": 4981000000.0,
      "Gain Loss On Sale Of Business": -7000000.0,
      "Net Income From Continuing Operations": 5309000000.0
    },
    "2021-12-31T00:00:00": {
      "Free Cash Flow": 5226000000.0,
      "Repurchase Of Capital Stock": null,
      "Repayment Of Debt": null,
      "Issuance Of Debt": null,
      "Issuance Of Capital Stock": 0.0,
      "Capital Expenditure": null,
      "End Cash Position": 5487000000.0,
      "Other Cash Adjustment Outside Changein Cash": -1000000.0,
      "Beginning Cash Position": 5615000000.0,
      "Effect Of Exchange Rate Changes": 146000000.0,
      "Changes In Cash": -273000000.0,
      "Financing Cash Flow": -1681000000.0,
      "Net Other Financing Charges": -303000000.0,
      "Cash Dividends Paid": -1378000000.0,
      "Common Stock Dividend Paid": -1378000000.0,
      "Net Common Stock Issuance": 0.0,
      "Common Stock Payments": null,
      "Common Stock Issuance": 0.0,
      "Net Issuance Payments Of Debt": null,
      "Net Long Term Debt Issuance": null,
      "Long Term Debt Payments": null,
      "Long Term Debt Issuance": null,
      "Investing Cash Flow": -3818000000.0,
      "Net Other Investing Changes": 5000000.0,
      "Net Investment Purchase And Sale": -3670000000.0,
      "Net Business Purchase And Sale": -153000000.0,
      "Sale Of Business": null,
      "Purchase Of Business": -153000000.0,
      "Net Intangibles Purchase And Sale": null,
      "Sale Of Intangibles": null,
      "Purchase Of Intangibles": null,
      "Net PPE Purchase And Sale": null,
      "Sale Of PPE": null,
      "Purchase Of PPE": null,
      "Operating Cash Flow": 5226000000.0,
      "Change In Working Capital": 6442000000.0,
      "Change In Other Current Assets": -3481000000.0,
      "Change In Prepaid Assets": -757000000.0,
      "Other Non Cash Items": -672000000.0,
      "Depreciation And Amortization": null,
      "Depreciation": null,
      "Gain Loss On Investment Securities": -3476000000.0,
      "Gain Loss On Sale Of Business": null,
      "Net Income From Continuing Operations": 2932000000.0
    }
  },
  "earnings_estimate": {
    "avg": {
      "0q": 7.24782,
      "+1q": 12.30724,
      "0y": 48.07158,
      "+1y": 50.94986
    },
    "low": {
      "0q": 6.54,
      "+1q": 12.29898,
      "0y": 45.78,
      "+1y": 48.958
    },
    "high": {
      "0q": 7.91327,
      "+1q": 12.31549,
      "0y": 53.477,
      "+1y": 55.23
    },
    "yearAgoEps": {
      "0q": 7.54,
      "+1q": 8.34,
      "0y": 42.78,
      "+1y": 48.07158
    },
    "numberOfAnalysts": {
      "0q": 3,
      "+1q": 2,
      "0y": 12,
      "+1y": 12
    },
    "growth": {
      "0q": -0.0388,
      "+1q": 0.4757,
      "0y": 0.1237,
      "+1y": 0.059899997
    }
  },
  "revenue_estimate": {
    "avg": {
      "0q": 18766000000,
      "+1q": 0,
      "0y": 71041032420,
      "+1y": 73612757840
    },
    "low": {
      "0q": 18766000000,
      "+1q": 0,
      "0y": 60810129700,
      "+1y": 62715031360
    },
    "high": {
      "0q": 18766000000,
      "+1q": 0,
      "0y": 75031000000,
      "+1y": 77816000000
    },
    "numberOfAnalysts": {
      "0q": 1,
      "+1q": 0,
      "0y": 4,
      "+1y": 4
    },
    "yearAgoRevenue": {
      "0q": 17019000000.0,
      "+1q": null,
      "0y": 72807000000.0,
      "+1y": 71041032420.0
    },
    "growth": {
      "0q": 0.1026,
      "+1q": null,
      "0y": -0.024300002,
      "+1y": 0.036199998
    }
  },
  "growth_estimates": {
    "stockTrend": {
      "0q": -0.0388,
      "+1q": 0.4757,
      "0y": 0.1237,
      "+1y": 0.059899997,
      "LTG": null
    },
    "indexTrend": {
      "0q": 0.1273,
      "+1q": 0.103599995,
      "0y": 0.14310001,
      "+1y": 0.1557,
      "LTG": 0.122
    }
  },
  "revenue_forecasts": null,
  "dividend_rate": 20.0,
  "trailing_dividend_rate": 20.0
}