{
  "ticker": "NA.TO",
  "name": "National Bank",
  "country": "canada",
  "currency": "CAD",
  "last_fetched": "2026-02-26T20:52:14.190772",
  "market_cap": 75273027584,
  "revenue": 13454000128,
  "net_income": 4108999936,
  "pe_ratio": 19.060577,
  "forward_pe": 13.698757,
  "dividend_yield": 2.62,
  "profit_margin": 0.31768,
  "roe": null,
  "debt_to_equity": null,
  "beta": null,
  "ev_to_ebitda": null,
  "sector": "Financial Services",
  "industry": "Banks - Diversified",
  "summary": "National Bank of Canada provides financial services to individuals, businesses, institutional clients, and governments in Canada and internationally. It operates through four segments: Personal and Commercial, Wealth Management, Financial Markets, and U.S. Specialty Finance and International. The Personal and Commercial segment offers banking, financing, and investing services to individuals, advisors, and businesses, as well as insurance operations. The Wealth Management segment provides investment solutions, trust services, banking services, lending services, and other wealth management solutions offered through internal and third-party distribution networks. The Financial Markets segment offers corporate and investment banking solutions for large and mid-size corporations, public sector organizations, and institutional investors. The U.S. Specialty Finance and International segment provides specialty finance products; and personal and commercial banking in Cambodia. National Bank of Canada was founded in 1859 and is headquartered in Montreal, Canada.",
  "website": "https://www.nbc.ca",
  "employees": 33200,
  "target_high": 202.0,
  "target_low": 153.0,
  "target_mean": 184.57143,
  "target_median": 189.0,
  "recommendation": "buy",
  "num_analysts": 14,
  "income_stmt": {
    "2025-10-31T00:00:00": {
      "Tax Effect Of Unusual Items": -154000000.0,
      "Tax Rate For Calcs": 0.22,
      "Total Unusual Items": -700000000.0,
      "Total Unusual Items Excluding Goodwill": -700000000.0,
      "Net Income From Continuing Operation Net Minority Interest": 4017000000.0,
      "Reconciled Depreciation": 654000000.0,
      "Net Interest Income": 4518000000.0,
      "Interest Expense": 16780000000.0,
      "Interest Income": 21298000000.0,
      "Normalized Income": 4563000000.0,
      "Net Income From Continuing And Discontinued Operation": 4017000000.0,
      "Diluted Average Shares": 382478000.0,
      "Basic Average Shares": 378495000.0,
      "Diluted EPS": 10.07,
      "Basic EPS": 10.18,
      "Diluted NI Availto Com Stockholders": 3852000000.0,
      "Net Income Common Stockholders": 3852000000.0,
      "Preferred Stock Dividends": 165000000.0,
      "Net Income": 4017000000.0,
      "Minority Interests": 0.0,
      "Net Income Including Noncontrolling Interests": 4017000000.0,
      "Net Income Continuous Operations": 4017000000.0,
      "Tax Provision": 1117000000.0,
      "Pretax Income": 5134000000.0,
      "Special Income Charges": -700000000.0,
      "Other Special Charges": null,
      "Impairment Of Capital Assets": 67000000.0,
      "Restructuring And Mergern Acquisition": 633000000.0,
      "Gain On Sale Of Security": 125000000.0,
      "Selling General And Administration": 4549000000.0,
      "General And Administrative Expense": 4549000000.0,
      "Salaries And Wages": 4549000000.0,
      "Total Revenue": 14016000000.0,
      "Operating Revenue": 14016000000.0,
      "Occupancy And Equipment": 423000000.0,
      "Professional Expense And Contract Services Expense": 492000000.0,
      "Other Non Interest Expense": 1717000000.0
    },
    "2024-10-31T00:00:00": {
      "Tax Effect Of Unusual Items": -7800000.0,
      "Tax Rate For Calcs": 0.2,
      "Total Unusual Items": -39000000.0,
      "Total Unusual Items Excluding Goodwill": -39000000.0,
      "Net Income From Continuing Operation Net Minority Interest": 3817000000.0,
      "Reconciled Depreciation": 514000000.0,
      "Net Interest Income": 2939000000.0,
      "Interest Expense": 17032000000.0,
      "Interest Income": 19971000000.0,
      "Normalized Income": 3848200000.0,
      "Net Income From Continuing And Discontinued Operation": 3817000000.0,
      "Diluted Average Shares": 342839000.0,
      "Basic Average Shares": 339733000.0,
      "Diluted EPS": 10.68,
      "Basic EPS": 10.78,
      "Diluted NI Availto Com Stockholders": 3663000000.0,
      "Net Income Common Stockholders": 3663000000.0,
      "Preferred Stock Dividends": 154000000.0,
      "Net Income": 3817000000.0,
      "Minority Interests": 1000000.0,
      "Net Income Including Noncontrolling Interests": 3816000000.0,
      "Net Income Continuous Operations": 3816000000.0,
      "Tax Provision": 961000000.0,
      "Pretax Income": 4777000000.0,
      "Special Income Charges": -39000000.0,
      "Other Special Charges": null,
      "Impairment Of Capital Assets": 4000000.0,
      "Restructuring And Mergern Acquisition": 35000000.0,
      "Gain On Sale Of Security": 316000000.0,
      "Selling General And Administration": 3725000000.0,
      "General And Administrative Expense": 3725000000.0,
      "Salaries And Wages": 3725000000.0,
      "Total Revenue": 11407000000.0,
      "Operating Revenue": 11407000000.0,
      "Occupancy And Equipment": 366000000.0,
      "Professional Expense And Contract Services Expense": 316000000.0,
      "Other Non Interest Expense": 1625000000.0
    },
    "2023-10-31T00:00:00": {
      "Tax Effect Of Unusual Items": -26080000.0,
      "Tax Rate For Calcs": 0.16,
      "Total Unusual Items": -163000000.0,
      "Total Unusual Items Excluding Goodwill": -163000000.0,
      "Net Income From Continuing Operation Net Minority Interest": 3291000000.0,
      "Reconciled Depreciation": 524000000.0,
      "Net Interest Income": 3586000000.0,
      "Interest Expense": 13191000000.0,
      "Interest Income": 16777000000.0,
      "Normalized Income": 3427920000.0,
      "Net Income From Continuing And Discontinued Operation": 3291000000.0,
      "Diluted Average Shares": 340768000.0,
      "Basic Average Shares": 337660000.0,
      "Diluted EPS": 9.24,
      "Basic EPS": 9.33,
      "Diluted NI Availto Com Stockholders": 3150000000.0,
      "Net Income Common Stockholders": 3150000000.0,
      "Preferred Stock Dividends": 141000000.0,
      "Net Income": 3291000000.0,
      "Minority Interests": 2000000.0,
      "Net Income Including Noncontrolling Interests": 3289000000.0,
      "Net Income Continuous Operations": 3289000000.0,
      "Tax Provision": 619000000.0,
      "Pretax Income": 3908000000.0,
      "Special Income Charges": -163000000.0,
      "Other Special Charges": 75000000.0,
      "Impairment Of Capital Assets": 88000000.0,
      "Restructuring And Mergern Acquisition": 0.0,
      "Gain On Sale Of Security": 72000000.0,
      "Selling General And Administration": 3425000000.0,
      "General And Administrative Expense": 3425000000.0,
      "Salaries And Wages": 3425000000.0,
      "Total Revenue": 10049000000.0,
      "Operating Revenue": 10049000000.0,
      "Occupancy And Equipment": 350000000.0,
      "Professional Expense And Contract Services Expense": 256000000.0,
      "Other Non Interest Expense": 1559000000.0
    },
    "2022-10-31T00:00:00": {
      "Tax Effect Of Unusual Items": -1680000.0,
      "Tax Rate For Calcs": 0.21,
      "Total Unusual Items": -8000000.0,
      "Total Unusual Items Excluding Goodwill": -8000000.0,
      "Net Income From Continuing Operation Net Minority Interest": 3384000000.0,
      "Reconciled Depreciation": 481000000.0,
      "Net Interest Income": 5271000000.0,
      "Interest Expense": 4274000000.0,
      "Interest Income": 9545000000.0,
      "Normalized Income": 3390320000.0,
      "Net Income From Continuing And Discontinued Operation": 3384000000.0,
      "Diluted Average Shares": 340837000.0,
      "Basic Average Shares": 337099000.0,
      "Diluted EPS": 9.61,
      "Basic EPS": 9.72,
      "Diluted NI Availto Com Stockholders": 3277000000.0,
      "Net Income Common Stockholders": 3277000000.0,
      "Preferred Stock Dividends": 107000000.0,
      "Net Income": 3384000000.0,
      "Minority Interests": 1000000.0,
      "Net Income Including Noncontrolling Interests": 3383000000.0,
      "Net Income Continuous Operations": 3383000000.0,
      "Tax Provision": 894000000.0,
      "Pretax Income": 4277000000.0,
      "Special Income Charges": -8000000.0,
      "Other Special Charges": null,
      "Impairment Of Capital Assets": 8000000.0,
      "Restructuring And Mergern Acquisition": null,
      "Gain On Sale Of Security": 108000000.0,
      "Selling General And Administration": 3284000000.0,
      "General And Administrative Expense": 3284000000.0,
      "Salaries And Wages": 3284000000.0,
      "Total Revenue": 9619000000.0,
      "Operating Revenue": 9619000000.0,
      "Occupancy And Equipment": 312000000.0,
      "Professional Expense And Contract Services Expense": 249000000.0,
      "Other Non Interest Expense": 1377000000.0
    }
  },
  "quarterly_income": {
    "2025-10-31T00:00:00": {
      "Tax Effect Of Unusual Items": -40781272.860278,
      "Tax Rate For Calcs": 0.225311,
      "Total Unusual Items": -181000000.0,
      "Total Unusual Items Excluding Goodwill": -181000000.0,
      "Net Income From Continuing Operation Net Minority Interest": 1059000000.0,
      "Reconciled Depreciation": 215000000.0,
      "Net Interest Income": 1169000000.0,
      "Interest Expense": 4382000000.0,
      "Interest Income": 5551000000.0,
      "Normalized Income": 1199218727.139722,
      "Net Income From Continuing And Discontinued Operation": 1059000000.0,
      "Diluted Average Shares": null,
      "Basic Average Shares": null,
      "Diluted EPS": null,
      "Basic EPS": null,
      "Diluted NI Availto Com Stockholders": 1018000000.0,
      "Net Income Common Stockholders": 1018000000.0,
      "Preferred Stock Dividends": 41000000.0,
      "Net Income": 1059000000.0,
      "Minority Interests": 0.0,
      "Net Income Including Noncontrolling Interests": 1059000000.0,
      "Net Income Continuous Operations": 1059000000.0,
      "Tax Provision": 308000000.0,
      "Pretax Income": 1367000000.0,
      "Special Income Charges": -181000000.0,
      "Restructuring And Mergern Acquisition": 114000000.0,
      "Gain On Sale Of Security": 64000000.0,
      "Selling General And Administration": 1155000000.0,
      "General And Administrative Expense": 1155000000.0,
      "Salaries And Wages": 1155000000.0,
      "Total Revenue": 3696000000.0,
      "Operating Revenue": 3696000000.0,
      "Occupancy And Equipment": 129000000.0,
      "Professional Expense And Contract Services Expense": 150000000.0,
      "Other Non Interest Expense": 472000000.0
    },
    "2025-07-31T00:00:00": {
      "Tax Effect Of Unusual Items": -17860000.0,
      "Tax Rate For Calcs": 0.19,
      "Total Unusual Items": -94000000.0,
      "Total Unusual Items Excluding Goodwill": -94000000.0,
      "Net Income From Continuing Operation Net Minority Interest": 1065000000.0,
      "Reconciled Depreciation": 147000000.0,
      "Net Interest Income": 1172000000.0,
      "Interest Expense": 4264000000.0,
      "Interest Income": 5436000000.0,
      "Normalized Income": 1141140000.0,
      "Net Income From Continuing And Discontinued Operation": 1065000000.0,
      "Diluted Average Shares": 395919000.0,
      "Basic Average Shares": 391609000.0,
      "Diluted EPS": 2.58,
      "Basic EPS": 2.61,
      "Diluted NI Availto Com Stockholders": 1023000000.0,
      "Net Income Common Stockholders": 1023000000.0,
      "Preferred Stock Dividends": 42000000.0,
      "Net Income": 1065000000.0,
      "Minority Interests": 0.0,
      "Net Income Including Noncontrolling Interests": 1065000000.0,
      "Net Income Continuous Operations": 1065000000.0,
      "Tax Provision": 256000000.0,
      "Pretax Income": 1321000000.0,
      "Special Income Charges": -94000000.0,
      "Restructuring And Mergern Acquisition": 94000000.0,
      "Gain On Sale Of Security": 12000000.0,
      "Selling General And Administration": 1161000000.0,
      "General And Administrative Expense": 1161000000.0,
      "Salaries And Wages": 1161000000.0,
      "Total Revenue": 3440000000.0,
      "Operating Revenue": 3440000000.0,
      "Occupancy And Equipment": 110000000.0,
      "Professional Expense And Contract Services Expense": 129000000.0,
      "Other Non Interest Expense": 431000000.0
    },
    "2025-04-30T00:00:00": {
      "Tax Effect Of Unusual Items": -80040000.0,
      "Tax Rate For Calcs": 0.23,
      "Total Unusual Items": -348000000.0,
      "Total Unusual Items Excluding Goodwill": -348000000.0,
      "Net Income From Continuing Operation Net Minority Interest": 896000000.0,
      "Reconciled Depreciation": 154000000.0,
      "Net Interest Income": 1205000000.0,
      "Interest Expense": 4057000000.0,
      "Interest Income": 5262000000.0,
      "Normalized Income": 1163960000.0,
      "Net Income From Continuing And Discontinued Operation": 896000000.0,
      "Diluted Average Shares": 393878000.0,
      "Basic Average Shares": 390124000.0,
      "Diluted EPS": 2.17,
      "Basic EPS": 2.19,
      "Diluted NI Availto Com Stockholders": 853000000.0,
      "Net Income Common Stockholders": 853000000.0,
      "Preferred Stock Dividends": 43000000.0,
      "Net Income": 896000000.0,
      "Minority Interests": 0.0,
      "Net Income Including Noncontrolling Interests": 896000000.0,
      "Net Income Continuous Operations": 896000000.0,
      "Tax Provision": 267000000.0,
      "Pretax Income": 1163000000.0,
      "Special Income Charges": -348000000.0,
      "Restructuring And Mergern Acquisition": 348000000.0,
      "Gain On Sale Of Security": 23000000.0,
      "Selling General And Administration": 1196000000.0,
      "General And Administrative Expense": 1196000000.0,
      "Salaries And Wages": 1196000000.0,
      "Total Revenue": 3649000000.0,
      "Operating Revenue": 3649000000.0,
      "Occupancy And Equipment": 87000000.0,
      "Professional Expense And Contract Services Expense": 120000000.0,
      "Other Non Interest Expense": 421000000.0
    },
    "2025-01-31T00:00:00": {
      "Tax Effect Of Unusual Items": -16940000.0,
      "Tax Rate For Calcs": 0.22,
      "Total Unusual Items": -77000000.0,
      "Total Unusual Items Excluding Goodwill": -77000000.0,
      "Net Income From Continuing Operation Net Minority Interest": 997000000.0,
      "Reconciled Depreciation": 138000000.0,
      "Net Interest Income": 972000000.0,
      "Interest Expense": 4077000000.0,
      "Interest Income": 5049000000.0,
      "Normalized Income": 1057060000.0,
      "Net Income From Continuing And Discontinued Operation": 997000000.0,
      "Diluted Average Shares": 344954000.0,
      "Basic Average Shares": 340739000.0,
      "Diluted EPS": 2.78,
      "Basic EPS": 2.81,
      "Diluted NI Availto Com Stockholders": 958000000.0,
      "Net Income Common Stockholders": 958000000.0,
      "Preferred Stock Dividends": 39000000.0,
      "Net Income": 997000000.0,
      "Minority Interests": 0.0,
      "Net Income Including Noncontrolling Interests": 997000000.0,
      "Net Income Continuous Operations": 997000000.0,
      "Tax Provision": 286000000.0,
      "Pretax Income": 1283000000.0,
      "Special Income Charges": -77000000.0,
      "Restructuring And Mergern Acquisition": 77000000.0,
      "Gain On Sale Of Security": 26000000.0,
      "Selling General And Administration": 1037000000.0,
      "General And Administrative Expense": 1037000000.0,
      "Salaries And Wages": 1037000000.0,
      "Total Revenue": 3231000000.0,
      "Operating Revenue": 3231000000.0,
      "Occupancy And Equipment": 97000000.0,
      "Professional Expense And Contract Services Expense": 93000000.0,
      "Other Non Interest Expense": 393000000.0
    },
    "2024-10-31T00:00:00": {
      "Tax Effect Of Unusual Items": -3949579.831933,
      "Tax Rate For Calcs": 0.197479,
      "Total Unusual Items": -20000000.0,
      "Total Unusual Items Excluding Goodwill": -20000000.0,
      "Net Income From Continuing Operation Net Minority Interest": 955000000.0,
      "Reconciled Depreciation": 130000000.0,
      "Net Interest Income": 784000000.0,
      "Interest Expense": 4374000000.0,
      "Interest Income": 5158000000.0,
      "Normalized Income": 971050420.168067,
      "Net Income From Continuing And Discontinued Operation": 955000000.0,
      "Diluted Average Shares": null,
      "Basic Average Shares": null,
      "Diluted EPS": null,
      "Basic EPS": null,
      "Diluted NI Availto Com Stockholders": 915000000.0,
      "Net Income Common Stockholders": 915000000.0,
      "Preferred Stock Dividends": 40000000.0,
      "Net Income": 955000000.0,
      "Minority Interests": 0.0,
      "Net Income Including Noncontrolling Interests": 955000000.0,
      "Net Income Continuous Operations": 955000000.0,
      "Tax Provision": 235000000.0,
      "Pretax Income": 1190000000.0,
      "Special Income Charges": -20000000.0,
      "Restructuring And Mergern Acquisition": 16000000.0,
      "Gain On Sale Of Security": 99000000.0,
      "Selling General And Administration": 954000000.0,
      "General And Administrative Expense": 954000000.0,
      "Salaries And Wages": 954000000.0,
      "Total Revenue": 2944000000.0,
      "Operating Revenue": 2944000000.0,
      "Occupancy And Equipment": 96000000.0,
      "Professional Expense And Contract Services Expense": 102000000.0,
      "Other Non Interest Expense": 425000000.0
    },
    "2024-07-31T00:00:00": {
      "Tax Effect Of Unusual Items": null,
      "Tax Rate For Calcs": null,
      "Total Unusual Items": null,
      "Total Unusual Items Excluding Goodwill": null,
      "Net Income From Continuing Operation Net Minority Interest": null,
      "Reconciled Depreciation": null,
      "Net Interest Income": null,
      "Interest Expense": null,
      "Interest Income": null,
      "Normalized Income": null,
      "Net Income From Continuing And Discontinued Operation": null,
      "Diluted Average Shares": 343531000.0,
      "Basic Average Shares": 340215000.0,
      "Diluted EPS": 2.89,
      "Basic EPS": 2.92,
      "Diluted NI Availto Com Stockholders": null,
      "Net Income Common Stockholders": null,
      "Preferred Stock Dividends": null,
      "Net Income": null,
      "Minority Interests": null,
      "Net Income Including Noncontrolling Interests": null,
      "Net Income Continuous Operations": null,
      "Tax Provision": null,
      "Pretax Income": null,
      "Special Income Charges": null,
      "Restructuring And Mergern Acquisition": null,
      "Gain On Sale Of Security": null,
      "Selling General And Administration": null,
      "General And Administrative Expense": null,
      "Salaries And Wages": null,
      "Total Revenue": null,
      "Operating Revenue": null,
      "Occupancy And Equipment": null,
      "Professional Expense And Contract Services Expense": null,
      "Other Non Interest Expense": null
    }
  },
  "balance_sheet": {
    "2025-10-31T00:00:00": {
      "Treasury Shares Number": null,
      "Preferred Shares Number": 64000000.0,
      "Ordinary Shares Number": 391065541.0,
      "Share Issued": 391065541.0,
      "Net Debt": 79929000000.0,
      "Total Debt": 108489000000.0,
      "Tangible Book Value": 27306000000.0,
      "Invested Capital": 140000000000.0,
      "Net Tangible Assets": 28920000000.0,
      "Capital Lease Obligations": 644000000.0,
      "Common Stock Equity": 32155000000.0,
      "Preferred Stock Equity": 1614000000.0,
      "Total Capitalization": 77362000000.0,
      "Total Equity Gross Minority Interest": 33769000000.0,
      "Minority Interest": 0.0,
      "Stockholders Equity": 33769000000.0,
      "Other Equity Interest": 1500000000.0,
      "Gains Losses Not Affecting Retained Earnings": 287000000.0,
      "Retained Earnings": 20366000000.0,
      "Additional Paid In Capital": 137000000.0,
      "Capital Stock": 11479000000.0,
      "Common Stock": 9865000000.0,
      "Preferred Stock": 1614000000.0,
      "Total Liabilities Net Minority Interest": 543150000000.0,
      "Derivative Product Liabilities": 15989000000.0,
      "Employee Benefits": 98000000.0,
      "Non Current Deferred Liabilities": 324000000.0,
      "Non Current Deferred Taxes Liabilities": 324000000.0,
      "Long Term Debt And Capital Lease Obligation": 44148000000.0,
      "Long Term Capital Lease Obligation": 555000000.0,
      "Long Term Debt": 43593000000.0,
      "Long Term Provisions": 291000000.0,
      "Current Debt And Capital Lease Obligation": 64341000000.0,
      "Current Capital Lease Obligation": 89000000.0,
      "Current Debt": 64252000000.0,
      "Commercial Paper": 45109000000.0,
      "Current Notes Payable": 19143000000.0,
      "Payables And Accrued Expenses": 7917000000.0,
      "Payables": 7917000000.0,
      "Total Tax Payable": 185000000.0,
      "Income Tax Payable": 185000000.0,
      "Accounts Payable": 7732000000.0,
      "Total Assets": 576919000000.0,
      "Defined Pension Benefit": 441000000.0,
      "Investments And Advances": 188793000000.0,
      "Available For Sale Securities": 183466000000.0,
      "Long Term Equity Investment": 46000000.0,
      "Goodwill And Other Intangible Assets": 4849000000.0,
      "Other Intangible Assets": 1748000000.0,
      "Goodwill": 3101000000.0,
      "Net PPE": 2162000000.0,
      "Accumulated Depreciation": -1154000000.0,
      "Gross PPE": 3316000000.0,
      "Leases": 1667000000.0,
      "Construction In Progress": 0.0,
      "Other Properties": 185000000.0,
      "Machinery Furniture Equipment": 428000000.0,
      "Buildings And Improvements": 944000000.0,
      "Land And Improvements": 92000000.0,
      "Receivables": 5599000000.0,
      "Other Receivables": 2587000000.0,
      "Accounts Receivable": 3012000000.0,
      "Other Short Term Investments": 5281000000.0,
      "Cash And Cash Equivalents": 27916000000.0,
      "Cash Cash Equivalents And Federal Funds Sold": 55007000000.0
    },
    "2024-10-31T00:00:00": {
      "Treasury Shares Number": null,
      "Preferred Shares Number": 66000000.0,
      "Ordinary Shares Number": 340743876.0,
      "Share Issued": 340743876.0,
      "Net Debt": 42762000000.0,
      "Total Debt": 74783000000.0,
      "Tangible Book Value": 21145000000.0,
      "Invested Capital": 98211000000.0,
      "Net Tangible Assets": 22795000000.0,
      "Capital Lease Obligations": 472000000.0,
      "Common Stock Equity": 23900000000.0,
      "Preferred Stock Equity": 1650000000.0,
      "Total Capitalization": 67135000000.0,
      "Total Equity Gross Minority Interest": 25550000000.0,
      "Minority Interest": 0.0,
      "Stockholders Equity": 25550000000.0,
      "Other Equity Interest": 1500000000.0,
      "Gains Losses Not Affecting Retained Earnings": 219000000.0,
      "Retained Earnings": 18633000000.0,
      "Additional Paid In Capital": 85000000.0,
      "Capital Stock": 5113000000.0,
      "Common Stock": 3463000000.0,
      "Preferred Stock": 1650000000.0,
      "Total Liabilities Net Minority Interest": 436676000000.0,
      "Derivative Product Liabilities": 15765000000.0,
      "Employee Benefits": 103000000.0,
      "Non Current Deferred Liabilities": 69000000.0,
      "Non Current Deferred Taxes Liabilities": 69000000.0,
      "Long Term Debt And Capital Lease Obligation": 41982000000.0,
      "Long Term Capital Lease Obligation": 397000000.0,
      "Long Term Debt": 41585000000.0,
      "Long Term Provisions": 242000000.0,
      "Current Debt And Capital Lease Obligation": 32801000000.0,
      "Current Capital Lease Obligation": 75000000.0,
      "Current Debt": 32726000000.0,
      "Commercial Paper": 29288000000.0,
      "Current Notes Payable": 3438000000.0,
      "Payables And Accrued Expenses": 6699000000.0,
      "Payables": 6699000000.0,
      "Total Tax Payable": 123000000.0,
      "Income Tax Payable": 123000000.0,
      "Accounts Payable": 6576000000.0,
      "Total Assets": 462226000000.0,
      "Defined Pension Benefit": 487000000.0,
      "Investments And Advances": 145205000000.0,
      "Available For Sale Securities": 140965000000.0,
      "Long Term Equity Investment": 40000000.0,
      "Goodwill And Other Intangible Assets": 2755000000.0,
      "Other Intangible Assets": 1233000000.0,
      "Goodwill": 1522000000.0,
      "Net PPE": 1868000000.0,
      "Accumulated Depreciation": -960000000.0,
      "Gross PPE": 2828000000.0,
      "Leases": 1304000000.0,
      "Construction In Progress": 0.0,
      "Other Properties": 155000000.0,
      "Machinery Furniture Equipment": 384000000.0,
      "Buildings And Improvements": 895000000.0,
      "Land And Improvements": 90000000.0,
      "Receivables": 7292000000.0,
      "Other Receivables": 4248000000.0,
      "Accounts Receivable": 3044000000.0,
      "Other Short Term Investments": 4200000000.0,
      "Cash And Cash Equivalents": 31549000000.0,
      "Cash Cash Equivalents And Federal Funds Sold": 47814000000.0
    },
    "2023-10-31T00:00:00": {
      "Treasury Shares Number": 0.0,
      "Preferred Shares Number": 66000000.0,
      "Ordinary Shares Number": 338284629.0,
      "Share Issued": 338284629.0,
      "Net Debt": 17761000000.0,
      "Total Debt": 53512000000.0,
      "Tangible Book Value": 19155000000.0,
      "Invested Capital": 74927000000.0,
      "Net Tangible Assets": 20805000000.0,
      "Capital Lease Obligations": 517000000.0,
      "Common Stock Equity": 21932000000.0,
      "Preferred Stock Equity": 1650000000.0,
      "Total Capitalization": 55805000000.0,
      "Total Equity Gross Minority Interest": 23584000000.0,
      "Minority Interest": 2000000.0,
      "Stockholders Equity": 23582000000.0,
      "Other Equity Interest": 1500000000.0,
      "Gains Losses Not Affecting Retained Earnings": 420000000.0,
      "Retained Earnings": 16650000000.0,
      "Additional Paid In Capital": 68000000.0,
      "Capital Stock": 4944000000.0,
      "Common Stock": 3294000000.0,
      "Preferred Stock": 1650000000.0,
      "Total Liabilities Net Minority Interest": 399893000000.0,
      "Derivative Product Liabilities": 19911000000.0,
      "Employee Benefits": 94000000.0,
      "Non Current Deferred Liabilities": 28000000.0,
      "Non Current Deferred Taxes Liabilities": 28000000.0,
      "Long Term Debt And Capital Lease Obligation": 32631000000.0,
      "Long Term Capital Lease Obligation": 408000000.0,
      "Long Term Debt": 32223000000.0,
      "Long Term Provisions": 249000000.0,
      "Current Debt And Capital Lease Obligation": 20881000000.0,
      "Current Capital Lease Obligation": 109000000.0,
      "Current Debt": 20772000000.0,
      "Commercial Paper": 17520000000.0,
      "Current Notes Payable": 3252000000.0,
      "Payables And Accrued Expenses": 5353000000.0,
      "Payables": 5353000000.0,
      "Total Tax Payable": 204000000.0,
      "Income Tax Payable": 204000000.0,
      "Accounts Payable": 5149000000.0,
      "Total Assets": 423477000000.0,
      "Defined Pension Benefit": 356000000.0,
      "Investments And Advances": 121867000000.0,
      "Available For Sale Securities": 112576000000.0,
      "Long Term Equity Investment": 49000000.0,
      "Goodwill And Other Intangible Assets": 2777000000.0,
      "Other Intangible Assets": 1256000000.0,
      "Goodwill": 1521000000.0,
      "Net PPE": 1592000000.0,
      "Accumulated Depreciation": -866000000.0,
      "Gross PPE": 2458000000.0,
      "Leases": 1259000000.0,
      "Construction In Progress": 256000000.0,
      "Other Properties": 116000000.0,
      "Machinery Furniture Equipment": 317000000.0,
      "Buildings And Improvements": 436000000.0,
      "Land And Improvements": 74000000.0,
      "Receivables": 6186000000.0,
      "Other Receivables": 4043000000.0,
      "Accounts Receivable": 2143000000.0,
      "Other Short Term Investments": 9242000000.0,
      "Cash And Cash Equivalents": 35234000000.0,
      "Cash Cash Equivalents And Federal Funds Sold": 46494000000.0
    },
    "2022-10-31T00:00:00": {
      "Treasury Shares Number": null,
      "Preferred Shares Number": 66000000.0,
      "Ordinary Shares Number": 336582124.0,
      "Share Issued": 336582124.0,
      "Net Debt": 12455000000.0,
      "Total Debt": 44877000000.0,
      "Tangible Book Value": 17215000000.0,
      "Invested Capital": 64419000000.0,
      "Net Tangible Assets": 18865000000.0,
      "Capital Lease Obligations": 552000000.0,
      "Common Stock Equity": 20094000000.0,
      "Preferred Stock Equity": 1650000000.0,
      "Total Capitalization": 48998000000.0,
      "Total Equity Gross Minority Interest": 21746000000.0,
      "Minority Interest": 2000000.0,
      "Stockholders Equity": 21744000000.0,
      "Other Equity Interest": 1500000000.0,
      "Gains Losses Not Affecting Retained Earnings": 202000000.0,
      "Retained Earnings": 15140000000.0,
      "Additional Paid In Capital": 56000000.0,
      "Capital Stock": 4846000000.0,
      "Common Stock": 3196000000.0,
      "Preferred Stock": 1650000000.0,
      "Total Liabilities Net Minority Interest": 381994000000.0,
      "Derivative Product Liabilities": 19665000000.0,
      "Employee Benefits": 111000000.0,
      "Non Current Deferred Liabilities": 14000000.0,
      "Non Current Deferred Taxes Liabilities": 14000000.0,
      "Long Term Debt And Capital Lease Obligation": 27712000000.0,
      "Long Term Capital Lease Obligation": 458000000.0,
      "Long Term Debt": 27254000000.0,
      "Long Term Provisions": 206000000.0,
      "Current Debt And Capital Lease Obligation": 17165000000.0,
      "Current Capital Lease Obligation": 94000000.0,
      "Current Debt": 17071000000.0,
      "Commercial Paper": 15371000000.0,
      "Current Notes Payable": 1700000000.0,
      "Payables And Accrued Expenses": 4442000000.0,
      "Payables": 4442000000.0,
      "Total Tax Payable": 67000000.0,
      "Income Tax Payable": 67000000.0,
      "Accounts Payable": 4375000000.0,
      "Total Assets": 403740000000.0,
      "Defined Pension Benefit": 498000000.0,
      "Investments And Advances": 109859000000.0,
      "Available For Sale Securities": 100891000000.0,
      "Long Term Equity Investment": 140000000.0,
      "Goodwill And Other Intangible Assets": 2879000000.0,
      "Other Intangible Assets": 1360000000.0,
      "Goodwill": 1519000000.0,
      "Net PPE": 1397000000.0,
      "Accumulated Depreciation": -739000000.0,
      "Gross PPE": 2136000000.0,
      "Leases": 1182000000.0,
      "Construction In Progress": 431000000.0,
      "Other Properties": 117000000.0,
      "Machinery Furniture Equipment": 276000000.0,
      "Buildings And Improvements": 56000000.0,
      "Land And Improvements": 74000000.0,
      "Receivables": 4556000000.0,
      "Other Receivables": 2657000000.0,
      "Accounts Receivable": 1899000000.0,
      "Other Short Term Investments": 8828000000.0,
      "Cash And Cash Equivalents": 31870000000.0,
      "Cash Cash Equivalents And Federal Funds Sold": 58356000000.0
    }
  },
  "cashflow": {
    "2025-10-31T00:00:00": {
      "Free Cash Flow": 4133000000.0,
      "Repurchase Of Capital Stock": -513000000.0,
      "Repayment Of Debt": -201000000.0,
      "Issuance Of Debt": 1750000000.0,
      "Issuance Of Capital Stock": 88000000.0,
      "Capital Expenditure": -502000000.0,
      "Interest Paid Supplemental Data": 16592000000.0,
      "Income Tax Paid Supplemental Data": 1177000000.0,
      "End Cash Position": 27916000000.0,
      "Beginning Cash Position": 31549000000.0,
      "Effect Of Exchange Rate Changes": -13000000.0,
      "Changes In Cash": -3620000000.0,
      "Financing Cash Flow": -1175000000.0,
      "Cash Flow From Continuing Financing Activities": -1175000000.0,
      "Net Other Financing Charges": -347000000.0,
      "Cash Dividends Paid": -1952000000.0,
      "Net Preferred Stock Issuance": -300000000.0,
      "Preferred Stock Payments": -300000000.0,
      "Preferred Stock Issuance": null,
      "Net Common Stock Issuance": -125000000.0,
      "Common Stock Payments": -213000000.0,
      "Common Stock Issuance": 88000000.0,
      "Net Issuance Payments Of Debt": 1549000000.0,
      "Net Long Term Debt Issuance": 1549000000.0,
      "Long Term Debt Payments": -201000000.0,
      "Long Term Debt Issuance": 1750000000.0,
      "Investing Cash Flow": -7080000000.0,
      "Cash Flow From Continuing Investing Activities": -7080000000.0,
      "Net Investment Purchase And Sale": -6709000000.0,
      "Sale Of Investment": 24730000000.0,
      "Purchase Of Investment": -31437000000.0,
      "Net Business Purchase And Sale": 131000000.0,
      "Sale Of Business": 131000000.0,
      "Purchase Of Business": null,
      "Net Intangibles Purchase And Sale": -269000000.0,
      "Net PPE Purchase And Sale": -233000000.0,
      "Operating Cash Flow": 4635000000.0,
      "Cash Flow From Continuing Operating Activities": 4635000000.0,
      "Change In Working Capital": -1053000000.0,
      "Change In Other Working Capital": 27476000000.0,
      "Stock Based Compensation": 24000000.0,
      "Unrealized Gain Loss On Investment Securities": -4000000.0,
      "Asset Impairment Charge": 67000000.0,
      "Deferred Tax": -180000000.0,
      "Deferred Income Tax": -180000000.0,
      "Depreciation Amortization Depletion": 654000000.0,
      "Depreciation And Amortization": 654000000.0,
      "Amortization Cash Flow": 373000000.0,
      "Amortization Of Intangibles": 373000000.0,
      "Depreciation": 281000000.0,
      "Operating Gains Losses": -129000000.0,
      "Earnings Losses From Equity Investments": -8000000.0,
      "Gain Loss On Investment Securities": -128000000.0,
      "Net Foreign Currency Exchange Gain Loss": null,
      "Net Income From Continuing Operations": 4017000000.0
    },
    "2024-10-31T00:00:00": {
      "Free Cash Flow": 3949000000.0,
      "Repurchase Of Capital Stock": 0.0,
      "Repayment Of Debt": -110000000.0,
      "Issuance Of Debt": 500000000.0,
      "Issuance Of Capital Stock": 153000000.0,
      "Capital Expenditure": -703000000.0,
      "Interest Paid Supplemental Data": 16767000000.0,
      "Income Tax Paid Supplemental Data": 1085000000.0,
      "End Cash Position": 31549000000.0,
      "Beginning Cash Position": 35234000000.0,
      "Effect Of Exchange Rate Changes": 96000000.0,
      "Changes In Cash": -3781000000.0,
      "Financing Cash Flow": -1097000000.0,
      "Cash Flow From Continuing Financing Activities": -1097000000.0,
      "Net Other Financing Charges": null,
      "Cash Dividends Paid": -1640000000.0,
      "Net Preferred Stock Issuance": 0.0,
      "Preferred Stock Payments": 0.0,
      "Preferred Stock Issuance": null,
      "Net Common Stock Issuance": 153000000.0,
      "Common Stock Payments": 0.0,
      "Common Stock Issuance": 153000000.0,
      "Net Issuance Payments Of Debt": 390000000.0,
      "Net Long Term Debt Issuance": 390000000.0,
      "Long Term Debt Payments": -110000000.0,
      "Long Term Debt Issuance": 500000000.0,
      "Investing Cash Flow": -7336000000.0,
      "Cash Flow From Continuing Investing Activities": -7336000000.0,
      "Net Investment Purchase And Sale": -6633000000.0,
      "Sale Of Investment": 10690000000.0,
      "Purchase Of Investment": -17333000000.0,
      "Net Business Purchase And Sale": 0.0,
      "Sale Of Business": 0.0,
      "Purchase Of Business": null,
      "Net Intangibles Purchase And Sale": -260000000.0,
      "Net PPE Purchase And Sale": -443000000.0,
      "Operating Cash Flow": 4652000000.0,
      "Cash Flow From Continuing Operating Activities": 4652000000.0,
      "Change In Working Capital": 196000000.0,
      "Change In Other Working Capital": 26813000000.0,
      "Stock Based Compensation": 17000000.0,
      "Unrealized Gain Loss On Investment Securities": -174000000.0,
      "Asset Impairment Charge": 4000000.0,
      "Deferred Tax": -138000000.0,
      "Deferred Income Tax": -138000000.0,
      "Depreciation Amortization Depletion": 514000000.0,
      "Depreciation And Amortization": 514000000.0,
      "Amortization Cash Flow": 281000000.0,
      "Amortization Of Intangibles": 281000000.0,
      "Depreciation": 233000000.0,
      "Operating Gains Losses": -150000000.0,
      "Earnings Losses From Equity Investments": -8000000.0,
      "Gain Loss On Investment Securities": -144000000.0,
      "Net Foreign Currency Exchange Gain Loss": null,
      "Net Income From Continuing Operations": 3816000000.0
    },
    "2023-10-31T00:00:00": {
      "Free Cash Flow": 4515000000.0,
      "Repurchase Of Capital Stock": 0.0,
      "Repayment Of Debt": -852000000.0,
      "Issuance Of Debt": 0.0,
      "Issuance Of Capital Stock": 88000000.0,
      "Capital Expenditure": -651000000.0,
      "Interest Paid Supplemental Data": 12236000000.0,
      "Income Tax Paid Supplemental Data": 741000000.0,
      "End Cash Position": 35234000000.0,
      "Beginning Cash Position": 31870000000.0,
      "Effect Of Exchange Rate Changes": 545000000.0,
      "Changes In Cash": 2819000000.0,
      "Financing Cash Flow": -2267000000.0,
      "Cash Flow From Continuing Financing Activities": -2267000000.0,
      "Net Other Financing Charges": null,
      "Cash Dividends Paid": -1503000000.0,
      "Net Preferred Stock Issuance": 0.0,
      "Preferred Stock Payments": null,
      "Preferred Stock Issuance": 0.0,
      "Net Common Stock Issuance": 88000000.0,
      "Common Stock Payments": 0.0,
      "Common Stock Issuance": 88000000.0,
      "Net Issuance Payments Of Debt": -852000000.0,
      "Net Long Term Debt Issuance": -852000000.0,
      "Long Term Debt Payments": -852000000.0,
      "Long Term Debt Issuance": 0.0,
      "Investing Cash Flow": -80000000.0,
      "Cash Flow From Continuing Investing Activities": -80000000.0,
      "Net Investment Purchase And Sale": 571000000.0,
      "Sale Of Investment": 9417000000.0,
      "Purchase Of Investment": -8846000000.0,
      "Net Business Purchase And Sale": null,
      "Sale Of Business": null,
      "Purchase Of Business": null,
      "Net Intangibles Purchase And Sale": -299000000.0,
      "Net PPE Purchase And Sale": -352000000.0,
      "Operating Cash Flow": 5166000000.0,
      "Cash Flow From Continuing Operating Activities": 5166000000.0,
      "Change In Working Capital": 1265000000.0,
      "Change In Other Working Capital": 1446000000.0,
      "Stock Based Compensation": 18000000.0,
      "Unrealized Gain Loss On Investment Securities": -91000000.0,
      "Asset Impairment Charge": 88000000.0,
      "Deferred Tax": -243000000.0,
      "Deferred Income Tax": -243000000.0,
      "Depreciation Amortization Depletion": 524000000.0,
      "Depreciation And Amortization": 524000000.0,
      "Amortization Cash Flow": 313000000.0,
      "Amortization Of Intangibles": 313000000.0,
      "Depreciation": 211000000.0,
      "Operating Gains Losses": -83000000.0,
      "Earnings Losses From Equity Investments": -11000000.0,
      "Gain Loss On Investment Securities": -70000000.0,
      "Net Foreign Currency Exchange Gain Loss": null,
      "Net Income From Continuing Operations": 3289000000.0
    },
    "2022-10-31T00:00:00": {
      "Free Cash Flow": -2592000000.0,
      "Repurchase Of Capital Stock": -245000000.0,
      "Repayment Of Debt": -99000000.0,
      "Issuance Of Debt": 739000000.0,
      "Issuance Of Capital Stock": 553000000.0,
      "Capital Expenditure": -670000000.0,
      "Interest Paid Supplemental Data": 3763000000.0,
      "Income Tax Paid Supplemental Data": 1118000000.0,
      "End Cash Position": 31870000000.0,
      "Beginning Cash Position": 33879000000.0,
      "Effect Of Exchange Rate Changes": 1750000000.0,
      "Changes In Cash": -3759000000.0,
      "Financing Cash Flow": -381000000.0,
      "Cash Flow From Continuing Financing Activities": -381000000.0,
      "Net Other Financing Charges": -4000000.0,
      "Cash Dividends Paid": -1325000000.0,
      "Net Preferred Stock Issuance": 500000000.0,
      "Preferred Stock Payments": 0.0,
      "Preferred Stock Issuance": 500000000.0,
      "Net Common Stock Issuance": -192000000.0,
      "Common Stock Payments": -245000000.0,
      "Common Stock Issuance": 53000000.0,
      "Net Issuance Payments Of Debt": 640000000.0,
      "Net Long Term Debt Issuance": 640000000.0,
      "Long Term Debt Payments": -99000000.0,
      "Long Term Debt Issuance": 739000000.0,
      "Investing Cash Flow": -1456000000.0,
      "Cash Flow From Continuing Investing Activities": -1456000000.0,
      "Net Investment Purchase And Sale": -786000000.0,
      "Sale Of Investment": 8319000000.0,
      "Purchase Of Investment": -9307000000.0,
      "Net Business Purchase And Sale": 0.0,
      "Sale Of Business": null,
      "Purchase Of Business": 0.0,
      "Net Intangibles Purchase And Sale": -374000000.0,
      "Net PPE Purchase And Sale": -296000000.0,
      "Operating Cash Flow": -1922000000.0,
      "Cash Flow From Continuing Operating Activities": -1922000000.0,
      "Change In Working Capital": -5925000000.0,
      "Change In Other Working Capital": 20256000000.0,
      "Stock Based Compensation": 17000000.0,
      "Unrealized Gain Loss On Investment Securities": 0.0,
      "Asset Impairment Charge": 8000000.0,
      "Deferred Tax": 110000000.0,
      "Deferred Income Tax": 110000000.0,
      "Depreciation Amortization Depletion": 481000000.0,
      "Depreciation And Amortization": 481000000.0,
      "Amortization Cash Flow": 279000000.0,
      "Amortization Of Intangibles": 279000000.0,
      "Depreciation": 202000000.0,
      "Operating Gains Losses": -136000000.0,
      "Earnings Losses From Equity Investments": -28000000.0,
      "Gain Loss On Investment Securities": -113000000.0,
      "Net Foreign Currency Exchange Gain Loss": null,
      "Net Income From Continuing Operations": 3383000000.0
    },
    "2021-10-31T00:00:00": {
      "Free Cash Flow": null,
      "Repurchase Of Capital Stock": null,
      "Repayment Of Debt": null,
      "Issuance Of Debt": null,
      "Issuance Of Capital Stock": null,
      "Capital Expenditure": null,
      "Interest Paid Supplemental Data": null,
      "Income Tax Paid Supplemental Data": null,
      "End Cash Position": null,
      "Beginning Cash Position": null,
      "Effect Of Exchange Rate Changes": null,
      "Changes In Cash": null,
      "Financing Cash Flow": null,
      "Cash Flow From Continuing Financing Activities": null,
      "Net Other Financing Charges": -334000000.0,
      "Cash Dividends Paid": null,
      "Net Preferred Stock Issuance": null,
      "Preferred Stock Payments": -800000000.0,
      "Preferred Stock Issuance": 500000000.0,
      "Net Common Stock Issuance": null,
      "Common Stock Payments": null,
      "Common Stock Issuance": null,
      "Net Issuance Payments Of Debt": null,
      "Net Long Term Debt Issuance": null,
      "Long Term Debt Payments": null,
      "Long Term Debt Issuance": null,
      "Investing Cash Flow": null,
      "Cash Flow From Continuing Investing Activities": null,
      "Net Investment Purchase And Sale": null,
      "Sale Of Investment": null,
      "Purchase Of Investment": null,
      "Net Business Purchase And Sale": -73000000.0,
      "Sale Of Business": null,
      "Purchase Of Business": -73000000.0,
      "Net Intangibles Purchase And Sale": null,
      "Net PPE Purchase And Sale": null,
      "Operating Cash Flow": null,
      "Cash Flow From Continuing Operating Activities": null,
      "Change In Working Capital": null,
      "Change In Other Working Capital": null,
      "Stock Based Compensation": null,
      "Unrealized Gain Loss On Investment Securities": null,
      "Asset Impairment Charge": null,
      "Deferred Tax": null,
      "Deferred Income Tax": null,
      "Depreciation Amortization Depletion": null,
      "Depreciation And Amortization": null,
      "Amortization Cash Flow": null,
      "Amortization Of Intangibles": null,
      "Depreciation": null,
      "Operating Gains Losses": null,
      "Earnings Losses From Equity Investments": null,
      "Gain Loss On Investment Securities": null,
      "Net Foreign Currency Exchange Gain Loss": 0.0,
      "Net Income From Continuing Operations": null
    }
  },
  "earnings_estimate": {
    "avg": {
      "0q": 3.08742,
      "+1q": 3.12875,
      "0y": 12.50996,
      "+1y": 13.97965
    },
    "low": {
      "0q": 2.96,
      "+1q": 3.041,
      "0y": 12.08,
      "+1y": 13.37
    },
    "high": {
      "0q": 3.27,
      "+1q": 3.24,
      "0y": 12.88,
      "+1y": 14.56
    },
    "yearAgoEps": {
      "0q": 2.85,
      "+1q": 2.68,
      "0y": 11.28,
      "+1y": 12.50996
    },
    "numberOfAnalysts": {
      "0q": 9,
      "+1q": 8,
      "0y": 14,
      "+1y": 14
    },
    "growth": {
      "0q": 0.0833,
      "+1q": 0.1674,
      "0y": 0.109,
      "+1y": 0.1175
    }
  },
  "revenue_estimate": {
    "avg": {
      "0q": 3695000000,
      "+1q": 3823000000,
      "0y": 15328017040,
      "+1y": 16172742150
    },
    "low": {
      "0q": 3685000000,
      "+1q": 3803000000,
      "0y": 15018000000,
      "+1y": 15755000000
    },
    "high": {
      "0q": 3705000000,
      "+1q": 3843000000,
      "0y": 15826700000,
      "+1y": 17161000000
    },
    "numberOfAnalysts": {
      "0q": 2,
      "+1q": 2,
      "0y": 11,
      "+1y": 11
    },
    "yearAgoRevenue": {
      "0q": 3650000000,
      "+1q": 3449000000,
      "0y": 14027000000,
      "+1y": 15328017040
    },
    "growth": {
      "0q": 0.0123000005,
      "+1q": 0.1084,
      "0y": 0.0928,
      "+1y": 0.0551
    }
  },
  "growth_estimates": {
    "stockTrend": {
      "0q": 0.0833,
      "+1q": 0.1674,
      "0y": 0.109,
      "+1y": 0.1175,
      "LTG": null
    },
    "indexTrend": {
      "0q": 0.1273,
      "+1q": 0.103599995,
      "0y": 0.14310001,
      "+1y": 0.1557,
      "LTG": 0.122
    }
  },
  "revenue_forecasts": null,
  "dividend_rate": 4.96,
  "trailing_dividend_rate": 3.5
}