{
  "ticker": "NTR.TO",
  "name": "Nutrien",
  "country": "canada",
  "currency": "CAD",
  "last_fetched": "2026-02-26T20:51:55.499947",
  "market_cap": 48598118400,
  "revenue": 25948999680,
  "net_income": 2267000064,
  "pe_ratio": 19.688976,
  "forward_pe": 15.397494,
  "dividend_yield": 3.02,
  "profit_margin": 0.08736,
  "roe": 0.09224,
  "debt_to_equity": 47.384,
  "beta": 1.141,
  "ev_to_ebitda": 10.123,
  "sector": "Basic Materials",
  "industry": "Agricultural Inputs",
  "summary": "Nutrien Ltd. provides crop inputs and services. The company operates through four segments: Nutrien Ag Solutions, Potash, Nitrogen, and Phosphate. The Nutrien Ag Solutions segment distributes crop nutrients, crop protection products, seeds, and merchandise products; product application, soil and leaf testing, crop scouting, precision agriculture, water, and brokerage agency services; and financing solutions. The Potash segment provides granular and standard potash products. The Nitrogen segment offers ammonia, urea, environmentally smart nitrogen, nitrogen solutions, nitrates, and sulfates. The Phosphate segment provides solid fertilizer, liquid fertilizer, and industrial and feed products. The company was incorporated in 2017 and is headquartered in Saskatoon, Canada.",
  "website": "https://www.nutrien.com",
  "employees": null,
  "target_high": 111.9284,
  "target_low": 76.92675,
  "target_mean": 98.88913,
  "target_median": 99.4365,
  "recommendation": "buy",
  "num_analysts": 8,
  "income_stmt": {
    "2024-12-31T00:00:00": {
      "Tax Effect Of Unusual Items": -396084507.042254,
      "Tax Rate For Calcs": 0.383803,
      "Normalized EBITDA": 5244000000.0,
      "Total Unusual Items": -1032000000.0,
      "Total Unusual Items Excluding Goodwill": -1032000000.0,
      "Net Income From Continuing Operation Net Minority Interest": 674000000.0,
      "Reconciled Depreciation": 2339000000.0,
      "Reconciled Cost Of Revenue": 18442000000.0,
      "EBITDA": 4212000000.0,
      "EBIT": 1873000000.0,
      "Net Interest Income": -720000000.0,
      "Interest Expense": 737000000.0,
      "Interest Income": 28000000.0,
      "Normalized Income": 1309915492.957746,
      "Net Income From Continuing And Discontinued Operation": 674000000.0,
      "Total Expenses": 23021000000.0,
      "Total Operating Income As Reported": null,
      "Diluted Average Shares": 494365000.0,
      "Basic Average Shares": 494198000.0,
      "Diluted EPS": 1.36,
      "Basic EPS": 1.36,
      "Diluted NI Availto Com Stockholders": 674000000.0,
      "Net Income Common Stockholders": 674000000.0,
      "Net Income": 674000000.0,
      "Minority Interests": -26000000.0,
      "Net Income Including Noncontrolling Interests": 700000000.0,
      "Net Income Continuous Operations": 700000000.0,
      "Tax Provision": 436000000.0,
      "Pretax Income": 1136000000.0,
      "Other Income Expense": -1095000000.0,
      "Other Non Operating Income Expenses": -193000000.0,
      "Special Income Charges": -629000000.0,
      "Gain On Sale Of Business": null,
      "Other Special Charges": -65000000.0,
      "Write Off": 647000000.0,
      "Impairment Of Capital Assets": null,
      "Restructuring And Mergern Acquisition": 47000000.0,
      "Earnings From Equity Interest": 130000000.0,
      "Gain On Sale Of Security": -403000000.0,
      "Net Non Operating Interest Income Expense": -720000000.0,
      "Total Other Finance Cost": 11000000.0,
      "Interest Expense Non Operating": 737000000.0,
      "Interest Income Non Operating": 28000000.0,
      "Operating Income": 2951000000.0,
      "Operating Expense": 4579000000.0,
      "Other Operating Expenses": 151000000.0,
      "Other Taxes": 255000000.0,
      "Selling General And Administration": 4173000000.0,
      "Selling And Marketing Expense": 3435000000.0,
      "General And Administrative Expense": 738000000.0,
      "Other Gand A": 701000000.0,
      "Salaries And Wages": 37000000.0,
      "Gross Profit": 7530000000.0,
      "Cost Of Revenue": 18442000000.0,
      "Total Revenue": 25972000000.0,
      "Operating Revenue": 25972000000.0
    },
    "2023-12-31T00:00:00": {
      "Tax Effect Of Unusual Items": -336716188.52459,
      "Tax Rate For Calcs": 0.343238,
      "Normalized EBITDA": 5866000000.0,
      "Total Unusual Items": -981000000.0,
      "Total Unusual Items Excluding Goodwill": -981000000.0,
      "Net Income From Continuing Operation Net Minority Interest": 1258000000.0,
      "Reconciled Depreciation": 2169000000.0,
      "Reconciled Cost Of Revenue": 20582000000.0,
      "EBITDA": 4885000000.0,
      "EBIT": 2716000000.0,
      "Net Interest Income": -793000000.0,
      "Interest Expense": 764000000.0,
      "Interest Income": 35000000.0,
      "Normalized Income": 1902283811.47541,
      "Net Income From Continuing And Discontinued Operation": 1258000000.0,
      "Total Expenses": 25196000000.0,
      "Total Operating Income As Reported": null,
      "Diluted Average Shares": 496994000.0,
      "Basic Average Shares": 496381000.0,
      "Diluted EPS": 2.53,
      "Basic EPS": 2.53,
      "Diluted NI Availto Com Stockholders": 1258000000.0,
      "Net Income Common Stockholders": 1258000000.0,
      "Net Income": 1258000000.0,
      "Minority Interests": -24000000.0,
      "Net Income Including Noncontrolling Interests": 1282000000.0,
      "Net Income Continuous Operations": 1282000000.0,
      "Tax Provision": 670000000.0,
      "Pretax Income": 1952000000.0,
      "Other Income Expense": -1115000000.0,
      "Other Non Operating Income Expenses": -235000000.0,
      "Special Income Charges": -798000000.0,
      "Gain On Sale Of Business": null,
      "Other Special Charges": -80000000.0,
      "Write Off": 829000000.0,
      "Impairment Of Capital Assets": null,
      "Restructuring And Mergern Acquisition": 49000000.0,
      "Earnings From Equity Interest": 101000000.0,
      "Gain On Sale Of Security": -183000000.0,
      "Net Non Operating Interest Income Expense": -793000000.0,
      "Total Other Finance Cost": 64000000.0,
      "Interest Expense Non Operating": 764000000.0,
      "Interest Income Non Operating": 35000000.0,
      "Operating Income": 3860000000.0,
      "Operating Expense": 4614000000.0,
      "Other Operating Expenses": 152000000.0,
      "Other Taxes": 398000000.0,
      "Selling General And Administration": 4064000000.0,
      "Selling And Marketing Expense": 3397000000.0,
      "General And Administrative Expense": 667000000.0,
      "Other Gand A": 681000000.0,
      "Salaries And Wages": -14000000.0,
      "Gross Profit": 8474000000.0,
      "Cost Of Revenue": 20582000000.0,
      "Total Revenue": 29056000000.0,
      "Operating Revenue": 29056000000.0
    },
    "2022-12-31T00:00:00": {
      "Tax Effect Of Unusual Items": 175500000.0,
      "Tax Rate For Calcs": 0.25,
      "Normalized EBITDA": 12077000000.0,
      "Total Unusual Items": 702000000.0,
      "Total Unusual Items Excluding Goodwill": 702000000.0,
      "Net Income From Continuing Operation Net Minority Interest": 7660000000.0,
      "Reconciled Depreciation": 2012000000.0,
      "Reconciled Cost Of Revenue": 22460000000.0,
      "EBITDA": 12779000000.0,
      "EBIT": 10767000000.0,
      "Net Interest Income": -563000000.0,
      "Interest Expense": 521000000.0,
      "Interest Income": 25000000.0,
      "Normalized Income": 7133500000.0,
      "Net Income From Continuing And Discontinued Operation": 7660000000.0,
      "Total Expenses": 27701000000.0,
      "Total Operating Income As Reported": 10809000000.0,
      "Diluted Average Shares": 540010000.0,
      "Basic Average Shares": 538475000.0,
      "Diluted EPS": 14.18,
      "Basic EPS": 14.22,
      "Diluted NI Availto Com Stockholders": 7660000000.0,
      "Net Income Common Stockholders": 7660000000.0,
      "Net Income": 7660000000.0,
      "Minority Interests": -27000000.0,
      "Net Income Including Noncontrolling Interests": 7687000000.0,
      "Net Income Continuous Operations": 7687000000.0,
      "Tax Provision": 2559000000.0,
      "Pretax Income": 10246000000.0,
      "Other Income Expense": 626000000.0,
      "Other Non Operating Income Expenses": -323000000.0,
      "Special Income Charges": 714000000.0,
      "Gain On Sale Of Business": null,
      "Other Special Charges": 8000000.0,
      "Write Off": -768000000.0,
      "Impairment Of Capital Assets": null,
      "Restructuring And Mergern Acquisition": 46000000.0,
      "Earnings From Equity Interest": 247000000.0,
      "Gain On Sale Of Security": -12000000.0,
      "Net Non Operating Interest Income Expense": -563000000.0,
      "Total Other Finance Cost": 67000000.0,
      "Interest Expense Non Operating": 521000000.0,
      "Interest Income Non Operating": 25000000.0,
      "Operating Income": 10183000000.0,
      "Operating Expense": 5241000000.0,
      "Other Operating Expenses": 29000000.0,
      "Other Taxes": 1149000000.0,
      "Selling General And Administration": 4092000000.0,
      "Selling And Marketing Expense": 3414000000.0,
      "General And Administrative Expense": 678000000.0,
      "Other Gand A": 615000000.0,
      "Salaries And Wages": 63000000.0,
      "Gross Profit": 15424000000.0,
      "Cost Of Revenue": 22460000000.0,
      "Total Revenue": 37884000000.0,
      "Operating Revenue": 37884000000.0
    },
    "2021-12-31T00:00:00": {
      "Tax Effect Of Unusual Items": -80880000.0,
      "Tax Rate For Calcs": 0.24,
      "Normalized EBITDA": 6919000000.0,
      "Total Unusual Items": -337000000.0,
      "Total Unusual Items Excluding Goodwill": -337000000.0,
      "Net Income From Continuing Operation Net Minority Interest": 3153000000.0,
      "Reconciled Depreciation": 1951000000.0,
      "Reconciled Cost Of Revenue": 18303000000.0,
      "EBITDA": 6582000000.0,
      "EBIT": 4631000000.0,
      "Net Interest Income": -471000000.0,
      "Interest Expense": 463000000.0,
      "Interest Income": 8000000.0,
      "Normalized Income": 3409120000.0,
      "Net Income From Continuing And Discontinued Operation": 3153000000.0,
      "Total Expenses": 22590000000.0,
      "Total Operating Income As Reported": 4781000000.0,
      "Diluted Average Shares": 571289000.0,
      "Basic Average Shares": 569664000.0,
      "Diluted EPS": 5.52,
      "Basic EPS": 5.53,
      "Diluted NI Availto Com Stockholders": 3153000000.0,
      "Net Income Common Stockholders": 3153000000.0,
      "Net Income": 3153000000.0,
      "Minority Interests": -26000000.0,
      "Net Income Including Noncontrolling Interests": 3179000000.0,
      "Net Income Continuous Operations": 3179000000.0,
      "Tax Provision": 989000000.0,
      "Pretax Income": 4168000000.0,
      "Other Income Expense": -483000000.0,
      "Other Non Operating Income Expenses": -235000000.0,
      "Special Income Charges": -295000000.0,
      "Gain On Sale Of Business": 0.0,
      "Other Special Charges": 193000000.0,
      "Write Off": 59000000.0,
      "Impairment Of Capital Assets": 33000000.0,
      "Restructuring And Mergern Acquisition": 43000000.0,
      "Earnings From Equity Interest": 89000000.0,
      "Gain On Sale Of Security": -42000000.0,
      "Net Non Operating Interest Income Expense": -471000000.0,
      "Total Other Finance Cost": 16000000.0,
      "Interest Expense Non Operating": 463000000.0,
      "Interest Income Non Operating": 8000000.0,
      "Operating Income": 5122000000.0,
      "Operating Expense": 4287000000.0,
      "Other Operating Expenses": -9000000.0,
      "Other Taxes": 466000000.0,
      "Selling General And Administration": 3821000000.0,
      "Selling And Marketing Expense": 3142000000.0,
      "General And Administrative Expense": 679000000.0,
      "Other Gand A": 481000000.0,
      "Salaries And Wages": 198000000.0,
      "Gross Profit": 9409000000.0,
      "Cost Of Revenue": 18303000000.0,
      "Total Revenue": 27712000000.0,
      "Operating Revenue": 27712000000.0
    }
  },
  "quarterly_income": {
    "2025-09-30T00:00:00": {
      "Tax Effect Of Unusual Items": -5010989.010989,
      "Tax Rate For Calcs": 0.263736,
      "Normalized EBITDA": 1443000000.0,
      "Total Unusual Items": -19000000.0,
      "Total Unusual Items Excluding Goodwill": -19000000.0,
      "Net Income From Continuing Operation Net Minority Interest": 464000000.0,
      "Reconciled Depreciation": 617000000.0,
      "Reconciled Cost Of Revenue": 4043000000.0,
      "EBITDA": 1424000000.0,
      "EBIT": 807000000.0,
      "Net Interest Income": -170000000.0,
      "Interest Expense": 170000000.0,
      "Normalized Income": 477989010.989011,
      "Net Income From Continuing And Discontinued Operation": 464000000.0,
      "Total Expenses": 5130000000.0,
      "Total Operating Income As Reported": null,
      "Diluted Average Shares": null,
      "Basic Average Shares": null,
      "Diluted EPS": null,
      "Basic EPS": null,
      "Diluted NI Availto Com Stockholders": 464000000.0,
      "Net Income Common Stockholders": 464000000.0,
      "Net Income": 464000000.0,
      "Minority Interests": -5000000.0,
      "Net Income Including Noncontrolling Interests": 469000000.0,
      "Net Income Continuous Operations": 469000000.0,
      "Tax Provision": 168000000.0,
      "Pretax Income": 637000000.0,
      "Other Income Expense": -70000000.0,
      "Other Non Operating Income Expenses": -73000000.0,
      "Special Income Charges": -30000000.0,
      "Other Special Charges": -1000000.0,
      "Write Off": 31000000.0,
      "Impairment Of Capital Assets": null,
      "Restructuring And Mergern Acquisition": 0.0,
      "Earnings From Equity Interest": 22000000.0,
      "Gain On Sale Of Security": 11000000.0,
      "Net Non Operating Interest Income Expense": -170000000.0,
      "Interest Expense Non Operating": 170000000.0,
      "Operating Income": 877000000.0,
      "Operating Expense": 1087000000.0,
      "Other Operating Expenses": -10000000.0,
      "Other Taxes": 124000000.0,
      "Selling General And Administration": 973000000.0,
      "Selling And Marketing Expense": 795000000.0,
      "General And Administrative Expense": 178000000.0,
      "Other Gand A": 150000000.0,
      "Salaries And Wages": 28000000.0,
      "Gross Profit": 1964000000.0,
      "Cost Of Revenue": 4043000000.0,
      "Total Revenue": 6007000000.0,
      "Operating Revenue": 6007000000.0
    },
    "2025-06-30T00:00:00": {
      "Tax Effect Of Unusual Items": -19440000.0,
      "Tax Rate For Calcs": 0.24,
      "Normalized EBITDA": 2477000000.0,
      "Total Unusual Items": -81000000.0,
      "Total Unusual Items Excluding Goodwill": -81000000.0,
      "Net Income From Continuing Operation Net Minority Interest": 1221000000.0,
      "Reconciled Depreciation": 614000000.0,
      "Reconciled Cost Of Revenue": 7263000000.0,
      "EBITDA": 2396000000.0,
      "EBIT": 1782000000.0,
      "Net Interest Income": -155000000.0,
      "Interest Expense": 155000000.0,
      "Normalized Income": 1282560000.0,
      "Net Income From Continuing And Discontinued Operation": 1221000000.0,
      "Total Expenses": 8511000000.0,
      "Total Operating Income As Reported": 1782000000.0,
      "Diluted Average Shares": 487598000.0,
      "Basic Average Shares": 487396000.0,
      "Diluted EPS": 2.5,
      "Basic EPS": 2.51,
      "Diluted NI Availto Com Stockholders": 1221000000.0,
      "Net Income Common Stockholders": 1221000000.0,
      "Net Income": 1221000000.0,
      "Minority Interests": -8000000.0,
      "Net Income Including Noncontrolling Interests": 1229000000.0,
      "Net Income Continuous Operations": 1229000000.0,
      "Tax Provision": 398000000.0,
      "Pretax Income": 1627000000.0,
      "Other Income Expense": -145000000.0,
      "Other Non Operating Income Expenses": -73000000.0,
      "Special Income Charges": -59000000.0,
      "Other Special Charges": null,
      "Write Off": 38000000.0,
      "Impairment Of Capital Assets": null,
      "Restructuring And Mergern Acquisition": 21000000.0,
      "Earnings From Equity Interest": 9000000.0,
      "Gain On Sale Of Security": -22000000.0,
      "Net Non Operating Interest Income Expense": -155000000.0,
      "Interest Expense Non Operating": 155000000.0,
      "Operating Income": 1927000000.0,
      "Operating Expense": 1248000000.0,
      "Other Operating Expenses": -2000000.0,
      "Other Taxes": 97000000.0,
      "Selling General And Administration": 1153000000.0,
      "Selling And Marketing Expense": 951000000.0,
      "General And Administrative Expense": 202000000.0,
      "Other Gand A": 153000000.0,
      "Salaries And Wages": 49000000.0,
      "Gross Profit": 3175000000.0,
      "Cost Of Revenue": 7263000000.0,
      "Total Revenue": 10438000000.0,
      "Operating Revenue": 10438000000.0
    },
    "2025-03-31T00:00:00": {
      "Tax Effect Of Unusual Items": -4050000.0,
      "Tax Rate For Calcs": 0.15,
      "Normalized EBITDA": 824000000.0,
      "Total Unusual Items": -27000000.0,
      "Total Unusual Items Excluding Goodwill": -27000000.0,
      "Net Income From Continuing Operation Net Minority Interest": 11000000.0,
      "Reconciled Depreciation": 571000000.0,
      "Reconciled Cost Of Revenue": 3780000000.0,
      "EBITDA": 797000000.0,
      "EBIT": 226000000.0,
      "Net Interest Income": -179000000.0,
      "Interest Expense": 179000000.0,
      "Normalized Income": 33950000.0,
      "Net Income From Continuing And Discontinued Operation": 11000000.0,
      "Total Expenses": 4809000000.0,
      "Total Operating Income As Reported": 226000000.0,
      "Diluted Average Shares": 489540000.0,
      "Basic Average Shares": 489397000.0,
      "Diluted EPS": 0.02,
      "Basic EPS": 0.02,
      "Diluted NI Availto Com Stockholders": 11000000.0,
      "Net Income Common Stockholders": 11000000.0,
      "Net Income": 11000000.0,
      "Minority Interests": -8000000.0,
      "Net Income Including Noncontrolling Interests": 19000000.0,
      "Net Income Continuous Operations": 19000000.0,
      "Tax Provision": 28000000.0,
      "Pretax Income": 47000000.0,
      "Other Income Expense": -65000000.0,
      "Other Non Operating Income Expenses": -43000000.0,
      "Special Income Charges": -20000000.0,
      "Other Special Charges": null,
      "Write Off": 19000000.0,
      "Impairment Of Capital Assets": null,
      "Restructuring And Mergern Acquisition": 1000000.0,
      "Earnings From Equity Interest": 5000000.0,
      "Gain On Sale Of Security": -7000000.0,
      "Net Non Operating Interest Income Expense": -179000000.0,
      "Interest Expense Non Operating": 179000000.0,
      "Operating Income": 291000000.0,
      "Operating Expense": 1029000000.0,
      "Other Operating Expenses": 5000000.0,
      "Other Taxes": 68000000.0,
      "Selling General And Administration": 956000000.0,
      "Selling And Marketing Expense": 757000000.0,
      "General And Administrative Expense": 199000000.0,
      "Other Gand A": 157000000.0,
      "Salaries And Wages": 42000000.0,
      "Gross Profit": 1320000000.0,
      "Cost Of Revenue": 3780000000.0,
      "Total Revenue": 5100000000.0,
      "Operating Revenue": 5100000000.0
    },
    "2024-12-31T00:00:00": {
      "Tax Effect Of Unusual Items": -11700000.0,
      "Tax Rate For Calcs": 0.15,
      "Normalized EBITDA": 1082000000.0,
      "Total Unusual Items": -78000000.0,
      "Total Unusual Items Excluding Goodwill": -78000000.0,
      "Net Income From Continuing Operation Net Minority Interest": 113000000.0,
      "Reconciled Depreciation": 590000000.0,
      "Reconciled Cost Of Revenue": 3498000000.0,
      "EBITDA": 1004000000.0,
      "EBIT": 414000000.0,
      "Net Interest Income": -195000000.0,
      "Interest Expense": 212000000.0,
      "Normalized Income": 179300000.0,
      "Net Income From Continuing And Discontinued Operation": 113000000.0,
      "Total Expenses": 4608000000.0,
      "Total Operating Income As Reported": null,
      "Diluted Average Shares": 492930000.0,
      "Basic Average Shares": 492843000.0,
      "Diluted EPS": 0.23,
      "Basic EPS": 0.23,
      "Diluted NI Availto Com Stockholders": 113000000.0,
      "Net Income Common Stockholders": 113000000.0,
      "Net Income": 113000000.0,
      "Minority Interests": -5000000.0,
      "Net Income Including Noncontrolling Interests": 118000000.0,
      "Net Income Continuous Operations": 118000000.0,
      "Tax Provision": 84000000.0,
      "Pretax Income": 202000000.0,
      "Other Income Expense": -74000000.0,
      "Other Non Operating Income Expenses": -19000000.0,
      "Special Income Charges": 10000000.0,
      "Other Special Charges": -80000000.0,
      "Write Off": 538000000.0,
      "Impairment Of Capital Assets": null,
      "Restructuring And Mergern Acquisition": 47000000.0,
      "Earnings From Equity Interest": 23000000.0,
      "Gain On Sale Of Security": -88000000.0,
      "Net Non Operating Interest Income Expense": -195000000.0,
      "Interest Expense Non Operating": 212000000.0,
      "Operating Income": 471000000.0,
      "Operating Expense": 1110000000.0,
      "Other Operating Expenses": -1000000.0,
      "Other Taxes": 45000000.0,
      "Selling General And Administration": 1066000000.0,
      "Selling And Marketing Expense": 813000000.0,
      "General And Administrative Expense": 253000000.0,
      "Other Gand A": 233000000.0,
      "Salaries And Wages": 20000000.0,
      "Gross Profit": 1581000000.0,
      "Cost Of Revenue": 3498000000.0,
      "Total Revenue": 5079000000.0,
      "Operating Revenue": 5079000000.0
    },
    "2024-09-30T00:00:00": {
      "Tax Effect Of Unusual Items": -9600000.0,
      "Tax Rate For Calcs": 0.15,
      "Normalized EBITDA": 858000000.0,
      "Total Unusual Items": -64000000.0,
      "Total Unusual Items Excluding Goodwill": -64000000.0,
      "Net Income From Continuing Operation Net Minority Interest": 18000000.0,
      "Reconciled Depreciation": 598000000.0,
      "Reconciled Cost Of Revenue": 3848000000.0,
      "EBITDA": 794000000.0,
      "EBIT": 196000000.0,
      "Net Interest Income": -184000000.0,
      "Interest Expense": 184000000.0,
      "Normalized Income": 72400000.0,
      "Net Income From Continuing And Discontinued Operation": 18000000.0,
      "Total Expenses": 5087000000.0,
      "Total Operating Income As Reported": null,
      "Diluted Average Shares": 494857000.0,
      "Basic Average Shares": 494743000.0,
      "Diluted EPS": 0.04,
      "Basic EPS": 0.04,
      "Diluted NI Availto Com Stockholders": 18000000.0,
      "Net Income Common Stockholders": 18000000.0,
      "Net Income": 18000000.0,
      "Minority Interests": -7000000.0,
      "Net Income Including Noncontrolling Interests": 25000000.0,
      "Net Income Continuous Operations": 25000000.0,
      "Tax Provision": -13000000.0,
      "Pretax Income": 12000000.0,
      "Other Income Expense": -65000000.0,
      "Other Non Operating Income Expenses": -27000000.0,
      "Special Income Charges": -48000000.0,
      "Other Special Charges": 17000000.0,
      "Write Off": 31000000.0,
      "Impairment Of Capital Assets": null,
      "Restructuring And Mergern Acquisition": 0.0,
      "Earnings From Equity Interest": 26000000.0,
      "Gain On Sale Of Security": -16000000.0,
      "Net Non Operating Interest Income Expense": -184000000.0,
      "Interest Expense Non Operating": 184000000.0,
      "Operating Income": 261000000.0,
      "Operating Expense": 1239000000.0,
      "Other Operating Expenses": 184000000.0,
      "Other Taxes": 74000000.0,
      "Selling General And Administration": 981000000.0,
      "Selling And Marketing Expense": 820000000.0,
      "General And Administrative Expense": 161000000.0,
      "Other Gand A": 160000000.0,
      "Salaries And Wages": 1000000.0,
      "Gross Profit": 1500000000.0,
      "Cost Of Revenue": 3848000000.0,
      "Total Revenue": 5348000000.0,
      "Operating Revenue": 5348000000.0
    },
    "2024-06-30T00:00:00": {
      "Tax Effect Of Unusual Items": null,
      "Tax Rate For Calcs": null,
      "Normalized EBITDA": null,
      "Total Unusual Items": null,
      "Total Unusual Items Excluding Goodwill": null,
      "Net Income From Continuing Operation Net Minority Interest": null,
      "Reconciled Depreciation": null,
      "Reconciled Cost Of Revenue": null,
      "EBITDA": null,
      "EBIT": null,
      "Net Interest Income": null,
      "Interest Expense": null,
      "Normalized Income": null,
      "Net Income From Continuing And Discontinued Operation": null,
      "Total Expenses": null,
      "Total Operating Income As Reported": 844000000.0,
      "Diluted Average Shares": 494915000.0,
      "Basic Average Shares": 494646000.0,
      "Diluted EPS": 0.78,
      "Basic EPS": 0.78,
      "Diluted NI Availto Com Stockholders": null,
      "Net Income Common Stockholders": null,
      "Net Income": null,
      "Minority Interests": null,
      "Net Income Including Noncontrolling Interests": null,
      "Net Income Continuous Operations": null,
      "Tax Provision": null,
      "Pretax Income": null,
      "Other Income Expense": null,
      "Other Non Operating Income Expenses": null,
      "Special Income Charges": null,
      "Other Special Charges": -47000000.0,
      "Write Off": null,
      "Impairment Of Capital Assets": 530000000.0,
      "Restructuring And Mergern Acquisition": null,
      "Earnings From Equity Interest": null,
      "Gain On Sale Of Security": null,
      "Net Non Operating Interest Income Expense": null,
      "Interest Expense Non Operating": null,
      "Operating Income": null,
      "Operating Expense": null,
      "Other Operating Expenses": null,
      "Other Taxes": null,
      "Selling General And Administration": null,
      "Selling And Marketing Expense": null,
      "General And Administrative Expense": null,
      "Other Gand A": null,
      "Salaries And Wages": null,
      "Gross Profit": null,
      "Cost Of Revenue": null,
      "Total Revenue": null,
      "Operating Revenue": null
    }
  },
  "balance_sheet": {
    "2024-12-31T00:00:00": {
      "Treasury Shares Number": null,
      "Ordinary Shares Number": 491025446.0,
      "Share Issued": 491025446.0,
      "Net Debt": 10599000000.0,
      "Total Debt": 12807000000.0,
      "Tangible Book Value": 10545000000.0,
      "Invested Capital": 35859000000.0,
      "Working Capital": 1747000000.0,
      "Net Tangible Assets": 10545000000.0,
      "Capital Lease Obligations": 1355000000.0,
      "Common Stock Equity": 24407000000.0,
      "Total Capitalization": 33288000000.0,
      "Total Equity Gross Minority Interest": 24442000000.0,
      "Minority Interest": 35000000.0,
      "Stockholders Equity": 24407000000.0,
      "Gains Losses Not Affecting Retained Earnings": -515000000.0,
      "Other Equity Adjustments": -515000000.0,
      "Retained Earnings": 11106000000.0,
      "Additional Paid In Capital": 68000000.0,
      "Capital Stock": 13748000000.0,
      "Common Stock": 13748000000.0,
      "Total Liabilities Net Minority Interest": 27398000000.0,
      "Total Non Current Liabilities Net Minority Interest": 15353000000.0,
      "Other Non Current Liabilities": 164000000.0,
      "Employee Benefits": 227000000.0,
      "Non Current Pension And Other Postretirement Benefit Plans": 227000000.0,
      "Non Current Deferred Liabilities": 3539000000.0,
      "Non Current Deferred Taxes Liabilities": 3539000000.0,
      "Long Term Debt And Capital Lease Obligation": 9880000000.0,
      "Long Term Capital Lease Obligation": 999000000.0,
      "Long Term Debt": 8881000000.0,
      "Long Term Provisions": 1543000000.0,
      "Current Liabilities": 12045000000.0,
      "Other Current Liabilities": 33000000.0,
      "Current Deferred Liabilities": 1881000000.0,
      "Current Deferred Revenue": 1881000000.0,
      "Current Debt And Capital Lease Obligation": 2927000000.0,
      "Current Capital Lease Obligation": 356000000.0,
      "Current Debt": 2571000000.0,
      "Other Current Borrowings": 1104000000.0,
      "Line Of Credit": 506000000.0,
      "Commercial Paper": 961000000.0,
      "Pensionand Other Post Retirement Benefit Plans Current": 655000000.0,
      "Current Provisions": 188000000.0,
      "Payables And Accrued Expenses": 6361000000.0,
      "Current Accrued Expenses": 581000000.0,
      "Interest Payable": 112000000.0,
      "Payables": 5780000000.0,
      "Other Payable": 85000000.0,
      "Dividends Payable": 265000000.0,
      "Total Tax Payable": 71000000.0,
      "Income Tax Payable": 22000000.0,
      "Accounts Payable": 5359000000.0,
      "Total Assets": 51840000000.0,
      "Total Non Current Assets": 38048000000.0,
      "Other Non Current Assets": 295000000.0,
      "Defined Pension Benefit": 140000000.0,
      "Non Current Deferred Assets": 401000000.0,
      "Non Current Deferred Taxes Assets": 401000000.0,
      "Non Current Accounts Receivable": 48000000.0,
      "Investments And Advances": 698000000.0,
      "Investmentin Financial Assets": 221000000.0,
      "Available For Sale Securities": 221000000.0,
      "Financial Assets Designatedas Fair Value Through Profitor Loss Total": 0.0,
      "Long Term Equity Investment": 477000000.0,
      "Investmentsin Associatesat Cost": 477000000.0,
      "Goodwill And Other Intangible Assets": 13862000000.0,
      "Other Intangible Assets": 1819000000.0,
      "Goodwill": 12043000000.0,
      "Net PPE": 22604000000.0,
      "Accumulated Depreciation": -18069000000.0,
      "Gross PPE": 40673000000.0,
      "Construction In Progress": 2110000000.0,
      "Machinery Furniture Equipment": 24421000000.0,
      "Buildings And Improvements": 9193000000.0,
      "Land And Improvements": 1726000000.0,
      "Current Assets": 13792000000.0,
      "Other Current Assets": 1401000000.0,
      "Prepaid Assets": null,
      "Inventory": 6148000000.0,
      "Finished Goods": 5102000000.0,
      "Work In Process": 154000000.0,
      "Raw Materials": 892000000.0,
      "Receivables": 5390000000.0,
      "Other Receivables": 510000000.0,
      "Taxes Receivable": 245000000.0,
      "Accounts Receivable": 4635000000.0,
      "Allowance For Doubtful Accounts Receivable": -167000000.0,
      "Gross Accounts Receivable": 4802000000.0,
      "Cash Cash Equivalents And Short Term Investments": 853000000.0,
      "Cash And Cash Equivalents": 853000000.0,
      "Cash Equivalents": null,
      "Cash Financial": null
    },
    "2023-12-31T00:00:00": {
      "Treasury Shares Number": 0.0,
      "Ordinary Shares Number": 494551730.0,
      "Share Issued": 494551730.0,
      "Net Debt": 10299000000.0,
      "Total Debt": 12566000000.0,
      "Tangible Book Value": 10825000000.0,
      "Invested Capital": 36396000000.0,
      "Working Capital": 2049000000.0,
      "Net Tangible Assets": 10825000000.0,
      "Capital Lease Obligations": 1326000000.0,
      "Common Stock Equity": 25156000000.0,
      "Total Capitalization": 34069000000.0,
      "Total Equity Gross Minority Interest": 25201000000.0,
      "Minority Interest": 45000000.0,
      "Stockholders Equity": 25156000000.0,
      "Gains Losses Not Affecting Retained Earnings": -296000000.0,
      "Other Equity Adjustments": -296000000.0,
      "Retained Earnings": 11531000000.0,
      "Additional Paid In Capital": 83000000.0,
      "Capital Stock": 13838000000.0,
      "Common Stock": 13838000000.0,
      "Total Liabilities Net Minority Interest": 27548000000.0,
      "Total Non Current Liabilities Net Minority Interest": 15427000000.0,
      "Other Non Current Liabilities": 200000000.0,
      "Employee Benefits": 252000000.0,
      "Non Current Pension And Other Postretirement Benefit Plans": 252000000.0,
      "Non Current Deferred Liabilities": 3574000000.0,
      "Non Current Deferred Taxes Liabilities": 3574000000.0,
      "Long Term Debt And Capital Lease Obligation": 9912000000.0,
      "Long Term Capital Lease Obligation": 999000000.0,
      "Long Term Debt": 8913000000.0,
      "Long Term Provisions": 1489000000.0,
      "Current Liabilities": 12121000000.0,
      "Other Current Liabilities": 16000000.0,
      "Current Deferred Liabilities": 2084000000.0,
      "Current Deferred Revenue": 2084000000.0,
      "Current Debt And Capital Lease Obligation": 2654000000.0,
      "Current Capital Lease Obligation": 327000000.0,
      "Current Debt": 2327000000.0,
      "Other Current Borrowings": 691000000.0,
      "Line Of Credit": 461000000.0,
      "Commercial Paper": 1175000000.0,
      "Pensionand Other Post Retirement Benefit Plans Current": 644000000.0,
      "Current Provisions": 165000000.0,
      "Payables And Accrued Expenses": 6558000000.0,
      "Current Accrued Expenses": 684000000.0,
      "Interest Payable": 117000000.0,
      "Payables": 5874000000.0,
      "Other Payable": 58000000.0,
      "Dividends Payable": 262000000.0,
      "Total Tax Payable": 77000000.0,
      "Income Tax Payable": 14000000.0,
      "Accounts Payable": 5477000000.0,
      "Total Assets": 52749000000.0,
      "Total Non Current Assets": 38579000000.0,
      "Other Non Current Assets": 345000000.0,
      "Defined Pension Benefit": 138000000.0,
      "Non Current Deferred Assets": 477000000.0,
      "Non Current Deferred Taxes Assets": 477000000.0,
      "Non Current Accounts Receivable": 91000000.0,
      "Investments And Advances": 736000000.0,
      "Investmentin Financial Assets": 254000000.0,
      "Available For Sale Securities": 209000000.0,
      "Financial Assets Designatedas Fair Value Through Profitor Loss Total": 45000000.0,
      "Long Term Equity Investment": 482000000.0,
      "Investmentsin Associatesat Cost": 482000000.0,
      "Goodwill And Other Intangible Assets": 14331000000.0,
      "Other Intangible Assets": 2217000000.0,
      "Goodwill": 12114000000.0,
      "Net PPE": 22461000000.0,
      "Accumulated Depreciation": -16863000000.0,
      "Gross PPE": 39324000000.0,
      "Construction In Progress": 2468000000.0,
      "Machinery Furniture Equipment": 23237000000.0,
      "Buildings And Improvements": 9050000000.0,
      "Land And Improvements": 1631000000.0,
      "Current Assets": 14170000000.0,
      "Other Current Assets": 1495000000.0,
      "Prepaid Assets": null,
      "Inventory": 6336000000.0,
      "Finished Goods": 5292000000.0,
      "Work In Process": 160000000.0,
      "Raw Materials": 884000000.0,
      "Receivables": 5398000000.0,
      "Other Receivables": 435000000.0,
      "Taxes Receivable": 295000000.0,
      "Accounts Receivable": 4668000000.0,
      "Allowance For Doubtful Accounts Receivable": -111000000.0,
      "Gross Accounts Receivable": 4779000000.0,
      "Cash Cash Equivalents And Short Term Investments": 941000000.0,
      "Cash And Cash Equivalents": 941000000.0,
      "Cash Equivalents": null,
      "Cash Financial": null
    },
    "2022-12-31T00:00:00": {
      "Treasury Shares Number": null,
      "Ordinary Shares Number": 507246105.0,
      "Share Issued": 507246105.0,
      "Net Debt": 9823000000.0,
      "Total Debt": 11928000000.0,
      "Tangible Book Value": 11153000000.0,
      "Invested Capital": 36542000000.0,
      "Working Capital": 2062000000.0,
      "Net Tangible Assets": 11153000000.0,
      "Capital Lease Obligations": 1204000000.0,
      "Common Stock Equity": 25818000000.0,
      "Total Capitalization": 33858000000.0,
      "Total Equity Gross Minority Interest": 25863000000.0,
      "Minority Interest": 45000000.0,
      "Stockholders Equity": 25818000000.0,
      "Gains Losses Not Affecting Retained Earnings": -391000000.0,
      "Other Equity Adjustments": -391000000.0,
      "Retained Earnings": 11928000000.0,
      "Additional Paid In Capital": 109000000.0,
      "Capital Stock": 14172000000.0,
      "Common Stock": 14172000000.0,
      "Total Liabilities Net Minority Interest": 28723000000.0,
      "Total Non Current Liabilities Net Minority Interest": 14443000000.0,
      "Other Non Current Liabilities": 235000000.0,
      "Employee Benefits": 319000000.0,
      "Non Current Pension And Other Postretirement Benefit Plans": 319000000.0,
      "Non Current Deferred Liabilities": 3547000000.0,
      "Non Current Deferred Taxes Liabilities": 3547000000.0,
      "Long Term Debt And Capital Lease Obligation": 8939000000.0,
      "Long Term Capital Lease Obligation": 899000000.0,
      "Long Term Debt": 8040000000.0,
      "Long Term Provisions": 1403000000.0,
      "Current Liabilities": 14280000000.0,
      "Other Current Liabilities": 35000000.0,
      "Current Deferred Liabilities": 2298000000.0,
      "Current Deferred Revenue": 2298000000.0,
      "Current Debt And Capital Lease Obligation": 2989000000.0,
      "Current Capital Lease Obligation": 305000000.0,
      "Current Debt": 2684000000.0,
      "Other Current Borrowings": 749000000.0,
      "Line Of Credit": 1152000000.0,
      "Commercial Paper": 783000000.0,
      "Pensionand Other Post Retirement Benefit Plans Current": 838000000.0,
      "Current Provisions": 234000000.0,
      "Payables And Accrued Expenses": 7886000000.0,
      "Current Accrued Expenses": 773000000.0,
      "Interest Payable": 102000000.0,
      "Payables": 7113000000.0,
      "Other Payable": null,
      "Dividends Payable": 244000000.0,
      "Total Tax Payable": 1072000000.0,
      "Income Tax Payable": 899000000.0,
      "Accounts Payable": 5797000000.0,
      "Total Assets": 54586000000.0,
      "Total Non Current Assets": 38244000000.0,
      "Other Non Current Assets": 310000000.0,
      "Defined Pension Benefit": 157000000.0,
      "Non Current Deferred Assets": 448000000.0,
      "Non Current Deferred Taxes Assets": 448000000.0,
      "Non Current Accounts Receivable": 54000000.0,
      "Investments And Advances": 843000000.0,
      "Investmentin Financial Assets": 244000000.0,
      "Available For Sale Securities": 200000000.0,
      "Financial Assets Designatedas Fair Value Through Profitor Loss Total": 44000000.0,
      "Long Term Equity Investment": 599000000.0,
      "Investmentsin Associatesat Cost": 599000000.0,
      "Goodwill And Other Intangible Assets": 14665000000.0,
      "Other Intangible Assets": 2297000000.0,
      "Goodwill": 12368000000.0,
      "Net PPE": 21767000000.0,
      "Accumulated Depreciation": -15456000000.0,
      "Gross PPE": 37223000000.0,
      "Construction In Progress": 2101000000.0,
      "Machinery Furniture Equipment": 22023000000.0,
      "Buildings And Improvements": 8795000000.0,
      "Land And Improvements": 1605000000.0,
      "Current Assets": 16342000000.0,
      "Other Current Assets": 1615000000.0,
      "Prepaid Assets": null,
      "Inventory": 7632000000.0,
      "Finished Goods": 6497000000.0,
      "Work In Process": 184000000.0,
      "Raw Materials": 951000000.0,
      "Receivables": 6194000000.0,
      "Other Receivables": 454000000.0,
      "Taxes Receivable": 144000000.0,
      "Accounts Receivable": 5596000000.0,
      "Allowance For Doubtful Accounts Receivable": -95000000.0,
      "Gross Accounts Receivable": 5691000000.0,
      "Cash Cash Equivalents And Short Term Investments": 901000000.0,
      "Cash And Cash Equivalents": 901000000.0,
      "Cash Equivalents": 126000000.0,
      "Cash Financial": 775000000.0
    },
    "2021-12-31T00:00:00": {
      "Treasury Shares Number": null,
      "Ordinary Shares Number": 557492516.0,
      "Share Issued": 557492516.0,
      "Net Debt": 9127000000.0,
      "Total Debt": 10846000000.0,
      "Tangible Book Value": 9092000000.0,
      "Invested Capital": 33278000000.0,
      "Working Capital": 1403000000.0,
      "Net Tangible Assets": 9092000000.0,
      "Capital Lease Obligations": 1220000000.0,
      "Common Stock Equity": 23652000000.0,
      "Total Capitalization": 31173000000.0,
      "Total Equity Gross Minority Interest": 23699000000.0,
      "Minority Interest": 47000000.0,
      "Stockholders Equity": 23652000000.0,
      "Gains Losses Not Affecting Retained Earnings": -146000000.0,
      "Other Equity Adjustments": -146000000.0,
      "Retained Earnings": 8192000000.0,
      "Additional Paid In Capital": 149000000.0,
      "Capital Stock": 15457000000.0,
      "Common Stock": 15457000000.0,
      "Total Liabilities Net Minority Interest": 26255000000.0,
      "Total Non Current Liabilities Net Minority Interest": 13812000000.0,
      "Other Non Current Liabilities": 207000000.0,
      "Employee Benefits": 419000000.0,
      "Non Current Pension And Other Postretirement Benefit Plans": 419000000.0,
      "Non Current Deferred Liabilities": 3165000000.0,
      "Non Current Deferred Taxes Liabilities": 3165000000.0,
      "Long Term Debt And Capital Lease Obligation": 8455000000.0,
      "Long Term Capital Lease Obligation": 934000000.0,
      "Long Term Debt": 7521000000.0,
      "Long Term Provisions": 1566000000.0,
      "Current Liabilities": 12443000000.0,
      "Other Current Liabilities": 20000000.0,
      "Current Deferred Liabilities": 2083000000.0,
      "Current Deferred Revenue": 2083000000.0,
      "Current Debt And Capital Lease Obligation": 2391000000.0,
      "Current Capital Lease Obligation": 286000000.0,
      "Current Debt": 2105000000.0,
      "Other Current Borrowings": 622000000.0,
      "Line Of Credit": 313000000.0,
      "Commercial Paper": 1170000000.0,
      "Pensionand Other Post Retirement Benefit Plans Current": 870000000.0,
      "Current Provisions": 170000000.0,
      "Payables And Accrued Expenses": 6909000000.0,
      "Current Accrued Expenses": 764000000.0,
      "Interest Payable": 80000000.0,
      "Payables": 6145000000.0,
      "Other Payable": null,
      "Dividends Payable": 257000000.0,
      "Total Tax Payable": 709000000.0,
      "Income Tax Payable": 606000000.0,
      "Accounts Payable": 5179000000.0,
      "Total Assets": 49954000000.0,
      "Total Non Current Assets": 36108000000.0,
      "Other Non Current Assets": 231000000.0,
      "Defined Pension Benefit": 170000000.0,
      "Non Current Deferred Assets": 262000000.0,
      "Non Current Deferred Taxes Assets": 262000000.0,
      "Non Current Accounts Receivable": 166000000.0,
      "Investments And Advances": 703000000.0,
      "Investmentin Financial Assets": 244000000.0,
      "Available For Sale Securities": 244000000.0,
      "Financial Assets Designatedas Fair Value Through Profitor Loss Total": null,
      "Long Term Equity Investment": 459000000.0,
      "Investmentsin Associatesat Cost": 459000000.0,
      "Goodwill And Other Intangible Assets": 14560000000.0,
      "Other Intangible Assets": 2340000000.0,
      "Goodwill": 12220000000.0,
      "Net PPE": 20016000000.0,
      "Accumulated Depreciation": -14802000000.0,
      "Gross PPE": 34818000000.0,
      "Construction In Progress": 1564000000.0,
      "Machinery Furniture Equipment": 20627000000.0,
      "Buildings And Improvements": 8584000000.0,
      "Land And Improvements": 1547000000.0,
      "Current Assets": 13846000000.0,
      "Other Current Assets": 1653000000.0,
      "Prepaid Assets": 1653000000.0,
      "Inventory": 6328000000.0,
      "Finished Goods": 5299000000.0,
      "Work In Process": 206000000.0,
      "Raw Materials": 823000000.0,
      "Receivables": 5366000000.0,
      "Other Receivables": 438000000.0,
      "Taxes Receivable": 223000000.0,
      "Accounts Receivable": 4705000000.0,
      "Allowance For Doubtful Accounts Receivable": -82000000.0,
      "Gross Accounts Receivable": 4787000000.0,
      "Cash Cash Equivalents And Short Term Investments": 499000000.0,
      "Cash And Cash Equivalents": 499000000.0,
      "Cash Equivalents": 71000000.0,
      "Cash Financial": 428000000.0
    }
  },
  "cashflow": {
    "2024-12-31T00:00:00": {
      "Free Cash Flow": 1381000000.0,
      "Repurchase Of Capital Stock": -184000000.0,
      "Repayment Of Debt": -1061000000.0,
      "Issuance Of Debt": 1022000000.0,
      "Issuance Of Capital Stock": 18000000.0,
      "Capital Expenditure": -2154000000.0,
      "Interest Paid Supplemental Data": 740000000.0,
      "Income Tax Paid Supplemental Data": 321000000.0,
      "End Cash Position": 853000000.0,
      "Beginning Cash Position": 941000000.0,
      "Effect Of Exchange Rate Changes": -37000000.0,
      "Changes In Cash": -51000000.0,
      "Financing Cash Flow": -1453000000.0,
      "Cash Flow From Continuing Financing Activities": -1453000000.0,
      "Net Other Financing Charges": -46000000.0,
      "Cash Dividends Paid": -1060000000.0,
      "Common Stock Dividend Paid": -1060000000.0,
      "Net Common Stock Issuance": -166000000.0,
      "Common Stock Payments": -184000000.0,
      "Common Stock Issuance": 18000000.0,
      "Net Issuance Payments Of Debt": -181000000.0,
      "Net Short Term Debt Issuance": -142000000.0,
      "Short Term Debt Issuance": null,
      "Net Long Term Debt Issuance": -39000000.0,
      "Long Term Debt Payments": -1061000000.0,
      "Long Term Debt Issuance": 1022000000.0,
      "Investing Cash Flow": -2133000000.0,
      "Cash Flow From Continuing Investing Activities": -2133000000.0,
      "Net Other Investing Changes": 110000000.0,
      "Net Investment Purchase And Sale": -68000000.0,
      "Sale Of Investment": 44000000.0,
      "Purchase Of Investment": -112000000.0,
      "Net Business Purchase And Sale": -21000000.0,
      "Purchase Of Business": -21000000.0,
      "Capital Expenditure Reported": -2154000000.0,
      "Operating Cash Flow": 3535000000.0,
      "Cash Flow From Continuing Operating Activities": 3535000000.0,
      "Taxes Refund Paid": null,
      "Change In Working Capital": -487000000.0,
      "Change In Payables And Accrued Expense": -323000000.0,
      "Change In Prepaid Assets": null,
      "Change In Inventory": 60000000.0,
      "Change In Receivables": -224000000.0,
      "Other Non Cash Items": 311000000.0,
      "Stock Based Compensation": 37000000.0,
      "Asset Impairment Charge": 530000000.0,
      "Deferred Tax": 78000000.0,
      "Deferred Income Tax": 78000000.0,
      "Depreciation Amortization Depletion": 2339000000.0,
      "Depreciation And Amortization": 2339000000.0,
      "Operating Gains Losses": 27000000.0,
      "Earnings Losses From Equity Investments": -8000000.0,
      "Gain Loss On Investment Securities": 35000000.0,
      "Net Income From Continuing Operations": 700000000.0
    },
    "2023-12-31T00:00:00": {
      "Free Cash Flow": 2466000000.0,
      "Repurchase Of Capital Stock": -1047000000.0,
      "Repayment Of Debt": -1023000000.0,
      "Issuance Of Debt": 1500000000.0,
      "Issuance Of Capital Stock": 33000000.0,
      "Capital Expenditure": -2600000000.0,
      "Interest Paid Supplemental Data": 729000000.0,
      "Income Tax Paid Supplemental Data": 1764000000.0,
      "End Cash Position": 941000000.0,
      "Beginning Cash Position": 901000000.0,
      "Effect Of Exchange Rate Changes": -7000000.0,
      "Changes In Cash": 47000000.0,
      "Financing Cash Flow": -2061000000.0,
      "Cash Flow From Continuing Financing Activities": -2061000000.0,
      "Net Other Financing Charges": -34000000.0,
      "Cash Dividends Paid": -1032000000.0,
      "Common Stock Dividend Paid": -1032000000.0,
      "Net Common Stock Issuance": -1014000000.0,
      "Common Stock Payments": -1047000000.0,
      "Common Stock Issuance": 33000000.0,
      "Net Issuance Payments Of Debt": 19000000.0,
      "Net Short Term Debt Issuance": -458000000.0,
      "Short Term Debt Issuance": null,
      "Net Long Term Debt Issuance": 477000000.0,
      "Long Term Debt Payments": -1023000000.0,
      "Long Term Debt Issuance": 1500000000.0,
      "Investing Cash Flow": -2958000000.0,
      "Cash Flow From Continuing Investing Activities": -2958000000.0,
      "Net Other Investing Changes": -62000000.0,
      "Net Investment Purchase And Sale": -143000000.0,
      "Sale Of Investment": null,
      "Purchase Of Investment": -143000000.0,
      "Net Business Purchase And Sale": -153000000.0,
      "Purchase Of Business": -153000000.0,
      "Capital Expenditure Reported": -2600000000.0,
      "Operating Cash Flow": 5066000000.0,
      "Cash Flow From Continuing Operating Activities": 5066000000.0,
      "Taxes Refund Paid": null,
      "Change In Working Capital": 507000000.0,
      "Change In Payables And Accrued Expense": -1748000000.0,
      "Change In Prepaid Assets": 1376000000.0,
      "Change In Inventory": 1376000000.0,
      "Change In Receivables": 879000000.0,
      "Other Non Cash Items": 197000000.0,
      "Stock Based Compensation": -14000000.0,
      "Asset Impairment Charge": 774000000.0,
      "Deferred Tax": -58000000.0,
      "Deferred Income Tax": -58000000.0,
      "Depreciation Amortization Depletion": 2169000000.0,
      "Depreciation And Amortization": 2169000000.0,
      "Operating Gains Losses": 209000000.0,
      "Earnings Losses From Equity Investments": 117000000.0,
      "Gain Loss On Investment Securities": 92000000.0,
      "Net Income From Continuing Operations": 1282000000.0
    },
    "2022-12-31T00:00:00": {
      "Free Cash Flow": 5635000000.0,
      "Repurchase Of Capital Stock": -4520000000.0,
      "Repayment Of Debt": -902000000.0,
      "Issuance Of Debt": 1045000000.0,
      "Issuance Of Capital Stock": 168000000.0,
      "Capital Expenditure": -2475000000.0,
      "Interest Paid Supplemental Data": 482000000.0,
      "Income Tax Paid Supplemental Data": 1882000000.0,
      "End Cash Position": 901000000.0,
      "Beginning Cash Position": 499000000.0,
      "Effect Of Exchange Rate Changes": -76000000.0,
      "Changes In Cash": 478000000.0,
      "Financing Cash Flow": -4731000000.0,
      "Cash Flow From Continuing Financing Activities": -4731000000.0,
      "Net Other Financing Charges": -20000000.0,
      "Cash Dividends Paid": -1031000000.0,
      "Common Stock Dividend Paid": -1031000000.0,
      "Net Common Stock Issuance": -4352000000.0,
      "Common Stock Payments": -4520000000.0,
      "Common Stock Issuance": 168000000.0,
      "Net Issuance Payments Of Debt": 672000000.0,
      "Net Short Term Debt Issuance": 529000000.0,
      "Short Term Debt Issuance": 529000000.0,
      "Net Long Term Debt Issuance": 143000000.0,
      "Long Term Debt Payments": -902000000.0,
      "Long Term Debt Issuance": 1045000000.0,
      "Investing Cash Flow": -2901000000.0,
      "Cash Flow From Continuing Investing Activities": -2901000000.0,
      "Net Other Investing Changes": -19000000.0,
      "Net Investment Purchase And Sale": null,
      "Sale Of Investment": null,
      "Purchase Of Investment": null,
      "Net Business Purchase And Sale": -407000000.0,
      "Purchase Of Business": -407000000.0,
      "Capital Expenditure Reported": -2475000000.0,
      "Operating Cash Flow": 8110000000.0,
      "Cash Flow From Continuing Operating Activities": 8110000000.0,
      "Taxes Refund Paid": 273000000.0,
      "Change In Working Capital": -1148000000.0,
      "Change In Payables And Accrued Expense": 938000000.0,
      "Change In Prepaid Assets": -1167000000.0,
      "Change In Inventory": -1281000000.0,
      "Change In Receivables": -919000000.0,
      "Other Non Cash Items": 2000000.0,
      "Stock Based Compensation": 63000000.0,
      "Asset Impairment Charge": -780000000.0,
      "Deferred Tax": 455000000.0,
      "Deferred Income Tax": 455000000.0,
      "Depreciation Amortization Depletion": 2012000000.0,
      "Depreciation And Amortization": 2012000000.0,
      "Operating Gains Losses": -181000000.0,
      "Earnings Losses From Equity Investments": -181000000.0,
      "Gain Loss On Investment Securities": -19000000.0,
      "Net Income From Continuing Operations": 7687000000.0
    },
    "2021-12-31T00:00:00": {
      "Free Cash Flow": 2002000000.0,
      "Repurchase Of Capital Stock": -1035000000.0,
      "Repayment Of Debt": -2532000000.0,
      "Issuance Of Debt": 1430000000.0,
      "Issuance Of Capital Stock": 200000000.0,
      "Capital Expenditure": -1884000000.0,
      "Interest Paid Supplemental Data": 491000000.0,
      "Income Tax Paid Supplemental Data": 435000000.0,
      "End Cash Position": 499000000.0,
      "Beginning Cash Position": 1454000000.0,
      "Effect Of Exchange Rate Changes": -31000000.0,
      "Changes In Cash": -924000000.0,
      "Financing Cash Flow": -3003000000.0,
      "Cash Flow From Continuing Financing Activities": -3003000000.0,
      "Net Other Financing Charges": -21000000.0,
      "Cash Dividends Paid": -1045000000.0,
      "Common Stock Dividend Paid": -1045000000.0,
      "Net Common Stock Issuance": -835000000.0,
      "Common Stock Payments": -1035000000.0,
      "Common Stock Issuance": 200000000.0,
      "Net Issuance Payments Of Debt": -1102000000.0,
      "Net Short Term Debt Issuance": 1344000000.0,
      "Short Term Debt Issuance": 1344000000.0,
      "Net Long Term Debt Issuance": -2446000000.0,
      "Long Term Debt Payments": -2532000000.0,
      "Long Term Debt Issuance": 86000000.0,
      "Investing Cash Flow": -1807000000.0,
      "Cash Flow From Continuing Investing Activities": -1807000000.0,
      "Net Other Investing Changes": 165000000.0,
      "Net Investment Purchase And Sale": null,
      "Sale Of Investment": null,
      "Purchase Of Investment": null,
      "Net Business Purchase And Sale": -88000000.0,
      "Purchase Of Business": -88000000.0,
      "Capital Expenditure Reported": -1884000000.0,
      "Operating Cash Flow": 3886000000.0,
      "Cash Flow From Continuing Operating Activities": 3886000000.0,
      "Taxes Refund Paid": 0.0,
      "Change In Working Capital": -1661000000.0,
      "Change In Payables And Accrued Expense": 1694000000.0,
      "Change In Prepaid Assets": -227000000.0,
      "Change In Inventory": -1459000000.0,
      "Change In Receivables": -1669000000.0,
      "Other Non Cash Items": 119000000.0,
      "Stock Based Compensation": 198000000.0,
      "Asset Impairment Charge": 33000000.0,
      "Deferred Tax": -31000000.0,
      "Deferred Income Tax": -31000000.0,
      "Depreciation Amortization Depletion": 1951000000.0,
      "Depreciation And Amortization": 1951000000.0,
      "Operating Gains Losses": 98000000.0,
      "Earnings Losses From Equity Investments": -44000000.0,
      "Gain Loss On Investment Securities": null,
      "Net Income From Continuing Operations": 3179000000.0
    }
  },
  "earnings_estimate": {
    "avg": {
      "0q": 0.49146,
      "+1q": 2.71692,
      "0y": 4.85825,
      "+1y": 4.74081
    },
    "low": {
      "0q": 0.25,
      "+1q": 2.43487,
      "0y": 4.35172,
      "+1y": 3.34001
    },
    "high": {
      "0q": 0.65,
      "+1q": 3.12,
      "0y": 5.51,
      "+1y": 5.8
    },
    "yearAgoEps": {
      "0q": 0.11,
      "+1q": 2.65,
      "0y": 4.56,
      "+1y": 4.85825
    },
    "numberOfAnalysts": {
      "0q": 14,
      "+1q": 13,
      "0y": 19,
      "+1y": 19
    },
    "growth": {
      "0q": 3.4678,
      "+1q": 0.0253,
      "0y": 0.0654,
      "+1y": -0.0242
    }
  },
  "revenue_estimate": {
    "avg": {
      "0q": 5261135500,
      "+1q": 10241170800,
      "0y": 26526305880,
      "+1y": 26662288850
    },
    "low": {
      "0q": 5153000000,
      "+1q": 10072000000,
      "0y": 25941863620,
      "+1y": 25602076800
    },
    "high": {
      "0q": 5482000000,
      "+1q": 10419400000,
      "0y": 28109000000,
      "+1y": 29107000000
    },
    "numberOfAnalysts": {
      "0q": 6,
      "+1q": 5,
      "0y": 15,
      "+1y": 15
    },
    "yearAgoRevenue": {
      "0q": 4874000000,
      "+1q": 10198000000,
      "0y": 25949000000,
      "+1y": 26526305880
    },
    "growth": {
      "0q": 0.0794,
      "+1q": 0.0042,
      "0y": 0.0222,
      "+1y": 0.0050999997
    }
  },
  "growth_estimates": {
    "stockTrend": {
      "0q": 3.4678,
      "+1q": 0.0253,
      "0y": 0.0654,
      "+1y": -0.0242,
      "LTG": null
    },
    "indexTrend": {
      "0q": 0.1273,
      "+1q": 0.103599995,
      "0y": 0.14310001,
      "+1y": 0.1557,
      "LTG": 0.122
    }
  },
  "revenue_forecasts": null,
  "dividend_rate": 2.99,
  "trailing_dividend_rate": 2.18
}