{
  "ticker": "NVDA",
  "name": "NVIDIA",
  "country": "usa",
  "currency": "USD",
  "last_fetched": "2026-02-26T20:44:31.878165",
  "market_cap": 4513203224576,
  "revenue": 187141996544,
  "net_income": 99198001152,
  "pe_ratio": 45.770367,
  "forward_pe": 17.5251,
  "dividend_yield": 0.02,
  "profit_margin": 0.53007,
  "roe": 1.07359,
  "debt_to_equity": 9.102,
  "beta": 2.314,
  "ev_to_ebitda": 41.726,
  "sector": "Technology",
  "industry": "Semiconductors",
  "summary": "NVIDIA Corporation, a computing infrastructure company, provides graphics and compute and networking solutions in the United States, Singapore, Taiwan, China, Hong Kong, and internationally. The Compute & Networking segment includes its Data Centre accelerated computing platforms and artificial intelligence solutions and software; networking; automotive platforms and autonomous and electric vehicle solutions; Jetson for robotics and other embedded platforms; and DGX Cloud computing services. The Graphics segment offers GeForce GPUs for gaming and PCs, the GeForce NOW game streaming service and related infrastructure, and solutions for gaming platforms; Quadro/NVIDIA RTX GPUs for enterprise workstation graphics; virtual GPU or vGPU software for cloud-based visual and virtual computing; automotive platforms for infotainment systems; and Omniverse software for building and operating industrial AI and digital twin applications. It also customized agentic solutions designed in collaboration with NVIDIA to accelerate enterprise AI adoption. The company's products are used in gaming, professional visualization, data center, and automotive markets. It sells its products to original equipment manufacturers, original device manufacturers, system integrators and distributors, independent software vendors, cloud service providers, consumer internet companies, add-in board manufacturers, distributors, automotive manufacturers and tier-1 automotive suppliers, and other ecosystem participants. The company has a strategic partnership with Siemens Aktiengesellschaft to develop industrial and physical AI solutions for AI-driven innovation to every industry and industrial workflow. NVIDIA Corporation was incorporated in 1993 and is headquartered in Santa Clara, California.",
  "website": "https://www.nvidia.com",
  "employees": 36000,
  "target_high": 352.0,
  "target_low": 140.0,
  "target_mean": 256.25137,
  "target_median": 250.0,
  "recommendation": "strong_buy",
  "num_analysts": 59,
  "income_stmt": {
    "2025-01-31T00:00:00": {
      "Tax Effect Of Unusual Items": 0.0,
      "Tax Rate For Calcs": 0.133,
      "Normalized EBITDA": 86137000000.0,
      "Total Unusual Items": 0.0,
      "Total Unusual Items Excluding Goodwill": 0.0,
      "Net Income From Continuing Operation Net Minority Interest": 72880000000.0,
      "Reconciled Depreciation": 1864000000.0,
      "Reconciled Cost Of Revenue": 32639000000.0,
      "EBITDA": 86137000000.0,
      "EBIT": 84273000000.0,
      "Net Interest Income": 1539000000.0,
      "Interest Expense": 247000000.0,
      "Interest Income": 1786000000.0,
      "Normalized Income": 72880000000.0,
      "Net Income From Continuing And Discontinued Operation": 72880000000.0,
      "Total Expenses": 49044000000.0,
      "Total Operating Income As Reported": 81453000000.0,
      "Diluted Average Shares": 24804000000.0,
      "Basic Average Shares": 24555000000.0,
      "Diluted EPS": 2.94,
      "Basic EPS": 2.97,
      "Diluted NI Availto Com Stockholders": 72880000000.0,
      "Net Income Common Stockholders": 72880000000.0,
      "Net Income": 72880000000.0,
      "Net Income Including Noncontrolling Interests": 72880000000.0,
      "Net Income Continuous Operations": 72880000000.0,
      "Tax Provision": 11146000000.0,
      "Pretax Income": 84026000000.0,
      "Other Income Expense": 1034000000.0,
      "Other Non Operating Income Expenses": 1034000000.0,
      "Special Income Charges": 0.0,
      "Restructuring And Mergern Acquisition": 0.0,
      "Net Non Operating Interest Income Expense": 1539000000.0,
      "Interest Expense Non Operating": 247000000.0,
      "Interest Income Non Operating": 1786000000.0,
      "Operating Income": 81453000000.0,
      "Operating Expense": 16405000000.0,
      "Research And Development": 12914000000.0,
      "Selling General And Administration": 3491000000.0,
      "Gross Profit": 97858000000.0,
      "Cost Of Revenue": 32639000000.0,
      "Total Revenue": 130497000000.0,
      "Operating Revenue": 130497000000.0
    },
    "2024-01-31T00:00:00": {
      "Tax Effect Of Unusual Items": 0.0,
      "Tax Rate For Calcs": 0.12,
      "Normalized EBITDA": 35583000000.0,
      "Total Unusual Items": 0.0,
      "Total Unusual Items Excluding Goodwill": 0.0,
      "Net Income From Continuing Operation Net Minority Interest": 29760000000.0,
      "Reconciled Depreciation": 1508000000.0,
      "Reconciled Cost Of Revenue": 16621000000.0,
      "EBITDA": 35583000000.0,
      "EBIT": 34075000000.0,
      "Net Interest Income": 609000000.0,
      "Interest Expense": 257000000.0,
      "Interest Income": 866000000.0,
      "Normalized Income": 29760000000.0,
      "Net Income From Continuing And Discontinued Operation": 29760000000.0,
      "Total Expenses": 27950000000.0,
      "Total Operating Income As Reported": 32972000000.0,
      "Diluted Average Shares": 24940000000.0,
      "Basic Average Shares": 24690000000.0,
      "Diluted EPS": 1.19,
      "Basic EPS": 1.21,
      "Diluted NI Availto Com Stockholders": 29760000000.0,
      "Net Income Common Stockholders": 29760000000.0,
      "Net Income": 29760000000.0,
      "Net Income Including Noncontrolling Interests": 29760000000.0,
      "Net Income Continuous Operations": 29760000000.0,
      "Tax Provision": 4058000000.0,
      "Pretax Income": 33818000000.0,
      "Other Income Expense": 237000000.0,
      "Other Non Operating Income Expenses": 237000000.0,
      "Special Income Charges": 0.0,
      "Restructuring And Mergern Acquisition": 0.0,
      "Net Non Operating Interest Income Expense": 609000000.0,
      "Interest Expense Non Operating": 257000000.0,
      "Interest Income Non Operating": 866000000.0,
      "Operating Income": 32972000000.0,
      "Operating Expense": 11329000000.0,
      "Research And Development": 8675000000.0,
      "Selling General And Administration": 2654000000.0,
      "Gross Profit": 44301000000.0,
      "Cost Of Revenue": 16621000000.0,
      "Total Revenue": 60922000000.0,
      "Operating Revenue": 60922000000.0
    },
    "2023-01-31T00:00:00": {
      "Tax Effect Of Unusual Items": -284130000.0,
      "Tax Rate For Calcs": 0.21,
      "Normalized EBITDA": 7339000000.0,
      "Total Unusual Items": -1353000000.0,
      "Total Unusual Items Excluding Goodwill": -1353000000.0,
      "Net Income From Continuing Operation Net Minority Interest": 4368000000.0,
      "Reconciled Depreciation": 1543000000.0,
      "Reconciled Cost Of Revenue": 11618000000.0,
      "EBITDA": 5986000000.0,
      "EBIT": 4443000000.0,
      "Net Interest Income": 5000000.0,
      "Interest Expense": 262000000.0,
      "Interest Income": 267000000.0,
      "Normalized Income": 5436870000.0,
      "Net Income From Continuing And Discontinued Operation": 4368000000.0,
      "Total Expenses": 21397000000.0,
      "Total Operating Income As Reported": 4224000000.0,
      "Diluted Average Shares": 25070000000.0,
      "Basic Average Shares": 24870000000.0,
      "Diluted EPS": 0.174,
      "Basic EPS": 0.176,
      "Diluted NI Availto Com Stockholders": 4368000000.0,
      "Net Income Common Stockholders": 4368000000.0,
      "Net Income": 4368000000.0,
      "Net Income Including Noncontrolling Interests": 4368000000.0,
      "Net Income Continuous Operations": 4368000000.0,
      "Tax Provision": -187000000.0,
      "Pretax Income": 4181000000.0,
      "Other Income Expense": -1401000000.0,
      "Other Non Operating Income Expenses": -48000000.0,
      "Special Income Charges": -1353000000.0,
      "Restructuring And Mergern Acquisition": 1353000000.0,
      "Net Non Operating Interest Income Expense": 5000000.0,
      "Interest Expense Non Operating": 262000000.0,
      "Interest Income Non Operating": 267000000.0,
      "Operating Income": 5577000000.0,
      "Operating Expense": 9779000000.0,
      "Research And Development": 7339000000.0,
      "Selling General And Administration": 2440000000.0,
      "Gross Profit": 15356000000.0,
      "Cost Of Revenue": 11618000000.0,
      "Total Revenue": 26974000000.0,
      "Operating Revenue": 26974000000.0
    },
    "2022-01-31T00:00:00": {
      "Tax Effect Of Unusual Items": 0.0,
      "Tax Rate For Calcs": 0.019,
      "Normalized EBITDA": 11351000000.0,
      "Total Unusual Items": 0.0,
      "Total Unusual Items Excluding Goodwill": 0.0,
      "Net Income From Continuing Operation Net Minority Interest": 9752000000.0,
      "Reconciled Depreciation": 1174000000.0,
      "Reconciled Cost Of Revenue": 9439000000.0,
      "EBITDA": 11351000000.0,
      "EBIT": 10177000000.0,
      "Net Interest Income": -207000000.0,
      "Interest Expense": 236000000.0,
      "Interest Income": 29000000.0,
      "Normalized Income": 9752000000.0,
      "Net Income From Continuing And Discontinued Operation": 9752000000.0,
      "Total Expenses": 16873000000.0,
      "Total Operating Income As Reported": 10041000000.0,
      "Diluted Average Shares": 25350000000.0,
      "Basic Average Shares": 24960000000.0,
      "Diluted EPS": 0.385,
      "Basic EPS": 0.391,
      "Diluted NI Availto Com Stockholders": 9752000000.0,
      "Net Income Common Stockholders": 9752000000.0,
      "Net Income": 9752000000.0,
      "Net Income Including Noncontrolling Interests": 9752000000.0,
      "Net Income Continuous Operations": 9752000000.0,
      "Tax Provision": 189000000.0,
      "Pretax Income": 9941000000.0,
      "Other Income Expense": 107000000.0,
      "Other Non Operating Income Expenses": 107000000.0,
      "Special Income Charges": 0.0,
      "Restructuring And Mergern Acquisition": 0.0,
      "Net Non Operating Interest Income Expense": -207000000.0,
      "Interest Expense Non Operating": 236000000.0,
      "Interest Income Non Operating": 29000000.0,
      "Operating Income": 10041000000.0,
      "Operating Expense": 7434000000.0,
      "Research And Development": 5268000000.0,
      "Selling General And Administration": 2166000000.0,
      "Gross Profit": 17475000000.0,
      "Cost Of Revenue": 9439000000.0,
      "Total Revenue": 26914000000.0,
      "Operating Revenue": 26914000000.0
    }
  },
  "quarterly_income": {
    "2025-10-31T00:00:00": {
      "Tax Effect Of Unusual Items": 0.0,
      "Tax Rate For Calcs": 0.158846,
      "Normalized EBITDA": 38748000000.0,
      "Net Income From Continuing Operation Net Minority Interest": 31910000000.0,
      "Reconciled Depreciation": 751000000.0,
      "Reconciled Cost Of Revenue": 15157000000.0,
      "EBITDA": 38748000000.0,
      "EBIT": 37997000000.0,
      "Net Interest Income": 563000000.0,
      "Interest Expense": 61000000.0,
      "Interest Income": 624000000.0,
      "Normalized Income": 31910000000.0,
      "Net Income From Continuing And Discontinued Operation": 31910000000.0,
      "Total Expenses": 20996000000.0,
      "Total Operating Income As Reported": 36010000000.0,
      "Diluted Average Shares": 24483000000.0,
      "Basic Average Shares": 24327000000.0,
      "Diluted EPS": 1.3,
      "Basic EPS": 1.31,
      "Diluted NI Availto Com Stockholders": 31910000000.0,
      "Net Income Common Stockholders": 31910000000.0,
      "Net Income": 31910000000.0,
      "Net Income Including Noncontrolling Interests": 31910000000.0,
      "Net Income Continuous Operations": 31910000000.0,
      "Tax Provision": 6026000000.0,
      "Pretax Income": 37936000000.0,
      "Other Income Expense": 1363000000.0,
      "Other Non Operating Income Expenses": 1363000000.0,
      "Net Non Operating Interest Income Expense": 563000000.0,
      "Interest Expense Non Operating": 61000000.0,
      "Interest Income Non Operating": 624000000.0,
      "Operating Income": 36010000000.0,
      "Operating Expense": 5839000000.0,
      "Research And Development": 4705000000.0,
      "Selling General And Administration": 1134000000.0,
      "Gross Profit": 41849000000.0,
      "Cost Of Revenue": 15157000000.0,
      "Total Revenue": 57006000000.0,
      "Operating Revenue": 57006000000.0
    },
    "2025-07-31T00:00:00": {
      "Tax Effect Of Unusual Items": 0.0,
      "Tax Rate For Calcs": 0.153,
      "Normalized EBITDA": 31937000000.0,
      "Net Income From Continuing Operation Net Minority Interest": 26422000000.0,
      "Reconciled Depreciation": 669000000.0,
      "Reconciled Cost Of Revenue": 12890000000.0,
      "EBITDA": 31937000000.0,
      "EBIT": 31268000000.0,
      "Net Interest Income": 530000000.0,
      "Interest Expense": 62000000.0,
      "Interest Income": 592000000.0,
      "Normalized Income": 26422000000.0,
      "Net Income From Continuing And Discontinued Operation": 26422000000.0,
      "Total Expenses": 18303000000.0,
      "Total Operating Income As Reported": 28440000000.0,
      "Diluted Average Shares": 24532000000.0,
      "Basic Average Shares": 24366000000.0,
      "Diluted EPS": 1.08,
      "Basic EPS": 1.08,
      "Diluted NI Availto Com Stockholders": 26422000000.0,
      "Net Income Common Stockholders": 26422000000.0,
      "Net Income": 26422000000.0,
      "Net Income Including Noncontrolling Interests": 26422000000.0,
      "Net Income Continuous Operations": 26422000000.0,
      "Tax Provision": 4784000000.0,
      "Pretax Income": 31206000000.0,
      "Other Income Expense": 2236000000.0,
      "Other Non Operating Income Expenses": 2236000000.0,
      "Net Non Operating Interest Income Expense": 530000000.0,
      "Interest Expense Non Operating": 62000000.0,
      "Interest Income Non Operating": 592000000.0,
      "Operating Income": 28440000000.0,
      "Operating Expense": 5413000000.0,
      "Research And Development": 4291000000.0,
      "Selling General And Administration": 1122000000.0,
      "Gross Profit": 33853000000.0,
      "Cost Of Revenue": 12890000000.0,
      "Total Revenue": 46743000000.0,
      "Operating Revenue": 46743000000.0
    },
    "2025-04-30T00:00:00": {
      "Tax Effect Of Unusual Items": 0.0,
      "Tax Rate For Calcs": 0.143,
      "Normalized EBITDA": 22584000000.0,
      "Net Income From Continuing Operation Net Minority Interest": 18775000000.0,
      "Reconciled Depreciation": 611000000.0,
      "Reconciled Cost Of Revenue": 17394000000.0,
      "EBITDA": 22584000000.0,
      "EBIT": 21973000000.0,
      "Net Interest Income": 452000000.0,
      "Interest Expense": 63000000.0,
      "Interest Income": 515000000.0,
      "Normalized Income": 18775000000.0,
      "Net Income From Continuing And Discontinued Operation": 18775000000.0,
      "Total Expenses": 22424000000.0,
      "Total Operating Income As Reported": 21638000000.0,
      "Diluted Average Shares": 24611000000.0,
      "Basic Average Shares": 24441000000.0,
      "Diluted EPS": 0.76,
      "Basic EPS": 0.77,
      "Diluted NI Availto Com Stockholders": 18775000000.0,
      "Net Income Common Stockholders": 18775000000.0,
      "Net Income": 18775000000.0,
      "Net Income Including Noncontrolling Interests": 18775000000.0,
      "Net Income Continuous Operations": 18775000000.0,
      "Tax Provision": 3135000000.0,
      "Pretax Income": 21910000000.0,
      "Other Income Expense": -180000000.0,
      "Other Non Operating Income Expenses": -180000000.0,
      "Net Non Operating Interest Income Expense": 452000000.0,
      "Interest Expense Non Operating": 63000000.0,
      "Interest Income Non Operating": 515000000.0,
      "Operating Income": 21638000000.0,
      "Operating Expense": 5030000000.0,
      "Research And Development": 3989000000.0,
      "Selling General And Administration": 1041000000.0,
      "Gross Profit": 26668000000.0,
      "Cost Of Revenue": 17394000000.0,
      "Total Revenue": 44062000000.0,
      "Operating Revenue": 44062000000.0
    },
    "2025-01-31T00:00:00": {
      "Tax Effect Of Unusual Items": 0.0,
      "Tax Rate For Calcs": 0.123964,
      "Normalized EBITDA": 25821000000.0,
      "Net Income From Continuing Operation Net Minority Interest": 22091000000.0,
      "Reconciled Depreciation": 543000000.0,
      "Reconciled Cost Of Revenue": 10608000000.0,
      "EBITDA": 25821000000.0,
      "EBIT": 25278000000.0,
      "Net Interest Income": 450000000.0,
      "Interest Expense": 61000000.0,
      "Interest Income": 511000000.0,
      "Normalized Income": 22091000000.0,
      "Net Income From Continuing And Discontinued Operation": 22091000000.0,
      "Total Expenses": 15297000000.0,
      "Total Operating Income As Reported": 24034000000.0,
      "Diluted Average Shares": 24706000000.0,
      "Basic Average Shares": 24489000000.0,
      "Diluted EPS": 0.89,
      "Basic EPS": 0.9,
      "Diluted NI Availto Com Stockholders": 22091000000.0,
      "Net Income Common Stockholders": 22091000000.0,
      "Net Income": 22091000000.0,
      "Net Income Including Noncontrolling Interests": 22091000000.0,
      "Net Income Continuous Operations": 22091000000.0,
      "Tax Provision": 3126000000.0,
      "Pretax Income": 25217000000.0,
      "Other Income Expense": 733000000.0,
      "Other Non Operating Income Expenses": 733000000.0,
      "Net Non Operating Interest Income Expense": 450000000.0,
      "Interest Expense Non Operating": 61000000.0,
      "Interest Income Non Operating": 511000000.0,
      "Operating Income": 24034000000.0,
      "Operating Expense": 4689000000.0,
      "Research And Development": 3714000000.0,
      "Selling General And Administration": 975000000.0,
      "Gross Profit": 28723000000.0,
      "Cost Of Revenue": 10608000000.0,
      "Total Revenue": 39331000000.0,
      "Operating Revenue": 39331000000.0
    },
    "2024-10-31T00:00:00": {
      "Tax Effect Of Unusual Items": 0.0,
      "Tax Rate For Calcs": 0.134746,
      "Normalized EBITDA": 22855000000.0,
      "Net Income From Continuing Operation Net Minority Interest": 19309000000.0,
      "Reconciled Depreciation": 478000000.0,
      "Reconciled Cost Of Revenue": 8926000000.0,
      "EBITDA": 22855000000.0,
      "EBIT": 22377000000.0,
      "Net Interest Income": 411000000.0,
      "Interest Expense": 61000000.0,
      "Interest Income": 472000000.0,
      "Normalized Income": 19309000000.0,
      "Net Income From Continuing And Discontinued Operation": 19309000000.0,
      "Total Expenses": 13213000000.0,
      "Total Operating Income As Reported": 21869000000.0,
      "Diluted Average Shares": 24774000000.0,
      "Basic Average Shares": 24533000000.0,
      "Diluted EPS": 0.78,
      "Basic EPS": 0.79,
      "Diluted NI Availto Com Stockholders": 19309000000.0,
      "Net Income Common Stockholders": 19309000000.0,
      "Net Income": 19309000000.0,
      "Net Income Including Noncontrolling Interests": 19309000000.0,
      "Net Income Continuous Operations": 19309000000.0,
      "Tax Provision": 3007000000.0,
      "Pretax Income": 22316000000.0,
      "Other Income Expense": 36000000.0,
      "Other Non Operating Income Expenses": 36000000.0,
      "Net Non Operating Interest Income Expense": 411000000.0,
      "Interest Expense Non Operating": 61000000.0,
      "Interest Income Non Operating": 472000000.0,
      "Operating Income": 21869000000.0,
      "Operating Expense": 4287000000.0,
      "Research And Development": 3390000000.0,
      "Selling General And Administration": 897000000.0,
      "Gross Profit": 26156000000.0,
      "Cost Of Revenue": 8926000000.0,
      "Total Revenue": 35082000000.0,
      "Operating Revenue": 35082000000.0
    }
  },
  "balance_sheet": {
    "2025-01-31T00:00:00": {
      "Ordinary Shares Number": 24477000000.0,
      "Share Issued": 24477000000.0,
      "Net Debt": null,
      "Total Debt": 10270000000.0,
      "Tangible Book Value": 73332000000.0,
      "Invested Capital": 87790000000.0,
      "Working Capital": 62079000000.0,
      "Net Tangible Assets": 73332000000.0,
      "Capital Lease Obligations": 1807000000.0,
      "Common Stock Equity": 79327000000.0,
      "Total Capitalization": 87790000000.0,
      "Total Equity Gross Minority Interest": 79327000000.0,
      "Stockholders Equity": 79327000000.0,
      "Gains Losses Not Affecting Retained Earnings": 28000000.0,
      "Other Equity Adjustments": 28000000.0,
      "Treasury Stock": null,
      "Retained Earnings": 68038000000.0,
      "Additional Paid In Capital": 11237000000.0,
      "Capital Stock": 24000000.0,
      "Common Stock": 24000000.0,
      "Preferred Stock": 0.0,
      "Total Liabilities Net Minority Interest": 32274000000.0,
      "Total Non Current Liabilities Net Minority Interest": 14227000000.0,
      "Other Non Current Liabilities": 79000000.0,
      "Tradeand Other Payables Non Current": 2304000000.0,
      "Non Current Deferred Liabilities": 1862000000.0,
      "Non Current Deferred Revenue": 976000000.0,
      "Non Current Deferred Taxes Liabilities": 886000000.0,
      "Long Term Debt And Capital Lease Obligation": 9982000000.0,
      "Long Term Capital Lease Obligation": 1519000000.0,
      "Long Term Debt": 8463000000.0,
      "Current Liabilities": 18047000000.0,
      "Other Current Liabilities": 228000000.0,
      "Current Deferred Liabilities": 837000000.0,
      "Current Deferred Revenue": 837000000.0,
      "Current Debt And Capital Lease Obligation": 288000000.0,
      "Current Capital Lease Obligation": 288000000.0,
      "Current Debt": null,
      "Other Current Borrowings": null,
      "Current Provisions": 1373000000.0,
      "Payables And Accrued Expenses": 15321000000.0,
      "Current Accrued Expenses": 8130000000.0,
      "Payables": 7191000000.0,
      "Total Tax Payable": 881000000.0,
      "Accounts Payable": 6310000000.0,
      "Total Assets": 111601000000.0,
      "Total Non Current Assets": 31475000000.0,
      "Other Non Current Assets": 201000000.0,
      "Non Current Prepaid Assets": 2087000000.0,
      "Non Current Deferred Assets": 10979000000.0,
      "Non Current Deferred Taxes Assets": 10979000000.0,
      "Non Current Accounts Receivable": 750000000.0,
      "Investments And Advances": 3387000000.0,
      "Other Investments": null,
      "Investmentin Financial Assets": 3387000000.0,
      "Available For Sale Securities": 3387000000.0,
      "Goodwill And Other Intangible Assets": 5995000000.0,
      "Other Intangible Assets": 807000000.0,
      "Goodwill": 5188000000.0,
      "Net PPE": 8076000000.0,
      "Accumulated Depreciation": -4401000000.0,
      "Gross PPE": 12477000000.0,
      "Construction In Progress": 529000000.0,
      "Other Properties": 1793000000.0,
      "Machinery Furniture Equipment": 7568000000.0,
      "Buildings And Improvements": 2076000000.0,
      "Land And Improvements": 511000000.0,
      "Properties": 0.0,
      "Current Assets": 80126000000.0,
      "Other Current Assets": 3771000000.0,
      "Prepaid Assets": null,
      "Inventory": 10080000000.0,
      "Finished Goods": 3273000000.0,
      "Work In Process": 3399000000.0,
      "Raw Materials": 3408000000.0,
      "Receivables": 23065000000.0,
      "Accounts Receivable": 23065000000.0,
      "Cash Cash Equivalents And Short Term Investments": 43210000000.0,
      "Other Short Term Investments": 34621000000.0,
      "Cash And Cash Equivalents": 8589000000.0
    },
    "2024-01-31T00:00:00": {
      "Ordinary Shares Number": 24640000000.0,
      "Share Issued": 24640000000.0,
      "Net Debt": 2429000000.0,
      "Total Debt": 11056000000.0,
      "Tangible Book Value": 37436000000.0,
      "Invested Capital": 52687000000.0,
      "Working Capital": 33714000000.0,
      "Net Tangible Assets": 37436000000.0,
      "Capital Lease Obligations": 1347000000.0,
      "Common Stock Equity": 42978000000.0,
      "Total Capitalization": 51437000000.0,
      "Total Equity Gross Minority Interest": 42978000000.0,
      "Stockholders Equity": 42978000000.0,
      "Gains Losses Not Affecting Retained Earnings": 27000000.0,
      "Other Equity Adjustments": 27000000.0,
      "Treasury Stock": null,
      "Retained Earnings": 29817000000.0,
      "Additional Paid In Capital": 13109000000.0,
      "Capital Stock": 25000000.0,
      "Common Stock": 25000000.0,
      "Preferred Stock": 0.0,
      "Total Liabilities Net Minority Interest": 22750000000.0,
      "Total Non Current Liabilities Net Minority Interest": 12119000000.0,
      "Other Non Current Liabilities": 65000000.0,
      "Tradeand Other Payables Non Current": 1441000000.0,
      "Non Current Deferred Liabilities": 1035000000.0,
      "Non Current Deferred Revenue": 573000000.0,
      "Non Current Deferred Taxes Liabilities": 462000000.0,
      "Long Term Debt And Capital Lease Obligation": 9578000000.0,
      "Long Term Capital Lease Obligation": 1119000000.0,
      "Long Term Debt": 8459000000.0,
      "Current Liabilities": 10631000000.0,
      "Other Current Liabilities": 199000000.0,
      "Current Deferred Liabilities": 764000000.0,
      "Current Deferred Revenue": 764000000.0,
      "Current Debt And Capital Lease Obligation": 1478000000.0,
      "Current Capital Lease Obligation": 228000000.0,
      "Current Debt": 1250000000.0,
      "Other Current Borrowings": 1250000000.0,
      "Current Provisions": 415000000.0,
      "Payables And Accrued Expenses": 7775000000.0,
      "Current Accrued Expenses": 4780000000.0,
      "Payables": 2995000000.0,
      "Total Tax Payable": 296000000.0,
      "Accounts Payable": 2699000000.0,
      "Total Assets": 65728000000.0,
      "Total Non Current Assets": 21383000000.0,
      "Other Non Current Assets": 357000000.0,
      "Non Current Prepaid Assets": 2822000000.0,
      "Non Current Deferred Assets": 6081000000.0,
      "Non Current Deferred Taxes Assets": 6081000000.0,
      "Non Current Accounts Receivable": null,
      "Investments And Advances": 1321000000.0,
      "Other Investments": 1546000000.0,
      "Investmentin Financial Assets": 1321000000.0,
      "Available For Sale Securities": 1321000000.0,
      "Goodwill And Other Intangible Assets": 5542000000.0,
      "Other Intangible Assets": 1112000000.0,
      "Goodwill": 4430000000.0,
      "Net PPE": 5260000000.0,
      "Accumulated Depreciation": -3509000000.0,
      "Gross PPE": 8769000000.0,
      "Construction In Progress": 189000000.0,
      "Other Properties": 1346000000.0,
      "Machinery Furniture Equipment": 5200000000.0,
      "Buildings And Improvements": 1816000000.0,
      "Land And Improvements": 218000000.0,
      "Properties": 0.0,
      "Current Assets": 44345000000.0,
      "Other Current Assets": 3080000000.0,
      "Prepaid Assets": null,
      "Inventory": 5282000000.0,
      "Finished Goods": 2058000000.0,
      "Work In Process": 1505000000.0,
      "Raw Materials": 1719000000.0,
      "Receivables": 9999000000.0,
      "Accounts Receivable": 9999000000.0,
      "Cash Cash Equivalents And Short Term Investments": 25984000000.0,
      "Other Short Term Investments": 18704000000.0,
      "Cash And Cash Equivalents": 7280000000.0
    },
    "2023-01-31T00:00:00": {
      "Ordinary Shares Number": 24661365720.0,
      "Share Issued": 24661365720.0,
      "Net Debt": 7564000000.0,
      "Total Debt": 12031000000.0,
      "Tangible Book Value": 16053000000.0,
      "Invested Capital": 33054000000.0,
      "Working Capital": 16510000000.0,
      "Net Tangible Assets": 16053000000.0,
      "Capital Lease Obligations": 1078000000.0,
      "Common Stock Equity": 22101000000.0,
      "Total Capitalization": 31804000000.0,
      "Total Equity Gross Minority Interest": 22101000000.0,
      "Stockholders Equity": 22101000000.0,
      "Gains Losses Not Affecting Retained Earnings": -43000000.0,
      "Other Equity Adjustments": -43000000.0,
      "Treasury Stock": null,
      "Retained Earnings": 10171000000.0,
      "Additional Paid In Capital": 11971000000.0,
      "Capital Stock": 2000000.0,
      "Common Stock": 2000000.0,
      "Preferred Stock": 0.0,
      "Total Liabilities Net Minority Interest": 19081000000.0,
      "Total Non Current Liabilities Net Minority Interest": 12518000000.0,
      "Other Non Current Liabilities": 63000000.0,
      "Tradeand Other Payables Non Current": 1385000000.0,
      "Non Current Deferred Liabilities": 465000000.0,
      "Non Current Deferred Revenue": 218000000.0,
      "Non Current Deferred Taxes Liabilities": 247000000.0,
      "Long Term Debt And Capital Lease Obligation": 10605000000.0,
      "Long Term Capital Lease Obligation": 902000000.0,
      "Long Term Debt": 9703000000.0,
      "Current Liabilities": 6563000000.0,
      "Other Current Liabilities": 69000000.0,
      "Current Deferred Liabilities": 354000000.0,
      "Current Deferred Revenue": 354000000.0,
      "Current Debt And Capital Lease Obligation": 1426000000.0,
      "Current Capital Lease Obligation": 176000000.0,
      "Current Debt": 1250000000.0,
      "Other Current Borrowings": 1250000000.0,
      "Current Provisions": 108000000.0,
      "Payables And Accrued Expenses": 4606000000.0,
      "Current Accrued Expenses": 2946000000.0,
      "Payables": 1660000000.0,
      "Total Tax Payable": 467000000.0,
      "Accounts Payable": 1193000000.0,
      "Total Assets": 41182000000.0,
      "Total Non Current Assets": 18109000000.0,
      "Other Non Current Assets": 145000000.0,
      "Non Current Prepaid Assets": 3376000000.0,
      "Non Current Deferred Assets": 3396000000.0,
      "Non Current Deferred Taxes Assets": 3396000000.0,
      "Non Current Accounts Receivable": null,
      "Investments And Advances": 299000000.0,
      "Other Investments": 299000000.0,
      "Investmentin Financial Assets": null,
      "Available For Sale Securities": null,
      "Goodwill And Other Intangible Assets": 6048000000.0,
      "Other Intangible Assets": 1676000000.0,
      "Goodwill": 4372000000.0,
      "Net PPE": 4845000000.0,
      "Accumulated Depreciation": -2694000000.0,
      "Gross PPE": 7539000000.0,
      "Construction In Progress": 382000000.0,
      "Other Properties": 1038000000.0,
      "Machinery Furniture Equipment": 4303000000.0,
      "Buildings And Improvements": 1598000000.0,
      "Land And Improvements": 218000000.0,
      "Properties": 0.0,
      "Current Assets": 23073000000.0,
      "Other Current Assets": 791000000.0,
      "Prepaid Assets": null,
      "Inventory": 5159000000.0,
      "Finished Goods": 2263000000.0,
      "Work In Process": 466000000.0,
      "Raw Materials": 2430000000.0,
      "Receivables": 3827000000.0,
      "Accounts Receivable": 3827000000.0,
      "Cash Cash Equivalents And Short Term Investments": 13296000000.0,
      "Other Short Term Investments": 9907000000.0,
      "Cash And Cash Equivalents": 3389000000.0
    },
    "2022-01-31T00:00:00": {
      "Ordinary Shares Number": 25060000000.0,
      "Share Issued": 25060000000.0,
      "Net Debt": 8956000000.0,
      "Total Debt": 11831000000.0,
      "Tangible Book Value": 19924000000.0,
      "Invested Capital": 37558000000.0,
      "Working Capital": 24494000000.0,
      "Net Tangible Assets": 19924000000.0,
      "Capital Lease Obligations": 885000000.0,
      "Common Stock Equity": 26612000000.0,
      "Total Capitalization": 37558000000.0,
      "Total Equity Gross Minority Interest": 26612000000.0,
      "Stockholders Equity": 26612000000.0,
      "Gains Losses Not Affecting Retained Earnings": -11000000.0,
      "Other Equity Adjustments": -11000000.0,
      "Treasury Stock": 0.0,
      "Retained Earnings": 16235000000.0,
      "Additional Paid In Capital": 10385000000.0,
      "Capital Stock": 3000000.0,
      "Common Stock": 3000000.0,
      "Preferred Stock": 0.0,
      "Total Liabilities Net Minority Interest": 17575000000.0,
      "Total Non Current Liabilities Net Minority Interest": 13240000000.0,
      "Other Non Current Liabilities": 49000000.0,
      "Tradeand Other Payables Non Current": 1057000000.0,
      "Non Current Deferred Liabilities": 447000000.0,
      "Non Current Deferred Revenue": 202000000.0,
      "Non Current Deferred Taxes Liabilities": 245000000.0,
      "Long Term Debt And Capital Lease Obligation": 11687000000.0,
      "Long Term Capital Lease Obligation": 741000000.0,
      "Long Term Debt": 10946000000.0,
      "Current Liabilities": 4335000000.0,
      "Other Current Liabilities": 371000000.0,
      "Current Deferred Liabilities": 300000000.0,
      "Current Deferred Revenue": 300000000.0,
      "Current Debt And Capital Lease Obligation": 144000000.0,
      "Current Capital Lease Obligation": 144000000.0,
      "Current Debt": null,
      "Other Current Borrowings": null,
      "Current Provisions": null,
      "Payables And Accrued Expenses": 3520000000.0,
      "Current Accrued Expenses": 1605000000.0,
      "Payables": 1915000000.0,
      "Total Tax Payable": 132000000.0,
      "Accounts Payable": 1783000000.0,
      "Total Assets": 44187000000.0,
      "Total Non Current Assets": 15358000000.0,
      "Other Non Current Assets": 66000000.0,
      "Non Current Prepaid Assets": 3509000000.0,
      "Non Current Deferred Assets": 1222000000.0,
      "Non Current Deferred Taxes Assets": 1222000000.0,
      "Non Current Accounts Receivable": null,
      "Investments And Advances": 266000000.0,
      "Other Investments": 266000000.0,
      "Investmentin Financial Assets": null,
      "Available For Sale Securities": null,
      "Goodwill And Other Intangible Assets": 6688000000.0,
      "Other Intangible Assets": 2339000000.0,
      "Goodwill": 4349000000.0,
      "Net PPE": 3607000000.0,
      "Accumulated Depreciation": -1903000000.0,
      "Gross PPE": 5510000000.0,
      "Construction In Progress": 737000000.0,
      "Other Properties": 829000000.0,
      "Machinery Furniture Equipment": 2852000000.0,
      "Buildings And Improvements": 874000000.0,
      "Land And Improvements": 218000000.0,
      "Properties": 0.0,
      "Current Assets": 28829000000.0,
      "Other Current Assets": 366000000.0,
      "Prepaid Assets": 366000000.0,
      "Inventory": 2605000000.0,
      "Finished Goods": 1122000000.0,
      "Work In Process": 692000000.0,
      "Raw Materials": 791000000.0,
      "Receivables": 4650000000.0,
      "Accounts Receivable": 4650000000.0,
      "Cash Cash Equivalents And Short Term Investments": 21208000000.0,
      "Other Short Term Investments": 19218000000.0,
      "Cash And Cash Equivalents": 1990000000.0
    }
  },
  "cashflow": {
    "2025-01-31T00:00:00": {
      "Free Cash Flow": 60853000000.0,
      "Repurchase Of Capital Stock": -33706000000.0,
      "Repayment Of Debt": -1250000000.0,
      "Issuance Of Debt": null,
      "Capital Expenditure": -3236000000.0,
      "Interest Paid Supplemental Data": 246000000.0,
      "Income Tax Paid Supplemental Data": 15118000000.0,
      "End Cash Position": 8589000000.0,
      "Beginning Cash Position": 7280000000.0,
      "Changes In Cash": 1309000000.0,
      "Financing Cash Flow": -42359000000.0,
      "Cash Flow From Continuing Financing Activities": -42359000000.0,
      "Net Other Financing Charges": -7059000000.0,
      "Proceeds From Stock Option Exercised": 490000000.0,
      "Cash Dividends Paid": -834000000.0,
      "Common Stock Dividend Paid": -834000000.0,
      "Net Common Stock Issuance": -33706000000.0,
      "Common Stock Payments": -33706000000.0,
      "Net Issuance Payments Of Debt": -1250000000.0,
      "Net Long Term Debt Issuance": -1250000000.0,
      "Long Term Debt Payments": -1250000000.0,
      "Long Term Debt Issuance": null,
      "Investing Cash Flow": -20421000000.0,
      "Cash Flow From Continuing Investing Activities": -20421000000.0,
      "Net Other Investing Changes": 22000000.0,
      "Net Investment Purchase And Sale": -16200000000.0,
      "Sale Of Investment": 11861000000.0,
      "Purchase Of Investment": -28061000000.0,
      "Net Business Purchase And Sale": -1007000000.0,
      "Purchase Of Business": -1007000000.0,
      "Net PPE Purchase And Sale": -3236000000.0,
      "Purchase Of PPE": -3236000000.0,
      "Operating Cash Flow": 64089000000.0,
      "Cash Flow From Continuing Operating Activities": 64089000000.0,
      "Change In Working Capital": -9383000000.0,
      "Change In Other Current Liabilities": 1221000000.0,
      "Change In Payables And Accrued Expense": 7635000000.0,
      "Change In Accrued Expense": 4278000000.0,
      "Change In Payable": 3357000000.0,
      "Change In Account Payable": 3357000000.0,
      "Change In Prepaid Assets": -395000000.0,
      "Change In Inventory": -4781000000.0,
      "Change In Receivables": -13063000000.0,
      "Changes In Account Receivables": -13063000000.0,
      "Other Non Cash Items": -502000000.0,
      "Stock Based Compensation": 4737000000.0,
      "Deferred Tax": -4477000000.0,
      "Deferred Income Tax": -4477000000.0,
      "Depreciation Amortization Depletion": 1864000000.0,
      "Depreciation And Amortization": 1864000000.0,
      "Amortization Cash Flow": null,
      "Amortization Of Intangibles": null,
      "Depreciation": null,
      "Operating Gains Losses": -1030000000.0,
      "Gain Loss On Investment Securities": -1030000000.0,
      "Net Income From Continuing Operations": 72880000000.0
    },
    "2024-01-31T00:00:00": {
      "Free Cash Flow": 27021000000.0,
      "Repurchase Of Capital Stock": -9533000000.0,
      "Repayment Of Debt": -1250000000.0,
      "Issuance Of Debt": 0.0,
      "Capital Expenditure": -1069000000.0,
      "Interest Paid Supplemental Data": 252000000.0,
      "Income Tax Paid Supplemental Data": 6549000000.0,
      "End Cash Position": 7280000000.0,
      "Beginning Cash Position": 3389000000.0,
      "Changes In Cash": 3891000000.0,
      "Financing Cash Flow": -13633000000.0,
      "Cash Flow From Continuing Financing Activities": -13633000000.0,
      "Net Other Financing Charges": -2858000000.0,
      "Proceeds From Stock Option Exercised": 403000000.0,
      "Cash Dividends Paid": -395000000.0,
      "Common Stock Dividend Paid": -395000000.0,
      "Net Common Stock Issuance": -9533000000.0,
      "Common Stock Payments": -9533000000.0,
      "Net Issuance Payments Of Debt": -1250000000.0,
      "Net Long Term Debt Issuance": -1250000000.0,
      "Long Term Debt Payments": -1250000000.0,
      "Long Term Debt Issuance": 0.0,
      "Investing Cash Flow": -10566000000.0,
      "Cash Flow From Continuing Investing Activities": -10566000000.0,
      "Net Other Investing Changes": -124000000.0,
      "Net Investment Purchase And Sale": -9290000000.0,
      "Sale Of Investment": 9783000000.0,
      "Purchase Of Investment": -19073000000.0,
      "Net Business Purchase And Sale": -83000000.0,
      "Purchase Of Business": -83000000.0,
      "Net PPE Purchase And Sale": -1069000000.0,
      "Purchase Of PPE": -1069000000.0,
      "Operating Cash Flow": 28090000000.0,
      "Cash Flow From Continuing Operating Activities": 28090000000.0,
      "Change In Working Capital": -3722000000.0,
      "Change In Other Current Liabilities": 514000000.0,
      "Change In Payables And Accrued Expense": 3556000000.0,
      "Change In Accrued Expense": 2025000000.0,
      "Change In Payable": 1531000000.0,
      "Change In Account Payable": 1531000000.0,
      "Change In Prepaid Assets": -1522000000.0,
      "Change In Inventory": -98000000.0,
      "Change In Receivables": -6172000000.0,
      "Changes In Account Receivables": -6172000000.0,
      "Other Non Cash Items": -278000000.0,
      "Stock Based Compensation": 3549000000.0,
      "Deferred Tax": -2489000000.0,
      "Deferred Income Tax": -2489000000.0,
      "Depreciation Amortization Depletion": 1508000000.0,
      "Depreciation And Amortization": 1508000000.0,
      "Amortization Cash Flow": 614000000.0,
      "Amortization Of Intangibles": 614000000.0,
      "Depreciation": 894000000.0,
      "Operating Gains Losses": -238000000.0,
      "Gain Loss On Investment Securities": -238000000.0,
      "Net Income From Continuing Operations": 29760000000.0
    },
    "2023-01-31T00:00:00": {
      "Free Cash Flow": 3808000000.0,
      "Repurchase Of Capital Stock": -10039000000.0,
      "Repayment Of Debt": 0.0,
      "Issuance Of Debt": 0.0,
      "Capital Expenditure": -1833000000.0,
      "Interest Paid Supplemental Data": 254000000.0,
      "Income Tax Paid Supplemental Data": 1404000000.0,
      "End Cash Position": 3389000000.0,
      "Beginning Cash Position": 1990000000.0,
      "Changes In Cash": 1399000000.0,
      "Financing Cash Flow": -11617000000.0,
      "Cash Flow From Continuing Financing Activities": -11617000000.0,
      "Net Other Financing Charges": -1535000000.0,
      "Proceeds From Stock Option Exercised": 355000000.0,
      "Cash Dividends Paid": -398000000.0,
      "Common Stock Dividend Paid": -398000000.0,
      "Net Common Stock Issuance": -10039000000.0,
      "Common Stock Payments": -10039000000.0,
      "Net Issuance Payments Of Debt": 0.0,
      "Net Long Term Debt Issuance": 0.0,
      "Long Term Debt Payments": 0.0,
      "Long Term Debt Issuance": 0.0,
      "Investing Cash Flow": 7375000000.0,
      "Cash Flow From Continuing Investing Activities": 7375000000.0,
      "Net Other Investing Changes": null,
      "Net Investment Purchase And Sale": 9257000000.0,
      "Sale Of Investment": 21239000000.0,
      "Purchase Of Investment": -11982000000.0,
      "Net Business Purchase And Sale": -49000000.0,
      "Purchase Of Business": -49000000.0,
      "Net PPE Purchase And Sale": -1833000000.0,
      "Purchase Of PPE": -1833000000.0,
      "Operating Cash Flow": 5641000000.0,
      "Cash Flow From Continuing Operating Activities": 5640000000.0,
      "Change In Working Capital": -2207000000.0,
      "Change In Other Current Liabilities": 252000000.0,
      "Change In Payables And Accrued Expense": 790000000.0,
      "Change In Accrued Expense": 1341000000.0,
      "Change In Payable": -551000000.0,
      "Change In Account Payable": -551000000.0,
      "Change In Prepaid Assets": -1517000000.0,
      "Change In Inventory": -2554000000.0,
      "Change In Receivables": 822000000.0,
      "Changes In Account Receivables": 822000000.0,
      "Other Non Cash Items": 1347000000.0,
      "Stock Based Compensation": 2709000000.0,
      "Deferred Tax": -2164000000.0,
      "Deferred Income Tax": -2164000000.0,
      "Depreciation Amortization Depletion": 1543000000.0,
      "Depreciation And Amortization": 1543000000.0,
      "Amortization Cash Flow": 699000000.0,
      "Amortization Of Intangibles": 699000000.0,
      "Depreciation": 844000000.0,
      "Operating Gains Losses": 45000000.0,
      "Gain Loss On Investment Securities": 45000000.0,
      "Net Income From Continuing Operations": 4368000000.0
    },
    "2022-01-31T00:00:00": {
      "Free Cash Flow": 8132000000.0,
      "Repurchase Of Capital Stock": 0.0,
      "Repayment Of Debt": -1000000000.0,
      "Issuance Of Debt": 4977000000.0,
      "Capital Expenditure": -976000000.0,
      "Interest Paid Supplemental Data": 246000000.0,
      "Income Tax Paid Supplemental Data": 396000000.0,
      "End Cash Position": 1990000000.0,
      "Beginning Cash Position": 847000000.0,
      "Changes In Cash": 1143000000.0,
      "Financing Cash Flow": 1865000000.0,
      "Cash Flow From Continuing Financing Activities": 1865000000.0,
      "Net Other Financing Charges": -1994000000.0,
      "Proceeds From Stock Option Exercised": 281000000.0,
      "Cash Dividends Paid": -399000000.0,
      "Common Stock Dividend Paid": -399000000.0,
      "Net Common Stock Issuance": 0.0,
      "Common Stock Payments": 0.0,
      "Net Issuance Payments Of Debt": 3977000000.0,
      "Net Long Term Debt Issuance": 3977000000.0,
      "Long Term Debt Payments": -1000000000.0,
      "Long Term Debt Issuance": 4977000000.0,
      "Investing Cash Flow": -9830000000.0,
      "Cash Flow From Continuing Investing Activities": -9830000000.0,
      "Net Other Investing Changes": null,
      "Net Investment Purchase And Sale": -8591000000.0,
      "Sale Of Investment": 16220000000.0,
      "Purchase Of Investment": -24811000000.0,
      "Net Business Purchase And Sale": -263000000.0,
      "Purchase Of Business": -263000000.0,
      "Net PPE Purchase And Sale": -976000000.0,
      "Purchase Of PPE": -976000000.0,
      "Operating Cash Flow": 9108000000.0,
      "Cash Flow From Continuing Operating Activities": 9108000000.0,
      "Change In Working Capital": -3363000000.0,
      "Change In Other Current Liabilities": 192000000.0,
      "Change In Payables And Accrued Expense": 1149000000.0,
      "Change In Accrued Expense": 581000000.0,
      "Change In Payable": 568000000.0,
      "Change In Account Payable": 568000000.0,
      "Change In Prepaid Assets": -1715000000.0,
      "Change In Inventory": -774000000.0,
      "Change In Receivables": -2215000000.0,
      "Changes In Account Receivables": -2215000000.0,
      "Other Non Cash Items": 47000000.0,
      "Stock Based Compensation": 2004000000.0,
      "Deferred Tax": -406000000.0,
      "Deferred Income Tax": -406000000.0,
      "Depreciation Amortization Depletion": 1174000000.0,
      "Depreciation And Amortization": 1174000000.0,
      "Amortization Cash Flow": 563000000.0,
      "Amortization Of Intangibles": 563000000.0,
      "Depreciation": 611000000.0,
      "Operating Gains Losses": -100000000.0,
      "Gain Loss On Investment Securities": -100000000.0,
      "Net Income From Continuing Operations": 9752000000.0
    }
  },
  "earnings_estimate": {
    "avg": {
      "0q": 1.75775,
      "+1q": 1.9453,
      "0y": 8.15428,
      "+1y": 10.34127
    },
    "low": {
      "0q": 1.67,
      "+1q": 1.78,
      "0y": 7.62,
      "+1y": 7.2
    },
    "high": {
      "0q": 1.99,
      "+1q": 2.3,
      "0y": 9.359,
      "+1y": 13.88
    },
    "yearAgoEps": {
      "0q": 0.81,
      "+1q": 1.05,
      "0y": 4.77,
      "+1y": 8.15428
    },
    "numberOfAnalysts": {
      "0q": 30,
      "+1q": 27,
      "0y": 40,
      "+1y": 42
    },
    "growth": {
      "0q": 1.1701,
      "+1q": 0.8527,
      "0y": 0.70949996,
      "+1y": 0.2682
    }
  },
  "revenue_estimate": {
    "avg": {
      "0q": 76228558740,
      "+1q": 84577163680,
      "0y": 359997739140,
      "+1y": 433167983010
    },
    "low": {
      "0q": 71954200000,
      "+1q": 78995803850,
      "0y": 320766000000,
      "+1y": 280300000000
    },
    "high": {
      "0q": 82455000000,
      "+1q": 96655000000,
      "0y": 412529000000,
      "+1y": 614139000000
    },
    "numberOfAnalysts": {
      "0q": 28,
      "+1q": 23,
      "0y": 29,
      "+1y": 49
    },
    "yearAgoRevenue": {
      "0q": 44062000000,
      "+1q": 46743000000,
      "0y": 215938000000,
      "+1y": 359997739140
    },
    "growth": {
      "0q": 0.73,
      "+1q": 0.8094,
      "0y": 0.6671,
      "+1y": 0.2033
    }
  },
  "growth_estimates": {
    "stockTrend": {
      "0q": 1.1701,
      "+1q": 0.8527,
      "0y": 0.70949996,
      "+1y": 0.2682,
      "LTG": null
    },
    "indexTrend": {
      "0q": 0.1273,
      "+1q": 0.103599995,
      "0y": 0.14310001,
      "+1y": 0.1557,
      "LTG": 0.122
    }
  },
  "revenue_forecasts": null,
  "dividend_rate": 0.04,
  "trailing_dividend_rate": 0.0
}