{
  "ticker": "NWG.L",
  "name": "NatWest",
  "country": "uk",
  "currency": "GBP",
  "last_fetched": "2026-02-26T20:46:34.376969",
  "market_cap": 50038931456,
  "revenue": 15969999872,
  "net_income": 5479000064,
  "pe_ratio": 9.370149,
  "forward_pe": 7.7125306,
  "dividend_yield": 5.28,
  "profit_margin": 0.36512002,
  "roe": 0.14231,
  "debt_to_equity": null,
  "beta": 0.844,
  "ev_to_ebitda": null,
  "sector": "Financial Services",
  "industry": "Banks - Regional",
  "summary": "NatWest Group plc, together with its subsidiaries, provides banking and financial products and services in the United Kingdom and internationally. It operates through the Retail Banking, Private Banking, and Commercial & Institutional segments. The Retail Banking segment offers a range of banking products and related financial services, such as current accounts, mortgages, personal unsecured lending, and personal deposits, as well as mobile and online banking services. Its Private Banking segment provides banking, lending, and wealth management products for high-net-worth individuals and their business interests. The Commercial & Institutional segment consists of customer businesses under business banking, commercial mid-market, and corporates and institutions; and offers banking operations services in the Channel Islands, Isle of Man, Gibraltar, and Luxembourg, as well as products and solutions for businesses comprising start-ups, corporates, and large institutions. The company was formerly known as The Royal Bank of Scotland Group plc and changed its name to NatWest Group plc in July 2020. NatWest Group plc was founded in 1727 and is headquartered in Edinburgh, the United Kingdom.",
  "website": "https://www.natwestgroup.com",
  "employees": 59000,
  "target_high": 839.99994,
  "target_low": 600.0,
  "target_mean": 708.471,
  "target_median": 720.0,
  "recommendation": "buy",
  "num_analysts": 17,
  "income_stmt": {
    "2025-12-31T00:00:00": {
      "Tax Effect Of Unusual Items": -49329000.0,
      "Tax Rate For Calcs": 0.243,
      "Total Unusual Items": -203000000.0,
      "Total Unusual Items Excluding Goodwill": -203000000.0,
      "Net Income From Continuing Operation Net Minority Interest": 5831000000.0,
      "Reconciled Depreciation": 1154000000.0,
      "Net Interest Income": 12829000000.0,
      "Interest Expense": 12869000000.0,
      "Interest Income": 25698000000.0,
      "Normalized Income": 5984671000.0,
      "Net Income From Continuing And Discontinued Operation": 5831000000.0,
      "Diluted Average Shares": null,
      "Basic Average Shares": null,
      "Diluted EPS": null,
      "Basic EPS": null,
      "Diluted NI Availto Com Stockholders": 5479000000.0,
      "Net Income Common Stockholders": 5479000000.0,
      "Otherunder Preferred Stock Dividend": 352000000.0,
      "Preferred Stock Dividends": null,
      "Net Income": 5831000000.0,
      "Minority Interests": -3000000.0,
      "Net Income Including Noncontrolling Interests": 5834000000.0,
      "Net Income Discontinuous Operations": 0.0,
      "Net Income Continuous Operations": 5834000000.0,
      "Tax Provision": 1874000000.0,
      "Pretax Income": 7708000000.0,
      "Special Income Charges": -203000000.0,
      "Other Special Charges": 203000000.0,
      "Gain On Sale Of Security": -89000000.0,
      "Operating Expense": 8095000000.0,
      "Other Operating Expenses": 123000000.0,
      "Depreciation And Amortization In Income Statement": 1154000000.0,
      "Depreciation Income Statement": 1154000000.0,
      "Selling General And Administration": 1423000000.0,
      "General And Administrative Expense": 1423000000.0,
      "Rent And Landing Fees": 1285000000.0,
      "Total Revenue": 16609000000.0,
      "Operating Revenue": 16609000000.0
    },
    "2024-12-31T00:00:00": {
      "Tax Effect Of Unusual Items": -62568000.0,
      "Tax Rate For Calcs": 0.237,
      "Total Unusual Items": -264000000.0,
      "Total Unusual Items Excluding Goodwill": -264000000.0,
      "Net Income From Continuing Operation Net Minority Interest": 4721000000.0,
      "Reconciled Depreciation": 1058000000.0,
      "Net Interest Income": 11275000000.0,
      "Interest Expense": 13912000000.0,
      "Interest Income": 25187000000.0,
      "Normalized Income": 4922432000.0,
      "Net Income From Continuing And Discontinued Operation": 4802000000.0,
      "Diluted Average Shares": 8516000000.0,
      "Basic Average Shares": 8450000000.0,
      "Diluted EPS": 0.531,
      "Basic EPS": 0.535,
      "Diluted NI Availto Com Stockholders": 4519000000.0,
      "Net Income Common Stockholders": 4519000000.0,
      "Otherunder Preferred Stock Dividend": 283000000.0,
      "Preferred Stock Dividends": null,
      "Net Income": 4802000000.0,
      "Minority Interests": -9000000.0,
      "Net Income Including Noncontrolling Interests": 4811000000.0,
      "Net Income Discontinuous Operations": 81000000.0,
      "Net Income Continuous Operations": 4730000000.0,
      "Tax Provision": 1465000000.0,
      "Pretax Income": 6195000000.0,
      "Special Income Charges": -264000000.0,
      "Other Special Charges": 264000000.0,
      "Gain On Sale Of Security": -85000000.0,
      "Operating Expense": 7854000000.0,
      "Other Operating Expenses": 142000000.0,
      "Depreciation And Amortization In Income Statement": 1058000000.0,
      "Depreciation Income Statement": 1058000000.0,
      "Selling General And Administration": 1446000000.0,
      "General And Administrative Expense": 1446000000.0,
      "Rent And Landing Fees": 1211000000.0,
      "Total Revenue": 14653000000.0,
      "Operating Revenue": 14653000000.0
    },
    "2023-12-31T00:00:00": {
      "Tax Effect Of Unusual Items": -87739074.134024,
      "Tax Rate For Calcs": 0.232114,
      "Total Unusual Items": -378000000.0,
      "Total Unusual Items Excluding Goodwill": -378000000.0,
      "Net Income From Continuing Operation Net Minority Interest": 4748000000.0,
      "Reconciled Depreciation": 934000000.0,
      "Net Interest Income": 11049000000.0,
      "Interest Expense": 9977000000.0,
      "Interest Income": 21026000000.0,
      "Normalized Income": 5038260925.865976,
      "Net Income From Continuing And Discontinued Operation": 4636000000.0,
      "Diluted Average Shares": 9219000000.0,
      "Basic Average Shares": 9164000000.0,
      "Diluted EPS": 0.477,
      "Basic EPS": 0.479,
      "Diluted NI Availto Com Stockholders": 4394000000.0,
      "Net Income Common Stockholders": 4394000000.0,
      "Otherunder Preferred Stock Dividend": 242000000.0,
      "Preferred Stock Dividends": null,
      "Net Income": 4636000000.0,
      "Minority Interests": 4000000.0,
      "Net Income Including Noncontrolling Interests": 4632000000.0,
      "Net Income Discontinuous Operations": -112000000.0,
      "Net Income Continuous Operations": 4744000000.0,
      "Tax Provision": 1434000000.0,
      "Pretax Income": 6178000000.0,
      "Special Income Charges": -378000000.0,
      "Other Special Charges": 378000000.0,
      "Gain On Sale Of Security": -150000000.0,
      "Operating Expense": 7641000000.0,
      "Other Operating Expenses": 109000000.0,
      "Depreciation And Amortization In Income Statement": 934000000.0,
      "Depreciation Income Statement": 934000000.0,
      "Selling General And Administration": 1606000000.0,
      "General And Administrative Expense": 1606000000.0,
      "Rent And Landing Fees": 1153000000.0,
      "Total Revenue": 14784000000.0,
      "Operating Revenue": 14784000000.0
    },
    "2022-12-31T00:00:00": {
      "Tax Effect Of Unusual Items": -136891075.604053,
      "Tax Rate For Calcs": 0.248441,
      "Total Unusual Items": -551000000.0,
      "Total Unusual Items Excluding Goodwill": -551000000.0,
      "Net Income From Continuing Operation Net Minority Interest": 3851000000.0,
      "Reconciled Depreciation": 833000000.0,
      "Net Interest Income": 9842000000.0,
      "Interest Expense": 2795000000.0,
      "Interest Income": 12637000000.0,
      "Normalized Income": 4265108924.395947,
      "Net Income From Continuing And Discontinued Operation": 3589000000.0,
      "Diluted Average Shares": 9940476190.0,
      "Basic Average Shares": 9881656805.0,
      "Diluted EPS": 0.336,
      "Basic EPS": 0.338,
      "Diluted NI Availto Com Stockholders": 3340000000.0,
      "Net Income Common Stockholders": 3340000000.0,
      "Otherunder Preferred Stock Dividend": 249000000.0,
      "Preferred Stock Dividends": null,
      "Net Income": 3589000000.0,
      "Minority Interests": -6000000.0,
      "Net Income Including Noncontrolling Interests": 3595000000.0,
      "Net Income Discontinuous Operations": -262000000.0,
      "Net Income Continuous Operations": 3857000000.0,
      "Tax Provision": 1275000000.0,
      "Pretax Income": 5132000000.0,
      "Special Income Charges": -551000000.0,
      "Other Special Charges": 551000000.0,
      "Gain On Sale Of Security": -169000000.0,
      "Operating Expense": 7302000000.0,
      "Other Operating Expenses": 101000000.0,
      "Depreciation And Amortization In Income Statement": 833000000.0,
      "Depreciation Income Statement": 833000000.0,
      "Selling General And Administration": 1585000000.0,
      "General And Administrative Expense": 1585000000.0,
      "Rent And Landing Fees": 1112000000.0,
      "Total Revenue": 13352000000.0,
      "Operating Revenue": 13352000000.0
    },
    "2021-12-31T00:00:00": {
      "Tax Effect Of Unusual Items": null,
      "Tax Rate For Calcs": null,
      "Total Unusual Items": null,
      "Total Unusual Items Excluding Goodwill": null,
      "Net Income From Continuing Operation Net Minority Interest": null,
      "Reconciled Depreciation": null,
      "Net Interest Income": null,
      "Interest Expense": null,
      "Interest Income": null,
      "Normalized Income": null,
      "Net Income From Continuing And Discontinued Operation": null,
      "Diluted Average Shares": 10827216262.0,
      "Basic Average Shares": 10784589426.0,
      "Diluted EPS": 0.272462,
      "Basic EPS": 0.273538,
      "Diluted NI Availto Com Stockholders": null,
      "Net Income Common Stockholders": null,
      "Otherunder Preferred Stock Dividend": null,
      "Preferred Stock Dividends": 19000000.0,
      "Net Income": null,
      "Minority Interests": null,
      "Net Income Including Noncontrolling Interests": null,
      "Net Income Discontinuous Operations": null,
      "Net Income Continuous Operations": null,
      "Tax Provision": null,
      "Pretax Income": null,
      "Special Income Charges": null,
      "Other Special Charges": null,
      "Gain On Sale Of Security": null,
      "Operating Expense": null,
      "Other Operating Expenses": null,
      "Depreciation And Amortization In Income Statement": null,
      "Depreciation Income Statement": null,
      "Selling General And Administration": null,
      "General And Administrative Expense": null,
      "Rent And Landing Fees": null,
      "Total Revenue": null,
      "Operating Revenue": null
    }
  },
  "quarterly_income": {
    "2025-12-31T00:00:00": {
      "Tax Effect Of Unusual Items": -17384536.082474,
      "Tax Rate For Calcs": 0.238144,
      "Total Unusual Items": -73000000.0,
      "Total Unusual Items Excluding Goodwill": -73000000.0,
      "Net Income From Continuing Operation Net Minority Interest": 1477000000.0,
      "Reconciled Depreciation": 299000000.0,
      "Net Interest Income": 3441000000.0,
      "Interest Expense": 3102000000.0,
      "Interest Income": 6543000000.0,
      "Normalized Income": 1532615463.917526,
      "Net Income From Continuing And Discontinued Operation": 1477000000.0,
      "Diluted Average Shares": 8098837209.0,
      "Basic Average Shares": 8005747126.0,
      "Diluted EPS": 0.172,
      "Basic EPS": 0.174,
      "Diluted NI Availto Com Stockholders": 1393000000.0,
      "Net Income Common Stockholders": 1393000000.0,
      "Otherunder Preferred Stock Dividend": 84000000.0,
      "Net Income": 1477000000.0,
      "Minority Interests": -1000000.0,
      "Net Income Including Noncontrolling Interests": 1478000000.0,
      "Net Income Discontinuous Operations": 0.0,
      "Net Income Continuous Operations": 1478000000.0,
      "Tax Provision": 462000000.0,
      "Pretax Income": 1940000000.0,
      "Special Income Charges": -73000000.0,
      "Other Special Charges": 73000000.0,
      "Restructuring And Mergern Acquisition": null,
      "Operating Expense": 2211000000.0,
      "Other Operating Expenses": 123000000.0,
      "Depreciation And Amortization In Income Statement": 299000000.0,
      "Depreciation Income Statement": 299000000.0,
      "Selling General And Administration": 440000000.0,
      "General And Administrative Expense": 440000000.0,
      "Rent And Landing Fees": 383000000.0,
      "Total Revenue": 4292000000.0,
      "Operating Revenue": 4292000000.0
    },
    "2025-09-30T00:00:00": {
      "Tax Effect Of Unusual Items": -2759505.26798,
      "Tax Rate For Calcs": 0.229959,
      "Total Unusual Items": -12000000.0,
      "Total Unusual Items Excluding Goodwill": -12000000.0,
      "Net Income From Continuing Operation Net Minority Interest": 1680000000.0,
      "Reconciled Depreciation": 298000000.0,
      "Net Interest Income": 3268000000.0,
      "Interest Expense": 3214000000.0,
      "Interest Income": 6482000000.0,
      "Normalized Income": 1689240494.73202,
      "Net Income From Continuing And Discontinued Operation": 1680000000.0,
      "Diluted Average Shares": null,
      "Basic Average Shares": null,
      "Diluted EPS": null,
      "Basic EPS": null,
      "Diluted NI Availto Com Stockholders": 1598000000.0,
      "Net Income Common Stockholders": 1598000000.0,
      "Otherunder Preferred Stock Dividend": 82000000.0,
      "Net Income": 1680000000.0,
      "Minority Interests": -1000000.0,
      "Net Income Including Noncontrolling Interests": 1681000000.0,
      "Net Income Discontinuous Operations": 0.0,
      "Net Income Continuous Operations": 1681000000.0,
      "Tax Provision": 502000000.0,
      "Pretax Income": 2183000000.0,
      "Special Income Charges": -12000000.0,
      "Other Special Charges": 12000000.0,
      "Restructuring And Mergern Acquisition": null,
      "Operating Expense": 1984000000.0,
      "Other Operating Expenses": 0.0,
      "Depreciation And Amortization In Income Statement": 298000000.0,
      "Depreciation Income Statement": 298000000.0,
      "Selling General And Administration": 323000000.0,
      "General And Administrative Expense": 323000000.0,
      "Rent And Landing Fees": 318000000.0,
      "Total Revenue": 4332000000.0,
      "Operating Revenue": 4332000000.0
    },
    "2025-06-30T00:00:00": {
      "Tax Effect Of Unusual Items": -16589396.503102,
      "Tax Rate For Calcs": 0.247603,
      "Total Unusual Items": -67000000.0,
      "Total Unusual Items Excluding Goodwill": -67000000.0,
      "Net Income From Continuing Operation Net Minority Interest": 1332000000.0,
      "Reconciled Depreciation": 291000000.0,
      "Net Interest Income": 3094000000.0,
      "Interest Expense": 3264000000.0,
      "Interest Income": 6358000000.0,
      "Normalized Income": 1382410603.496898,
      "Net Income From Continuing And Discontinued Operation": 1332000000.0,
      "Diluted Average Shares": null,
      "Basic Average Shares": null,
      "Diluted EPS": null,
      "Basic EPS": null,
      "Diluted NI Availto Com Stockholders": 1236000000.0,
      "Net Income Common Stockholders": 1236000000.0,
      "Otherunder Preferred Stock Dividend": 96000000.0,
      "Net Income": 1332000000.0,
      "Minority Interests": -2000000.0,
      "Net Income Including Noncontrolling Interests": 1334000000.0,
      "Net Income Discontinuous Operations": 0.0,
      "Net Income Continuous Operations": 1334000000.0,
      "Tax Provision": 439000000.0,
      "Pretax Income": 1773000000.0,
      "Special Income Charges": -67000000.0,
      "Other Special Charges": 74000000.0,
      "Restructuring And Mergern Acquisition": null,
      "Operating Expense": 1972000000.0,
      "Other Operating Expenses": 7000000.0,
      "Depreciation And Amortization In Income Statement": 291000000.0,
      "Depreciation Income Statement": 291000000.0,
      "Selling General And Administration": 337000000.0,
      "General And Administrative Expense": 337000000.0,
      "Rent And Landing Fees": 293000000.0,
      "Total Revenue": 3991000000.0,
      "Operating Revenue": 3991000000.0
    },
    "2025-03-31T00:00:00": {
      "Tax Effect Of Unusual Items": -13256622.516556,
      "Tax Rate For Calcs": 0.259934,
      "Total Unusual Items": -51000000.0,
      "Total Unusual Items Excluding Goodwill": -51000000.0,
      "Net Income From Continuing Operation Net Minority Interest": 1342000000.0,
      "Reconciled Depreciation": 266000000.0,
      "Net Interest Income": 3026000000.0,
      "Interest Expense": 3289000000.0,
      "Interest Income": 6315000000.0,
      "Normalized Income": 1379743377.483444,
      "Net Income From Continuing And Discontinued Operation": 1342000000.0,
      "Diluted Average Shares": 8129870130.0,
      "Basic Average Shares": 8077419355.0,
      "Diluted EPS": 0.154,
      "Basic EPS": 0.155,
      "Diluted NI Availto Com Stockholders": 1252000000.0,
      "Net Income Common Stockholders": 1252000000.0,
      "Otherunder Preferred Stock Dividend": 90000000.0,
      "Net Income": 1342000000.0,
      "Minority Interests": 1000000.0,
      "Net Income Including Noncontrolling Interests": 1341000000.0,
      "Net Income Discontinuous Operations": 0.0,
      "Net Income Continuous Operations": 1341000000.0,
      "Tax Provision": 471000000.0,
      "Pretax Income": 1812000000.0,
      "Special Income Charges": -51000000.0,
      "Other Special Charges": 44000000.0,
      "Restructuring And Mergern Acquisition": 7000000.0,
      "Operating Expense": 1928000000.0,
      "Other Operating Expenses": -7000000.0,
      "Depreciation And Amortization In Income Statement": 266000000.0,
      "Depreciation Income Statement": 266000000.0,
      "Selling General And Administration": 320000000.0,
      "General And Administrative Expense": 320000000.0,
      "Rent And Landing Fees": 294000000.0,
      "Total Revenue": 3980000000.0,
      "Operating Revenue": 3980000000.0
    },
    "2024-12-31T00:00:00": {
      "Tax Effect Of Unusual Items": -19052278.820375,
      "Tax Rate For Calcs": 0.156166,
      "Total Unusual Items": -122000000.0,
      "Total Unusual Items Excluding Goodwill": -122000000.0,
      "Net Income From Continuing Operation Net Minority Interest": 1260000000.0,
      "Reconciled Depreciation": 304000000.0,
      "Net Interest Income": 2968000000.0,
      "Interest Expense": 3485000000.0,
      "Interest Income": 6453000000.0,
      "Normalized Income": 1362947721.179625,
      "Net Income From Continuing And Discontinued Operation": 1329000000.0,
      "Diluted Average Shares": 8210526316.0,
      "Basic Average Shares": 8156862745.0,
      "Diluted EPS": 0.152,
      "Basic EPS": 0.153,
      "Diluted NI Availto Com Stockholders": 1248000000.0,
      "Net Income Common Stockholders": 1248000000.0,
      "Otherunder Preferred Stock Dividend": 81000000.0,
      "Net Income": 1329000000.0,
      "Minority Interests": 1000000.0,
      "Net Income Including Noncontrolling Interests": 1328000000.0,
      "Net Income Discontinuous Operations": 69000000.0,
      "Net Income Continuous Operations": 1259000000.0,
      "Tax Provision": 233000000.0,
      "Pretax Income": 1492000000.0,
      "Special Income Charges": -122000000.0,
      "Other Special Charges": 122000000.0,
      "Restructuring And Mergern Acquisition": null,
      "Operating Expense": 2114000000.0,
      "Other Operating Expenses": 142000000.0,
      "Depreciation And Amortization In Income Statement": 304000000.0,
      "Depreciation Income Statement": 304000000.0,
      "Selling General And Administration": 383000000.0,
      "General And Administrative Expense": 383000000.0,
      "Rent And Landing Fees": 348000000.0,
      "Total Revenue": 3775000000.0,
      "Operating Revenue": 3775000000.0
    },
    "2024-09-30T00:00:00": {
      "Tax Effect Of Unusual Items": null,
      "Tax Rate For Calcs": null,
      "Total Unusual Items": null,
      "Total Unusual Items Excluding Goodwill": null,
      "Net Income From Continuing Operation Net Minority Interest": null,
      "Reconciled Depreciation": null,
      "Net Interest Income": null,
      "Interest Expense": null,
      "Interest Income": null,
      "Normalized Income": null,
      "Net Income From Continuing And Discontinued Operation": null,
      "Diluted Average Shares": 8371428571.0,
      "Basic Average Shares": 8312056738.0,
      "Diluted EPS": 0.14,
      "Basic EPS": 0.141,
      "Diluted NI Availto Com Stockholders": null,
      "Net Income Common Stockholders": null,
      "Otherunder Preferred Stock Dividend": null,
      "Net Income": null,
      "Minority Interests": null,
      "Net Income Including Noncontrolling Interests": null,
      "Net Income Discontinuous Operations": null,
      "Net Income Continuous Operations": null,
      "Tax Provision": null,
      "Pretax Income": null,
      "Special Income Charges": null,
      "Other Special Charges": null,
      "Restructuring And Mergern Acquisition": null,
      "Operating Expense": null,
      "Other Operating Expenses": null,
      "Depreciation And Amortization In Income Statement": null,
      "Depreciation Income Statement": null,
      "Selling General And Administration": null,
      "General And Administrative Expense": null,
      "Rent And Landing Fees": null,
      "Total Revenue": null,
      "Operating Revenue": null
    }
  },
  "balance_sheet": {
    "2025-12-31T00:00:00": {
      "Treasury Shares Number": 231018778.0,
      "Preferred Shares Number": null,
      "Ordinary Shares Number": 7994646202.0,
      "Share Issued": 8225664980.0,
      "Total Debt": 71826000000.0,
      "Tangible Book Value": 35307000000.0,
      "Invested Capital": 113890000000.0,
      "Net Tangible Assets": 35307000000.0,
      "Common Stock Equity": 42599000000.0,
      "Total Capitalization": 113890000000.0,
      "Total Equity Gross Minority Interest": 42613000000.0,
      "Minority Interest": 14000000.0,
      "Stockholders Equity": 42599000000.0,
      "Other Equity Interest": 4571000000.0,
      "Treasury Stock": null,
      "Retained Earnings": 14419000000.0,
      "Additional Paid In Capital": null,
      "Capital Stock": 10021000000.0,
      "Common Stock": 10021000000.0,
      "Total Liabilities Net Minority Interest": 671940000000.0,
      "Preferred Securities Outside Stock Equity": 119000000.0,
      "Derivative Product Liabilities": 53974000000.0,
      "Long Term Debt And Capital Lease Obligation": 71826000000.0,
      "Payables": 76000000.0,
      "Total Tax Payable": 76000000.0,
      "Total Assets": 714553000000.0,
      "Defined Pension Benefit": 234000000.0,
      "Investments And Advances": 134343000000.0,
      "Investmentin Financial Assets": 133590000000.0,
      "Available For Sale Securities": 59916000000.0,
      "Financial Assets Designatedas Fair Value Through Profitor Loss Total": null,
      "Trading Securities": 12885000000.0,
      "Long Term Equity Investment": 753000000.0,
      "Investmentsin Associatesat Cost": 753000000.0,
      "Goodwill And Other Intangible Assets": 7292000000.0,
      "Other Intangible Assets": 1772000000.0,
      "Goodwill": 5520000000.0,
      "Net PPE": 4282000000.0,
      "Gross PPE": 4282000000.0,
      "Other Properties": 4282000000.0,
      "Prepaid Assets": null,
      "Receivables": null,
      "Taxes Receivable": 71000000.0,
      "Cash And Cash Equivalents": 85348000000.0,
      "Cash Financial": 85182000000.0,
      "Cash Cash Equivalents And Federal Funds Sold": 165675000000.0
    },
    "2024-12-31T00:00:00": {
      "Treasury Shares Number": 288729591.0,
      "Preferred Shares Number": null,
      "Ordinary Shares Number": 8042415284.0,
      "Share Issued": 8331144875.0,
      "Total Debt": 65922000000.0,
      "Tangible Book Value": 31762000000.0,
      "Invested Capital": 104642000000.0,
      "Net Tangible Assets": 31762000000.0,
      "Common Stock Equity": 39350000000.0,
      "Total Capitalization": 104642000000.0,
      "Total Equity Gross Minority Interest": 39378000000.0,
      "Minority Interest": 28000000.0,
      "Stockholders Equity": 39350000000.0,
      "Other Equity Interest": 5280000000.0,
      "Treasury Stock": null,
      "Retained Earnings": 11426000000.0,
      "Additional Paid In Capital": null,
      "Capital Stock": 10133000000.0,
      "Common Stock": 10133000000.0,
      "Total Liabilities Net Minority Interest": 668607000000.0,
      "Preferred Securities Outside Stock Equity": 119000000.0,
      "Derivative Product Liabilities": 72082000000.0,
      "Long Term Debt And Capital Lease Obligation": 65922000000.0,
      "Payables": 263000000.0,
      "Total Tax Payable": 263000000.0,
      "Total Assets": 707985000000.0,
      "Defined Pension Benefit": 190000000.0,
      "Investments And Advances": 142662000000.0,
      "Investmentin Financial Assets": 141972000000.0,
      "Available For Sale Securities": 49688000000.0,
      "Financial Assets Designatedas Fair Value Through Profitor Loss Total": null,
      "Trading Securities": 13878000000.0,
      "Long Term Equity Investment": 690000000.0,
      "Investmentsin Associatesat Cost": 690000000.0,
      "Goodwill And Other Intangible Assets": 7588000000.0,
      "Other Intangible Assets": 1913000000.0,
      "Goodwill": 5675000000.0,
      "Net PPE": 3967000000.0,
      "Gross PPE": 3967000000.0,
      "Other Properties": 3967000000.0,
      "Prepaid Assets": null,
      "Receivables": null,
      "Taxes Receivable": 7000000.0,
      "Cash And Cash Equivalents": 93053000000.0,
      "Cash Financial": 92994000000.0,
      "Cash Cash Equivalents And Federal Funds Sold": 168581000000.0
    },
    "2023-12-31T00:00:00": {
      "Treasury Shares Number": 199174260.0,
      "Preferred Shares Number": 483140.0,
      "Ordinary Shares Number": 8792562716.0,
      "Share Issued": 8991736976.0,
      "Total Debt": 60074000000.0,
      "Tangible Book Value": 29543000000.0,
      "Invested Capital": 96561000000.0,
      "Net Tangible Assets": 29543000000.0,
      "Common Stock Equity": 37157000000.0,
      "Total Capitalization": 96561000000.0,
      "Total Equity Gross Minority Interest": 37188000000.0,
      "Minority Interest": 31000000.0,
      "Stockholders Equity": 37157000000.0,
      "Other Equity Interest": 3890000000.0,
      "Treasury Stock": null,
      "Retained Earnings": 10645000000.0,
      "Additional Paid In Capital": null,
      "Capital Stock": 10844000000.0,
      "Common Stock": 10844000000.0,
      "Total Liabilities Net Minority Interest": 655485000000.0,
      "Preferred Securities Outside Stock Equity": 119000000.0,
      "Derivative Product Liabilities": 72395000000.0,
      "Long Term Debt And Capital Lease Obligation": 60074000000.0,
      "Payables": 332000000.0,
      "Total Tax Payable": 332000000.0,
      "Total Assets": 692673000000.0,
      "Defined Pension Benefit": 201000000.0,
      "Investments And Advances": 133864000000.0,
      "Investmentin Financial Assets": 133196000000.0,
      "Available For Sale Securities": 42338000000.0,
      "Financial Assets Designatedas Fair Value Through Profitor Loss Total": null,
      "Trading Securities": 11954000000.0,
      "Long Term Equity Investment": 668000000.0,
      "Investmentsin Associatesat Cost": 668000000.0,
      "Goodwill And Other Intangible Assets": 7614000000.0,
      "Other Intangible Assets": 1934000000.0,
      "Goodwill": 5680000000.0,
      "Net PPE": 4227000000.0,
      "Gross PPE": 4227000000.0,
      "Other Properties": 4227000000.0,
      "Prepaid Assets": 350000000.0,
      "Receivables": 292000000.0,
      "Taxes Receivable": 49000000.0,
      "Cash And Cash Equivalents": 104517000000.0,
      "Cash Financial": 104262000000.0,
      "Cash Cash Equivalents And Federal Funds Sold": 164102000000.0
    },
    "2022-12-31T00:00:00": {
      "Treasury Shares Number": 127011084.0,
      "Preferred Shares Number": null,
      "Ordinary Shares Number": 9659012839.0,
      "Share Issued": 9786023923.0,
      "Total Debt": 55316000000.0,
      "Tangible Book Value": 29372000000.0,
      "Invested Capital": 90686000000.0,
      "Net Tangible Assets": 29372000000.0,
      "Common Stock Equity": 36488000000.0,
      "Total Capitalization": 90686000000.0,
      "Total Equity Gross Minority Interest": 36496000000.0,
      "Minority Interest": 8000000.0,
      "Stockholders Equity": 36488000000.0,
      "Other Equity Interest": 3890000000.0,
      "Treasury Stock": 258000000.0,
      "Retained Earnings": 10019000000.0,
      "Additional Paid In Capital": 2812000000.0,
      "Capital Stock": 11700000000.0,
      "Common Stock": 11700000000.0,
      "Total Liabilities Net Minority Interest": 683557000000.0,
      "Preferred Securities Outside Stock Equity": 119000000.0,
      "Derivative Product Liabilities": 94047000000.0,
      "Long Term Debt And Capital Lease Obligation": 55316000000.0,
      "Payables": 55000000.0,
      "Total Tax Payable": 55000000.0,
      "Total Assets": 720053000000.0,
      "Defined Pension Benefit": 318000000.0,
      "Investments And Advances": 138149000000.0,
      "Investmentin Financial Assets": 137461000000.0,
      "Available For Sale Securities": 27994000000.0,
      "Financial Assets Designatedas Fair Value Through Profitor Loss Total": null,
      "Trading Securities": 9922000000.0,
      "Long Term Equity Investment": 688000000.0,
      "Investmentsin Associatesat Cost": 688000000.0,
      "Goodwill And Other Intangible Assets": 7116000000.0,
      "Other Intangible Assets": 1594000000.0,
      "Goodwill": 5522000000.0,
      "Net PPE": 4240000000.0,
      "Gross PPE": 4240000000.0,
      "Other Properties": 4240000000.0,
      "Prepaid Assets": 340000000.0,
      "Receivables": 327000000.0,
      "Taxes Receivable": 279000000.0,
      "Cash And Cash Equivalents": 145061000000.0,
      "Cash Financial": 144832000000.0,
      "Cash Cash Equivalents And Federal Funds Sold": 189248000000.0
    },
    "2021-12-31T00:00:00": {
      "Treasury Shares Number": null,
      "Preferred Shares Number": 483000.0,
      "Ordinary Shares Number": null,
      "Share Issued": null,
      "Total Debt": null,
      "Tangible Book Value": null,
      "Invested Capital": null,
      "Net Tangible Assets": null,
      "Common Stock Equity": null,
      "Total Capitalization": null,
      "Total Equity Gross Minority Interest": null,
      "Minority Interest": null,
      "Stockholders Equity": null,
      "Other Equity Interest": null,
      "Treasury Stock": 371000000.0,
      "Retained Earnings": null,
      "Additional Paid In Capital": 1883000000.0,
      "Capital Stock": null,
      "Common Stock": null,
      "Total Liabilities Net Minority Interest": null,
      "Preferred Securities Outside Stock Equity": null,
      "Derivative Product Liabilities": null,
      "Long Term Debt And Capital Lease Obligation": null,
      "Payables": null,
      "Total Tax Payable": null,
      "Total Assets": null,
      "Defined Pension Benefit": null,
      "Investments And Advances": null,
      "Investmentin Financial Assets": null,
      "Available For Sale Securities": null,
      "Financial Assets Designatedas Fair Value Through Profitor Loss Total": 317000000.0,
      "Trading Securities": null,
      "Long Term Equity Investment": null,
      "Investmentsin Associatesat Cost": null,
      "Goodwill And Other Intangible Assets": null,
      "Other Intangible Assets": null,
      "Goodwill": null,
      "Net PPE": null,
      "Gross PPE": null,
      "Other Properties": null,
      "Prepaid Assets": 360000000.0,
      "Receivables": 248000000.0,
      "Taxes Receivable": null,
      "Cash And Cash Equivalents": null,
      "Cash Financial": null,
      "Cash Cash Equivalents And Federal Funds Sold": null
    }
  },
  "cashflow": {
    "2025-12-31T00:00:00": {
      "Free Cash Flow": 5790000000.0,
      "Repurchase Of Capital Stock": -2558000000.0,
      "Repayment Of Debt": -4177000000.0,
      "Issuance Of Debt": 5692000000.0,
      "Issuance Of Capital Stock": 1248000000.0,
      "Capital Expenditure": -1282000000.0,
      "End Cash Position": 95433000000.0,
      "Beginning Cash Position": 104845000000.0,
      "Effect Of Exchange Rate Changes": 775000000.0,
      "Changes In Cash": -10187000000.0,
      "Financing Cash Flow": -3494000000.0,
      "Net Other Financing Charges": -21000000.0,
      "Interest Paid Cff": -1302000000.0,
      "Cash Dividends Paid": -2376000000.0,
      "Common Stock Dividend Paid": -2376000000.0,
      "Net Common Stock Issuance": -1310000000.0,
      "Common Stock Payments": -2558000000.0,
      "Common Stock Issuance": 1248000000.0,
      "Net Issuance Payments Of Debt": 1515000000.0,
      "Net Long Term Debt Issuance": 1515000000.0,
      "Long Term Debt Payments": -4177000000.0,
      "Long Term Debt Issuance": 5692000000.0,
      "Investing Cash Flow": -13765000000.0,
      "Net Other Investing Changes": 2487000000.0,
      "Interest Received Cfi": null,
      "Dividends Received Cfi": 19000000.0,
      "Net Investment Purchase And Sale": -15279000000.0,
      "Sale Of Investment": 46754000000.0,
      "Purchase Of Investment": -62033000000.0,
      "Net Business Purchase And Sale": 230000000.0,
      "Sale Of Business": 230000000.0,
      "Purchase Of Business": null,
      "Net Intangibles Purchase And Sale": -617000000.0,
      "Purchase Of Intangibles": -617000000.0,
      "Net PPE Purchase And Sale": -605000000.0,
      "Sale Of PPE": 60000000.0,
      "Purchase Of PPE": -665000000.0,
      "Operating Cash Flow": 7072000000.0,
      "Taxes Refund Paid": -1792000000.0,
      "Change In Working Capital": 972000000.0,
      "Change In Other Current Liabilities": -1391000000.0,
      "Change In Other Current Assets": 1359000000.0,
      "Other Non Cash Items": -1672000000.0,
      "Provisionand Write Offof Assets": 872000000.0,
      "Depreciation And Amortization": 1154000000.0,
      "Depreciation": 1154000000.0,
      "Pension And Employee Benefit Expense": 93000000.0,
      "Gain Loss On Investment Securities": 1457000000.0,
      "Net Foreign Currency Exchange Gain Loss": -1645000000.0,
      "Gain Loss On Sale Of PPE": -7000000.0,
      "Gain Loss On Sale Of Business": null,
      "Net Income From Continuing Operations": 7708000000.0
    },
    "2024-12-31T00:00:00": {
      "Free Cash Flow": 694000000.0,
      "Repurchase Of Capital Stock": -2716000000.0,
      "Repayment Of Debt": -3853000000.0,
      "Issuance Of Debt": 6437000000.0,
      "Issuance Of Capital Stock": 1390000000.0,
      "Capital Expenditure": -1078000000.0,
      "End Cash Position": 104845000000.0,
      "Beginning Cash Position": 118824000000.0,
      "Effect Of Exchange Rate Changes": -1166000000.0,
      "Changes In Cash": -12813000000.0,
      "Financing Cash Flow": -1886000000.0,
      "Net Other Financing Charges": null,
      "Interest Paid Cff": -1344000000.0,
      "Cash Dividends Paid": -1800000000.0,
      "Common Stock Dividend Paid": -1800000000.0,
      "Net Common Stock Issuance": -1326000000.0,
      "Common Stock Payments": -2716000000.0,
      "Common Stock Issuance": 1390000000.0,
      "Net Issuance Payments Of Debt": 2584000000.0,
      "Net Long Term Debt Issuance": 2584000000.0,
      "Long Term Debt Payments": -3853000000.0,
      "Long Term Debt Issuance": 6437000000.0,
      "Investing Cash Flow": -12699000000.0,
      "Net Other Investing Changes": 1829000000.0,
      "Interest Received Cfi": null,
      "Dividends Received Cfi": 1000000.0,
      "Net Investment Purchase And Sale": -12343000000.0,
      "Sale Of Investment": 41618000000.0,
      "Purchase Of Investment": -53961000000.0,
      "Net Business Purchase And Sale": -1306000000.0,
      "Sale Of Business": 995000000.0,
      "Purchase Of Business": -2301000000.0,
      "Net Intangibles Purchase And Sale": -614000000.0,
      "Purchase Of Intangibles": -614000000.0,
      "Net PPE Purchase And Sale": -266000000.0,
      "Sale Of PPE": 198000000.0,
      "Purchase Of PPE": -464000000.0,
      "Operating Cash Flow": 1772000000.0,
      "Taxes Refund Paid": -1602000000.0,
      "Change In Working Capital": -7267000000.0,
      "Change In Other Current Liabilities": -5820000000.0,
      "Change In Other Current Assets": 5385000000.0,
      "Other Non Cash Items": -1017000000.0,
      "Provisionand Write Offof Assets": 689000000.0,
      "Depreciation And Amortization": 1058000000.0,
      "Depreciation": 1058000000.0,
      "Pension And Employee Benefit Expense": 86000000.0,
      "Gain Loss On Investment Securities": 1989000000.0,
      "Net Foreign Currency Exchange Gain Loss": 1602000000.0,
      "Gain Loss On Sale Of PPE": -23000000.0,
      "Gain Loss On Sale Of Business": null,
      "Net Income From Continuing Operations": 6276000000.0
    },
    "2023-12-31T00:00:00": {
      "Free Cash Flow": -18993000000.0,
      "Repurchase Of Capital Stock": -2416000000.0,
      "Repayment Of Debt": -5486000000.0,
      "Issuance Of Debt": 4584000000.0,
      "Issuance Of Capital Stock": 0.0,
      "Capital Expenditure": -1555000000.0,
      "End Cash Position": 118824000000.0,
      "Beginning Cash Position": 158449000000.0,
      "Effect Of Exchange Rate Changes": -1189000000.0,
      "Changes In Cash": -38436000000.0,
      "Financing Cash Flow": -6304000000.0,
      "Net Other Financing Charges": null,
      "Interest Paid Cff": -1283000000.0,
      "Cash Dividends Paid": -1703000000.0,
      "Common Stock Dividend Paid": -1703000000.0,
      "Net Common Stock Issuance": -2416000000.0,
      "Common Stock Payments": -2416000000.0,
      "Common Stock Issuance": 0.0,
      "Net Issuance Payments Of Debt": -902000000.0,
      "Net Long Term Debt Issuance": -902000000.0,
      "Long Term Debt Payments": -5486000000.0,
      "Long Term Debt Issuance": 4584000000.0,
      "Investing Cash Flow": -14694000000.0,
      "Net Other Investing Changes": 1099000000.0,
      "Interest Received Cfi": null,
      "Dividends Received Cfi": 16000000.0,
      "Net Investment Purchase And Sale": -19711000000.0,
      "Sale Of Investment": 25195000000.0,
      "Purchase Of Investment": -44906000000.0,
      "Net Business Purchase And Sale": 5329000000.0,
      "Sale Of Business": 5473000000.0,
      "Purchase Of Business": -144000000.0,
      "Net Intangibles Purchase And Sale": -744000000.0,
      "Purchase Of Intangibles": -744000000.0,
      "Net PPE Purchase And Sale": -683000000.0,
      "Sale Of PPE": 128000000.0,
      "Purchase Of PPE": -811000000.0,
      "Operating Cash Flow": -17438000000.0,
      "Taxes Refund Paid": -1033000000.0,
      "Change In Working Capital": -25679000000.0,
      "Change In Other Current Liabilities": 3826000000.0,
      "Change In Other Current Assets": -4460000000.0,
      "Other Non Cash Items": -7000000.0,
      "Provisionand Write Offof Assets": 885000000.0,
      "Depreciation And Amortization": 934000000.0,
      "Depreciation": 934000000.0,
      "Pension And Employee Benefit Expense": 122000000.0,
      "Gain Loss On Investment Securities": 1312000000.0,
      "Net Foreign Currency Exchange Gain Loss": -172000000.0,
      "Gain Loss On Sale Of PPE": 125000000.0,
      "Gain Loss On Sale Of Business": 0.0,
      "Net Income From Continuing Operations": 6066000000.0
    },
    "2022-12-31T00:00:00": {
      "Free Cash Flow": -44979000000.0,
      "Repurchase Of Capital Stock": -2054000000.0,
      "Repayment Of Debt": -8685000000.0,
      "Issuance Of Debt": 4369000000.0,
      "Issuance Of Capital Stock": 0.0,
      "Capital Expenditure": -1382000000.0,
      "End Cash Position": 158449000000.0,
      "Beginning Cash Position": 190706000000.0,
      "Effect Of Exchange Rate Changes": 2933000000.0,
      "Changes In Cash": -35190000000.0,
      "Financing Cash Flow": -10652000000.0,
      "Net Other Financing Charges": null,
      "Interest Paid Cff": -1077000000.0,
      "Cash Dividends Paid": -3205000000.0,
      "Common Stock Dividend Paid": -3205000000.0,
      "Net Common Stock Issuance": -2054000000.0,
      "Common Stock Payments": -2054000000.0,
      "Common Stock Issuance": 0.0,
      "Net Issuance Payments Of Debt": -4316000000.0,
      "Net Long Term Debt Issuance": -4316000000.0,
      "Long Term Debt Payments": -8685000000.0,
      "Long Term Debt Issuance": 4369000000.0,
      "Investing Cash Flow": 19059000000.0,
      "Net Other Investing Changes": 659000000.0,
      "Interest Received Cfi": 659000000.0,
      "Dividends Received Cfi": 0.0,
      "Net Investment Purchase And Sale": 13465000000.0,
      "Sale Of Investment": 36975000000.0,
      "Purchase Of Investment": -23510000000.0,
      "Net Business Purchase And Sale": 6163000000.0,
      "Sale Of Business": 6164000000.0,
      "Purchase Of Business": -1000000.0,
      "Net Intangibles Purchase And Sale": -743000000.0,
      "Purchase Of Intangibles": -743000000.0,
      "Net PPE Purchase And Sale": -485000000.0,
      "Sale Of PPE": 154000000.0,
      "Purchase Of PPE": -639000000.0,
      "Operating Cash Flow": -43597000000.0,
      "Taxes Refund Paid": -1223000000.0,
      "Change In Working Capital": -48447000000.0,
      "Change In Other Current Liabilities": -1350000000.0,
      "Change In Other Current Assets": -4803000000.0,
      "Other Non Cash Items": 727000000.0,
      "Provisionand Write Offof Assets": 514000000.0,
      "Depreciation And Amortization": 833000000.0,
      "Depreciation": 833000000.0,
      "Pension And Employee Benefit Expense": 205000000.0,
      "Gain Loss On Investment Securities": -1265000000.0,
      "Net Foreign Currency Exchange Gain Loss": 5000000.0,
      "Gain Loss On Sale Of PPE": 154000000.0,
      "Gain Loss On Sale Of Business": 0.0,
      "Net Income From Continuing Operations": 4870000000.0
    },
    "2021-12-31T00:00:00": {
      "Free Cash Flow": null,
      "Repurchase Of Capital Stock": null,
      "Repayment Of Debt": null,
      "Issuance Of Debt": null,
      "Issuance Of Capital Stock": null,
      "Capital Expenditure": null,
      "End Cash Position": null,
      "Beginning Cash Position": null,
      "Effect Of Exchange Rate Changes": null,
      "Changes In Cash": null,
      "Financing Cash Flow": null,
      "Net Other Financing Charges": null,
      "Interest Paid Cff": null,
      "Cash Dividends Paid": null,
      "Common Stock Dividend Paid": null,
      "Net Common Stock Issuance": null,
      "Common Stock Payments": null,
      "Common Stock Issuance": null,
      "Net Issuance Payments Of Debt": null,
      "Net Long Term Debt Issuance": null,
      "Long Term Debt Payments": null,
      "Long Term Debt Issuance": null,
      "Investing Cash Flow": null,
      "Net Other Investing Changes": null,
      "Interest Received Cfi": 581000000.0,
      "Dividends Received Cfi": null,
      "Net Investment Purchase And Sale": null,
      "Sale Of Investment": null,
      "Purchase Of Investment": null,
      "Net Business Purchase And Sale": null,
      "Sale Of Business": null,
      "Purchase Of Business": -3179000000.0,
      "Net Intangibles Purchase And Sale": null,
      "Purchase Of Intangibles": null,
      "Net PPE Purchase And Sale": null,
      "Sale Of PPE": null,
      "Purchase Of PPE": null,
      "Operating Cash Flow": null,
      "Taxes Refund Paid": null,
      "Change In Working Capital": null,
      "Change In Other Current Liabilities": null,
      "Change In Other Current Assets": null,
      "Other Non Cash Items": null,
      "Provisionand Write Offof Assets": null,
      "Depreciation And Amortization": null,
      "Depreciation": null,
      "Pension And Employee Benefit Expense": null,
      "Gain Loss On Investment Securities": null,
      "Net Foreign Currency Exchange Gain Loss": null,
      "Gain Loss On Sale Of PPE": null,
      "Gain Loss On Sale Of Business": -48000000.0,
      "Net Income From Continuing Operations": null
    }
  },
  "earnings_estimate": {
    "avg": {
      "0q": 0.17962,
      "+1q": 0.18556,
      "0y": 0.73491,
      "+1y": 0.814
    },
    "low": {
      "0q": 0.17,
      "+1q": 0.178,
      "0y": 0.706,
      "+1y": 0.76019
    },
    "high": {
      "0q": 0.1868,
      "+1q": 0.1896,
      "0y": 0.79821,
      "+1y": 0.91574
    },
    "yearAgoEps": {
      "0q": 0.15546,
      "+1q": 0.15728,
      "0y": 0.68047,
      "+1y": 0.73491
    },
    "numberOfAnalysts": {
      "0q": 4,
      "+1q": 4,
      "0y": 10,
      "+1y": 11
    },
    "growth": {
      "0q": 0.1554,
      "+1q": 0.17979999,
      "0y": 0.08,
      "+1y": 0.1076
    }
  },
  "revenue_estimate": {
    "avg": {
      "0q": 4303960900,
      "+1q": 4398201040,
      "0y": 17819145160,
      "+1y": 18831078890
    },
    "low": {
      "0q": 4300244790,
      "+1q": 4392510070,
      "0y": 17474400000,
      "+1y": 17803000000
    },
    "high": {
      "0q": 4307677000,
      "+1q": 4403892000,
      "0y": 18597276800,
      "+1y": 20125888040
    },
    "numberOfAnalysts": {
      "0q": 2,
      "+1q": 2,
      "0y": 11,
      "+1y": 15
    },
    "yearAgoRevenue": {
      "0q": 3980000000,
      "+1q": 4005000000,
      "0y": 16641000000,
      "+1y": 17819145160
    },
    "growth": {
      "0q": 0.08140001,
      "+1q": 0.09819999,
      "0y": 0.0708,
      "+1y": 0.056799997
    }
  },
  "growth_estimates": {
    "stockTrend": {
      "0q": 0.1554,
      "+1q": 0.17979999,
      "0y": 0.08,
      "+1y": 0.1076,
      "LTG": null
    },
    "indexTrend": {
      "0q": 0.1273,
      "+1q": 0.103599995,
      "0y": 0.14310001,
      "+1y": 0.1557,
      "LTG": 0.122
    }
  },
  "revenue_forecasts": null,
  "dividend_rate": 0.33,
  "trailing_dividend_rate": 0.325
}