{
  "ticker": "ORCL",
  "name": "Oracle",
  "country": "usa",
  "currency": "USD",
  "last_fetched": "2026-02-26T20:45:28.422740",
  "market_cap": 429389185024,
  "revenue": 61015998464,
  "net_income": 15425000448,
  "pe_ratio": 28.082705,
  "forward_pe": 18.833935,
  "dividend_yield": 1.35,
  "profit_margin": 0.25280002,
  "roe": 0.69026,
  "debt_to_equity": 432.511,
  "beta": 1.633,
  "ev_to_ebitda": 20.459,
  "sector": "Technology",
  "industry": "Software - Infrastructure",
  "summary": "Oracle Corporation offers products and services that address enterprise information technology environments worldwide. Its Oracle cloud software as a service offering include various cloud software applications, including Oracle Fusion cloud enterprise resource planning ERP, Oracle Fusion cloud enterprise performance management EPM, Oracle Fusion cloud supply chain and manufacturing management SCM, Oracle Fusion cloud human capital management HCM, and NetSuite applications suite, Oracle Health applications, as well as Oracle Fusion Sales, Service, and Marketing. The company also offers cloud-based industry solutions for various industries; Oracle cloud license and on-premise license; and Oracle license support services. In addition, it provides cloud and license business' infrastructure technologies, such as the Oracle Database and MySQL Database; Java, a software development language; and middleware, including development tools and others. The company's cloud and license business' infrastructure technologies also comprise cloud-based compute, storage, and networking capabilities; and Oracle autonomous database, as well as AI, Internet-of-Things, machine learning, digital assistant, and blockchain. Further, it provides hardware products and other hardware-related software offerings, including Oracle engineered systems, enterprise servers, storage solutions, industry-specific hardware, virtualization software, operating systems, management software, and related hardware support services, and consulting and advanced customer services. It markets and sells its cloud, license, hardware, support, and services offerings directly to businesses in various industries, government agencies, and educational institutions, as well as through indirect channels. Oracle Corporation has a strategic alliance with Metron, Inc. The company was founded in 1977 and is headquartered in Austin, Texas.",
  "website": "https://www.oracle.com",
  "employees": 162000,
  "target_high": 400.0,
  "target_low": 155.0,
  "target_mean": 269.94446,
  "target_median": 275.0,
  "recommendation": "buy",
  "num_analysts": 38,
  "income_stmt": {
    "2025-05-31T00:00:00": {
      "Tax Effect Of Unusual Items": -96679000.0,
      "Tax Rate For Calcs": 0.121,
      "Normalized EBITDA": 24711000000.0,
      "Total Unusual Items": -799000000.0,
      "Total Unusual Items Excluding Goodwill": -799000000.0,
      "Net Income From Continuing Operation Net Minority Interest": 12443000000.0,
      "Reconciled Depreciation": 6174000000.0,
      "Reconciled Cost Of Revenue": 13060000000.0,
      "EBITDA": 23912000000.0,
      "EBIT": 17738000000.0,
      "Net Interest Income": -3000000000.0,
      "Interest Expense": 3578000000.0,
      "Interest Income": 578000000.0,
      "Normalized Income": 13145321000.0,
      "Net Income From Continuing And Discontinued Operation": 12443000000.0,
      "Total Expenses": 39347000000.0,
      "Total Operating Income As Reported": 17678000000.0,
      "Diluted Average Shares": 2866000000.0,
      "Basic Average Shares": 2789000000.0,
      "Diluted EPS": 4.34,
      "Basic EPS": 4.46,
      "Diluted NI Availto Com Stockholders": 12443000000.0,
      "Net Income Common Stockholders": 12443000000.0,
      "Net Income": 12443000000.0,
      "Net Income Including Noncontrolling Interests": 12443000000.0,
      "Net Income Continuous Operations": 12443000000.0,
      "Tax Provision": 1717000000.0,
      "Pretax Income": 14160000000.0,
      "Other Income Expense": -892000000.0,
      "Other Non Operating Income Expenses": 91000000.0,
      "Special Income Charges": -374000000.0,
      "Restructuring And Mergern Acquisition": 374000000.0,
      "Earnings From Equity Interest": -184000000.0,
      "Gain On Sale Of Security": -425000000.0,
      "Net Non Operating Interest Income Expense": -3000000000.0,
      "Interest Expense Non Operating": 3578000000.0,
      "Interest Income Non Operating": 578000000.0,
      "Operating Income": 18052000000.0,
      "Operating Expense": 22420000000.0,
      "Other Operating Expenses": null,
      "Depreciation Amortization Depletion Income Statement": 2307000000.0,
      "Depreciation And Amortization In Income Statement": 2307000000.0,
      "Amortization": 2307000000.0,
      "Amortization Of Intangibles Income Statement": 2307000000.0,
      "Research And Development": 9860000000.0,
      "Selling General And Administration": 10253000000.0,
      "Selling And Marketing Expense": 8651000000.0,
      "General And Administrative Expense": 1602000000.0,
      "Other Gand A": 1602000000.0,
      "Salaries And Wages": null,
      "Gross Profit": 40472000000.0,
      "Cost Of Revenue": 16927000000.0,
      "Total Revenue": 57399000000.0,
      "Operating Revenue": 57399000000.0
    },
    "2024-05-31T00:00:00": {
      "Tax Effect Of Unusual Items": -136141000.0,
      "Tax Rate For Calcs": 0.109,
      "Normalized EBITDA": 22643000000.0,
      "Total Unusual Items": -1249000000.0,
      "Total Unusual Items Excluding Goodwill": -1249000000.0,
      "Net Income From Continuing Operation Net Minority Interest": 10467000000.0,
      "Reconciled Depreciation": 6139000000.0,
      "Reconciled Cost Of Revenue": 12014000000.0,
      "EBITDA": 21394000000.0,
      "EBIT": 15255000000.0,
      "Net Interest Income": -3063000000.0,
      "Interest Expense": 3514000000.0,
      "Interest Income": 451000000.0,
      "Normalized Income": 11579859000.0,
      "Net Income From Continuing And Discontinued Operation": 10467000000.0,
      "Total Expenses": 36890000000.0,
      "Total Operating Income As Reported": 15353000000.0,
      "Diluted Average Shares": 2823000000.0,
      "Basic Average Shares": 2744000000.0,
      "Diluted EPS": 3.71,
      "Basic EPS": 3.82,
      "Diluted NI Availto Com Stockholders": 10467000000.0,
      "Net Income Common Stockholders": 10467000000.0,
      "Net Income": 10467000000.0,
      "Net Income Including Noncontrolling Interests": 10467000000.0,
      "Net Income Continuous Operations": 10467000000.0,
      "Tax Provision": 1274000000.0,
      "Pretax Income": 11741000000.0,
      "Other Income Expense": -1267000000.0,
      "Other Non Operating Income Expenses": 168000000.0,
      "Special Income Charges": -718000000.0,
      "Restructuring And Mergern Acquisition": 718000000.0,
      "Earnings From Equity Interest": -186000000.0,
      "Gain On Sale Of Security": -531000000.0,
      "Net Non Operating Interest Income Expense": -3063000000.0,
      "Interest Expense Non Operating": 3514000000.0,
      "Interest Income Non Operating": 451000000.0,
      "Operating Income": 16071000000.0,
      "Operating Expense": 21747000000.0,
      "Other Operating Expenses": null,
      "Depreciation Amortization Depletion Income Statement": 3010000000.0,
      "Depreciation And Amortization In Income Statement": 3010000000.0,
      "Amortization": 3010000000.0,
      "Amortization Of Intangibles Income Statement": 3010000000.0,
      "Research And Development": 8915000000.0,
      "Selling General And Administration": 9822000000.0,
      "Selling And Marketing Expense": 8274000000.0,
      "General And Administrative Expense": 1548000000.0,
      "Other Gand A": 1548000000.0,
      "Salaries And Wages": null,
      "Gross Profit": 37818000000.0,
      "Cost Of Revenue": 15143000000.0,
      "Total Revenue": 52961000000.0,
      "Operating Revenue": 52961000000.0
    },
    "2023-05-31T00:00:00": {
      "Tax Effect Of Unusual Items": -85408000.0,
      "Tax Rate For Calcs": 0.068,
      "Normalized EBITDA": 19995000000.0,
      "Total Unusual Items": -1256000000.0,
      "Total Unusual Items Excluding Goodwill": -1256000000.0,
      "Net Income From Continuing Operation Net Minority Interest": 8503000000.0,
      "Reconciled Depreciation": 6108000000.0,
      "Reconciled Cost Of Revenue": 11038000000.0,
      "EBITDA": 18739000000.0,
      "EBIT": 12631000000.0,
      "Net Interest Income": -3220000000.0,
      "Interest Expense": 3505000000.0,
      "Interest Income": 285000000.0,
      "Normalized Income": 9673592000.0,
      "Net Income From Continuing And Discontinued Operation": 8503000000.0,
      "Total Expenses": 36181000000.0,
      "Total Operating Income As Reported": 13093000000.0,
      "Diluted Average Shares": 2766000000.0,
      "Basic Average Shares": 2696000000.0,
      "Diluted EPS": 3.07,
      "Basic EPS": 3.15,
      "Diluted NI Availto Com Stockholders": 8503000000.0,
      "Net Income Common Stockholders": 8503000000.0,
      "Net Income": 8503000000.0,
      "Net Income Including Noncontrolling Interests": 8503000000.0,
      "Net Income Continuous Operations": 8503000000.0,
      "Tax Provision": 623000000.0,
      "Pretax Income": 9126000000.0,
      "Other Income Expense": -1427000000.0,
      "Other Non Operating Income Expenses": -6000000.0,
      "Special Income Charges": -680000000.0,
      "Restructuring And Mergern Acquisition": 680000000.0,
      "Earnings From Equity Interest": -165000000.0,
      "Gain On Sale Of Security": -576000000.0,
      "Net Non Operating Interest Income Expense": -3220000000.0,
      "Interest Expense Non Operating": 3505000000.0,
      "Interest Income Non Operating": 285000000.0,
      "Operating Income": 13773000000.0,
      "Operating Expense": 22617000000.0,
      "Other Operating Expenses": 103000000.0,
      "Depreciation Amortization Depletion Income Statement": 3582000000.0,
      "Depreciation And Amortization In Income Statement": 3582000000.0,
      "Amortization": 3582000000.0,
      "Amortization Of Intangibles Income Statement": 3582000000.0,
      "Research And Development": 8623000000.0,
      "Selling General And Administration": 10412000000.0,
      "Selling And Marketing Expense": 8833000000.0,
      "General And Administrative Expense": 1579000000.0,
      "Other Gand A": 1579000000.0,
      "Salaries And Wages": null,
      "Gross Profit": 36390000000.0,
      "Cost Of Revenue": 13564000000.0,
      "Total Revenue": 49954000000.0,
      "Operating Revenue": 49954000000.0
    },
    "2022-05-31T00:00:00": {
      "Tax Effect Of Unusual Items": -640500000.0,
      "Tax Rate For Calcs": 0.122,
      "Normalized EBITDA": 18776000000.0,
      "Total Unusual Items": -5250000000.0,
      "Total Unusual Items Excluding Goodwill": -5250000000.0,
      "Net Income From Continuing Operation Net Minority Interest": 6717000000.0,
      "Reconciled Depreciation": 3122000000.0,
      "Reconciled Cost Of Revenue": 6905000000.0,
      "EBITDA": 13526000000.0,
      "EBIT": 10404000000.0,
      "Net Interest Income": -2661000000.0,
      "Interest Expense": 2755000000.0,
      "Interest Income": 94000000.0,
      "Normalized Income": 11326500000.0,
      "Net Income From Continuing And Discontinued Operation": 6717000000.0,
      "Total Expenses": 26610000000.0,
      "Total Operating Income As Reported": 10926000000.0,
      "Diluted Average Shares": 2786000000.0,
      "Basic Average Shares": 2700000000.0,
      "Diluted EPS": 2.41,
      "Basic EPS": 2.49,
      "Diluted NI Availto Com Stockholders": 6717000000.0,
      "Net Income Common Stockholders": 6717000000.0,
      "Net Income": 6717000000.0,
      "Net Income Including Noncontrolling Interests": 6717000000.0,
      "Net Income Continuous Operations": 6717000000.0,
      "Tax Provision": 932000000.0,
      "Pretax Income": 7649000000.0,
      "Other Income Expense": -5520000000.0,
      "Other Non Operating Income Expenses": -86000000.0,
      "Special Income Charges": -4904000000.0,
      "Restructuring And Mergern Acquisition": 4904000000.0,
      "Earnings From Equity Interest": -184000000.0,
      "Gain On Sale Of Security": -346000000.0,
      "Net Non Operating Interest Income Expense": -2661000000.0,
      "Interest Expense Non Operating": 2755000000.0,
      "Interest Income Non Operating": 94000000.0,
      "Operating Income": 15830000000.0,
      "Operating Expense": 17733000000.0,
      "Other Operating Expenses": 4694000000.0,
      "Depreciation Amortization Depletion Income Statement": 1150000000.0,
      "Depreciation And Amortization In Income Statement": 1150000000.0,
      "Amortization": 1150000000.0,
      "Amortization Of Intangibles Income Statement": 1150000000.0,
      "Research And Development": 7219000000.0,
      "Selling General And Administration": 9364000000.0,
      "Selling And Marketing Expense": 8047000000.0,
      "General And Administrative Expense": 1317000000.0,
      "Other Gand A": 1317000000.0,
      "Salaries And Wages": null,
      "Gross Profit": 33563000000.0,
      "Cost Of Revenue": 8877000000.0,
      "Total Revenue": 42440000000.0,
      "Operating Revenue": 42440000000.0
    },
    "2021-05-31T00:00:00": {
      "Tax Effect Of Unusual Items": null,
      "Tax Rate For Calcs": null,
      "Normalized EBITDA": null,
      "Total Unusual Items": null,
      "Total Unusual Items Excluding Goodwill": null,
      "Net Income From Continuing Operation Net Minority Interest": null,
      "Reconciled Depreciation": null,
      "Reconciled Cost Of Revenue": null,
      "EBITDA": null,
      "EBIT": null,
      "Net Interest Income": null,
      "Interest Expense": null,
      "Interest Income": null,
      "Normalized Income": null,
      "Net Income From Continuing And Discontinued Operation": null,
      "Total Expenses": null,
      "Total Operating Income As Reported": null,
      "Diluted Average Shares": null,
      "Basic Average Shares": null,
      "Diluted EPS": null,
      "Basic EPS": null,
      "Diluted NI Availto Com Stockholders": null,
      "Net Income Common Stockholders": null,
      "Net Income": null,
      "Net Income Including Noncontrolling Interests": null,
      "Net Income Continuous Operations": null,
      "Tax Provision": null,
      "Pretax Income": null,
      "Other Income Expense": null,
      "Other Non Operating Income Expenses": null,
      "Special Income Charges": null,
      "Restructuring And Mergern Acquisition": null,
      "Earnings From Equity Interest": null,
      "Gain On Sale Of Security": null,
      "Net Non Operating Interest Income Expense": null,
      "Interest Expense Non Operating": null,
      "Interest Income Non Operating": null,
      "Operating Income": null,
      "Operating Expense": null,
      "Other Operating Expenses": 129000000.0,
      "Depreciation Amortization Depletion Income Statement": null,
      "Depreciation And Amortization In Income Statement": null,
      "Amortization": null,
      "Amortization Of Intangibles Income Statement": null,
      "Research And Development": null,
      "Selling General And Administration": null,
      "Selling And Marketing Expense": null,
      "General And Administrative Expense": null,
      "Other Gand A": null,
      "Salaries And Wages": 136000000.0,
      "Gross Profit": null,
      "Cost Of Revenue": null,
      "Total Revenue": null,
      "Operating Revenue": null
    }
  },
  "quarterly_income": {
    "2025-11-30T00:00:00": {
      "Tax Effect Of Unusual Items": 66519394.512772,
      "Tax Rate For Calcs": 0.03264,
      "Normalized EBITDA": 7471000000.0,
      "Total Unusual Items": 2038000000.0,
      "Total Unusual Items Excluding Goodwill": 2038000000.0,
      "Net Income From Continuing Operation Net Minority Interest": 6135000000.0,
      "Reconciled Depreciation": 2110000000.0,
      "Reconciled Cost Of Revenue": 3671000000.0,
      "EBITDA": 9509000000.0,
      "EBIT": 7399000000.0,
      "Net Interest Income": -865000000.0,
      "Interest Expense": 1057000000.0,
      "Interest Income": 192000000.0,
      "Normalized Income": 4163519394.512772,
      "Net Income From Continuing And Discontinued Operation": 6135000000.0,
      "Total Expenses": 10900000000.0,
      "Total Operating Income As Reported": 4731000000.0,
      "Diluted Average Shares": 2922000000.0,
      "Basic Average Shares": 2864000000.0,
      "Diluted EPS": 2.1,
      "Basic EPS": 2.14,
      "Diluted NI Availto Com Stockholders": 6135000000.0,
      "Net Income Common Stockholders": 6135000000.0,
      "Net Income": 6135000000.0,
      "Net Income Including Noncontrolling Interests": 6135000000.0,
      "Net Income Continuous Operations": 6135000000.0,
      "Tax Provision": 207000000.0,
      "Pretax Income": 6342000000.0,
      "Other Income Expense": 2049000000.0,
      "Other Non Operating Income Expenses": 57000000.0,
      "Special Income Charges": -427000000.0,
      "Restructuring And Mergern Acquisition": 427000000.0,
      "Earnings From Equity Interest": -46000000.0,
      "Gain On Sale Of Security": 2465000000.0,
      "Net Non Operating Interest Income Expense": -865000000.0,
      "Interest Expense Non Operating": 1057000000.0,
      "Interest Income Non Operating": 192000000.0,
      "Operating Income": 5158000000.0,
      "Operating Expense": 5526000000.0,
      "Depreciation Amortization Depletion Income Statement": 407000000.0,
      "Depreciation And Amortization In Income Statement": 407000000.0,
      "Amortization": 407000000.0,
      "Amortization Of Intangibles Income Statement": 407000000.0,
      "Research And Development": 2561000000.0,
      "Selling General And Administration": 2558000000.0,
      "Selling And Marketing Expense": 2149000000.0,
      "General And Administrative Expense": 409000000.0,
      "Other Gand A": 409000000.0,
      "Gross Profit": 10684000000.0,
      "Cost Of Revenue": 5374000000.0,
      "Total Revenue": 16058000000.0,
      "Operating Revenue": 16058000000.0
    },
    "2025-08-31T00:00:00": {
      "Tax Effect Of Unusual Items": -72658301.721622,
      "Tax Rate For Calcs": 0.1459,
      "Normalized EBITDA": 6619000000.0,
      "Total Unusual Items": -498000000.0,
      "Total Unusual Items Excluding Goodwill": -498000000.0,
      "Net Income From Continuing Operation Net Minority Interest": 2927000000.0,
      "Reconciled Depreciation": 1771000000.0,
      "Reconciled Cost Of Revenue": 3533000000.0,
      "EBITDA": 6121000000.0,
      "EBIT": 4350000000.0,
      "Net Interest Income": -820000000.0,
      "Interest Expense": 923000000.0,
      "Interest Income": 103000000.0,
      "Normalized Income": 3352341698.278378,
      "Net Income From Continuing And Discontinued Operation": 2927000000.0,
      "Total Expenses": 10234000000.0,
      "Total Operating Income As Reported": 4277000000.0,
      "Diluted Average Shares": 2909000000.0,
      "Basic Average Shares": 2826000000.0,
      "Diluted EPS": 1.01,
      "Basic EPS": 1.04,
      "Diluted NI Availto Com Stockholders": 2927000000.0,
      "Net Income Common Stockholders": 2927000000.0,
      "Net Income": 2927000000.0,
      "Net Income Including Noncontrolling Interests": 2927000000.0,
      "Net Income Continuous Operations": 2927000000.0,
      "Tax Provision": 500000000.0,
      "Pretax Income": 3427000000.0,
      "Other Income Expense": -445000000.0,
      "Other Non Operating Income Expenses": 100000000.0,
      "Special Income Charges": -415000000.0,
      "Restructuring And Mergern Acquisition": 415000000.0,
      "Earnings From Equity Interest": -47000000.0,
      "Gain On Sale Of Security": -83000000.0,
      "Net Non Operating Interest Income Expense": -820000000.0,
      "Interest Expense Non Operating": 923000000.0,
      "Interest Income Non Operating": 103000000.0,
      "Operating Income": 4692000000.0,
      "Operating Expense": 5350000000.0,
      "Depreciation Amortization Depletion Income Statement": 420000000.0,
      "Depreciation And Amortization In Income Statement": 420000000.0,
      "Amortization": 420000000.0,
      "Amortization Of Intangibles Income Statement": 420000000.0,
      "Research And Development": 2491000000.0,
      "Selling General And Administration": 2439000000.0,
      "Selling And Marketing Expense": 2063000000.0,
      "General And Administrative Expense": 376000000.0,
      "Other Gand A": 376000000.0,
      "Gross Profit": 10042000000.0,
      "Cost Of Revenue": 4884000000.0,
      "Total Revenue": 14926000000.0,
      "Operating Revenue": 14926000000.0
    },
    "2025-05-31T00:00:00": {
      "Tax Effect Of Unusual Items": -30557562.620424,
      "Tax Rate For Calcs": 0.174615,
      "Normalized EBITDA": 7001000000.0,
      "Total Unusual Items": -175000000.0,
      "Total Unusual Items Excluding Goodwill": -175000000.0,
      "Net Income From Continuing Operation Net Minority Interest": 3427000000.0,
      "Reconciled Depreciation": 1696000000.0,
      "Reconciled Cost Of Revenue": 3589000000.0,
      "EBITDA": 6826000000.0,
      "EBIT": 5130000000.0,
      "Net Interest Income": -818000000.0,
      "Interest Expense": 978000000.0,
      "Interest Income": 160000000.0,
      "Normalized Income": 3571442437.379576,
      "Net Income From Continuing And Discontinued Operation": 3427000000.0,
      "Total Expenses": 10712000000.0,
      "Total Operating Income As Reported": 5109000000.0,
      "Diluted Average Shares": null,
      "Basic Average Shares": null,
      "Diluted EPS": null,
      "Basic EPS": null,
      "Diluted NI Availto Com Stockholders": 3427000000.0,
      "Net Income Common Stockholders": 3427000000.0,
      "Net Income": 3427000000.0,
      "Net Income Including Noncontrolling Interests": 3427000000.0,
      "Net Income Continuous Operations": 3427000000.0,
      "Tax Provision": 725000000.0,
      "Pretax Income": 4152000000.0,
      "Other Income Expense": -221000000.0,
      "Other Non Operating Income Expenses": 0.0,
      "Special Income Charges": -82000000.0,
      "Restructuring And Mergern Acquisition": 82000000.0,
      "Earnings From Equity Interest": -46000000.0,
      "Gain On Sale Of Security": -93000000.0,
      "Net Non Operating Interest Income Expense": -818000000.0,
      "Interest Expense Non Operating": 978000000.0,
      "Interest Income Non Operating": 160000000.0,
      "Operating Income": 5191000000.0,
      "Operating Expense": 5971000000.0,
      "Depreciation Amortization Depletion Income Statement": 544000000.0,
      "Depreciation And Amortization In Income Statement": 544000000.0,
      "Amortization": 544000000.0,
      "Amortization Of Intangibles Income Statement": 544000000.0,
      "Research And Development": 2654000000.0,
      "Selling General And Administration": 2773000000.0,
      "Selling And Marketing Expense": 2306000000.0,
      "General And Administrative Expense": 467000000.0,
      "Other Gand A": 467000000.0,
      "Gross Profit": 11162000000.0,
      "Cost Of Revenue": 4741000000.0,
      "Total Revenue": 15903000000.0,
      "Operating Revenue": 15903000000.0
    },
    "2025-02-28T00:00:00": {
      "Tax Effect Of Unusual Items": -27863000.0,
      "Tax Rate For Calcs": 0.149,
      "Normalized EBITDA": 6078000000.0,
      "Total Unusual Items": -187000000.0,
      "Total Unusual Items Excluding Goodwill": -187000000.0,
      "Net Income From Continuing Operation Net Minority Interest": 2936000000.0,
      "Reconciled Depreciation": 1551000000.0,
      "Reconciled Cost Of Revenue": 3192000000.0,
      "EBITDA": 5891000000.0,
      "EBIT": 4340000000.0,
      "Net Interest Income": -757000000.0,
      "Interest Expense": 892000000.0,
      "Interest Income": 135000000.0,
      "Normalized Income": 3095137000.0,
      "Net Income From Continuing And Discontinued Operation": 2936000000.0,
      "Total Expenses": 9681000000.0,
      "Total Operating Income As Reported": 4358000000.0,
      "Diluted Average Shares": 2874000000.0,
      "Basic Average Shares": 2799000000.0,
      "Diluted EPS": 1.02,
      "Basic EPS": 1.05,
      "Diluted NI Availto Com Stockholders": 2936000000.0,
      "Net Income Common Stockholders": 2936000000.0,
      "Net Income": 2936000000.0,
      "Net Income Including Noncontrolling Interests": 2936000000.0,
      "Net Income Continuous Operations": 2936000000.0,
      "Tax Provision": 512000000.0,
      "Pretax Income": 3448000000.0,
      "Other Income Expense": -244000000.0,
      "Other Non Operating Income Expenses": -9000000.0,
      "Special Income Charges": -91000000.0,
      "Restructuring And Mergern Acquisition": 91000000.0,
      "Earnings From Equity Interest": -48000000.0,
      "Gain On Sale Of Security": -96000000.0,
      "Net Non Operating Interest Income Expense": -757000000.0,
      "Interest Expense Non Operating": 892000000.0,
      "Interest Income Non Operating": 135000000.0,
      "Operating Income": 4449000000.0,
      "Operating Expense": 5486000000.0,
      "Depreciation Amortization Depletion Income Statement": 548000000.0,
      "Depreciation And Amortization In Income Statement": 548000000.0,
      "Amortization": 548000000.0,
      "Amortization Of Intangibles Income Statement": 548000000.0,
      "Research And Development": 2429000000.0,
      "Selling General And Administration": 2509000000.0,
      "Selling And Marketing Expense": 2119000000.0,
      "General And Administrative Expense": 390000000.0,
      "Other Gand A": 390000000.0,
      "Gross Profit": 9935000000.0,
      "Cost Of Revenue": 4195000000.0,
      "Total Revenue": 14130000000.0,
      "Operating Revenue": 14130000000.0
    },
    "2024-11-30T00:00:00": {
      "Tax Effect Of Unusual Items": -16356342.182891,
      "Tax Rate For Calcs": 0.070501,
      "Normalized EBITDA": 5987000000.0,
      "Total Unusual Items": -232000000.0,
      "Total Unusual Items Excluding Goodwill": -232000000.0,
      "Net Income From Continuing Operation Net Minority Interest": 3151000000.0,
      "Reconciled Depreciation": 1499000000.0,
      "Reconciled Cost Of Revenue": 3177000000.0,
      "EBITDA": 5755000000.0,
      "EBIT": 4256000000.0,
      "Net Interest Income": -717000000.0,
      "Interest Expense": 866000000.0,
      "Interest Income": 149000000.0,
      "Normalized Income": 3366643657.817109,
      "Net Income From Continuing And Discontinued Operation": 3151000000.0,
      "Total Expenses": 9724000000.0,
      "Total Operating Income As Reported": 4220000000.0,
      "Diluted Average Shares": 2869000000.0,
      "Basic Average Shares": 2790000000.0,
      "Diluted EPS": 1.1,
      "Basic EPS": 1.13,
      "Diluted NI Availto Com Stockholders": 3151000000.0,
      "Net Income Common Stockholders": 3151000000.0,
      "Net Income": 3151000000.0,
      "Net Income Including Noncontrolling Interests": 3151000000.0,
      "Net Income Continuous Operations": 3151000000.0,
      "Tax Provision": 239000000.0,
      "Pretax Income": 3390000000.0,
      "Other Income Expense": -228000000.0,
      "Other Non Operating Income Expenses": 51000000.0,
      "Special Income Charges": -115000000.0,
      "Restructuring And Mergern Acquisition": 115000000.0,
      "Earnings From Equity Interest": -47000000.0,
      "Gain On Sale Of Security": -117000000.0,
      "Net Non Operating Interest Income Expense": -717000000.0,
      "Interest Expense Non Operating": 866000000.0,
      "Interest Income Non Operating": 149000000.0,
      "Operating Income": 4335000000.0,
      "Operating Expense": 5639000000.0,
      "Depreciation Amortization Depletion Income Statement": 591000000.0,
      "Depreciation And Amortization In Income Statement": 591000000.0,
      "Amortization": 591000000.0,
      "Amortization Of Intangibles Income Statement": 591000000.0,
      "Research And Development": 2471000000.0,
      "Selling General And Administration": 2577000000.0,
      "Selling And Marketing Expense": 2190000000.0,
      "General And Administrative Expense": 387000000.0,
      "Other Gand A": 387000000.0,
      "Gross Profit": 9974000000.0,
      "Cost Of Revenue": 4085000000.0,
      "Total Revenue": 14059000000.0,
      "Operating Revenue": 14059000000.0
    },
    "2024-08-31T00:00:00": {
      "Tax Effect Of Unusual Items": null,
      "Tax Rate For Calcs": null,
      "Normalized EBITDA": null,
      "Total Unusual Items": null,
      "Total Unusual Items Excluding Goodwill": null,
      "Net Income From Continuing Operation Net Minority Interest": null,
      "Reconciled Depreciation": null,
      "Reconciled Cost Of Revenue": null,
      "EBITDA": null,
      "EBIT": null,
      "Net Interest Income": null,
      "Interest Expense": null,
      "Interest Income": null,
      "Normalized Income": null,
      "Net Income From Continuing And Discontinued Operation": null,
      "Total Expenses": null,
      "Total Operating Income As Reported": null,
      "Diluted Average Shares": 2851000000.0,
      "Basic Average Shares": 2761000000.0,
      "Diluted EPS": 1.03,
      "Basic EPS": 1.06,
      "Diluted NI Availto Com Stockholders": null,
      "Net Income Common Stockholders": null,
      "Net Income": null,
      "Net Income Including Noncontrolling Interests": null,
      "Net Income Continuous Operations": null,
      "Tax Provision": null,
      "Pretax Income": null,
      "Other Income Expense": null,
      "Other Non Operating Income Expenses": null,
      "Special Income Charges": null,
      "Restructuring And Mergern Acquisition": null,
      "Earnings From Equity Interest": null,
      "Gain On Sale Of Security": null,
      "Net Non Operating Interest Income Expense": null,
      "Interest Expense Non Operating": null,
      "Interest Income Non Operating": null,
      "Operating Income": null,
      "Operating Expense": null,
      "Depreciation Amortization Depletion Income Statement": null,
      "Depreciation And Amortization In Income Statement": null,
      "Amortization": null,
      "Amortization Of Intangibles Income Statement": null,
      "Research And Development": null,
      "Selling General And Administration": null,
      "Selling And Marketing Expense": null,
      "General And Administrative Expense": null,
      "Other Gand A": null,
      "Gross Profit": null,
      "Cost Of Revenue": null,
      "Total Revenue": null,
      "Operating Revenue": null
    }
  },
  "balance_sheet": {
    "2025-05-31T00:00:00": {
      "Ordinary Shares Number": 2807000000.0,
      "Share Issued": 2807000000.0,
      "Net Debt": 81782000000.0,
      "Total Debt": 104104000000.0,
      "Tangible Book Value": -46343000000.0,
      "Invested Capital": 113019000000.0,
      "Working Capital": -8064000000.0,
      "Net Tangible Assets": -46343000000.0,
      "Capital Lease Obligations": 11536000000.0,
      "Common Stock Equity": 20451000000.0,
      "Total Capitalization": 105748000000.0,
      "Total Equity Gross Minority Interest": 20969000000.0,
      "Minority Interest": 518000000.0,
      "Stockholders Equity": 20451000000.0,
      "Gains Losses Not Affecting Retained Earnings": -1175000000.0,
      "Other Equity Adjustments": -1175000000.0,
      "Retained Earnings": -15481000000.0,
      "Capital Stock": 37107000000.0,
      "Common Stock": 37107000000.0,
      "Preferred Stock": 0.0,
      "Total Liabilities Net Minority Interest": 147392000000.0,
      "Total Non Current Liabilities Net Minority Interest": 114749000000.0,
      "Other Non Current Liabilities": 7647000000.0,
      "Derivative Product Liabilities": null,
      "Tradeand Other Payables Non Current": 10269000000.0,
      "Non Current Deferred Liabilities": null,
      "Non Current Deferred Taxes Liabilities": null,
      "Long Term Debt And Capital Lease Obligation": 96833000000.0,
      "Long Term Capital Lease Obligation": 11536000000.0,
      "Long Term Debt": 85297000000.0,
      "Current Liabilities": 32643000000.0,
      "Other Current Liabilities": 8629000000.0,
      "Current Deferred Liabilities": 9387000000.0,
      "Current Deferred Revenue": 9387000000.0,
      "Current Debt And Capital Lease Obligation": 7271000000.0,
      "Current Debt": 7271000000.0,
      "Other Current Borrowings": null,
      "Pensionand Other Post Retirement Benefit Plans Current": 2243000000.0,
      "Payables And Accrued Expenses": 5113000000.0,
      "Payables": 5113000000.0,
      "Accounts Payable": 5113000000.0,
      "Total Assets": 168361000000.0,
      "Total Non Current Assets": 143782000000.0,
      "Other Non Current Assets": 21589000000.0,
      "Non Current Deferred Assets": 11877000000.0,
      "Non Current Deferred Taxes Assets": 11877000000.0,
      "Goodwill And Other Intangible Assets": 66794000000.0,
      "Other Intangible Assets": 4587000000.0,
      "Goodwill": 62207000000.0,
      "Net PPE": 43522000000.0,
      "Accumulated Depreciation": -16032000000.0,
      "Gross PPE": 59554000000.0,
      "Construction In Progress": 16510000000.0,
      "Machinery Furniture Equipment": 30811000000.0,
      "Buildings And Improvements": 10881000000.0,
      "Land And Improvements": 1352000000.0,
      "Properties": 0.0,
      "Current Assets": 24579000000.0,
      "Other Current Assets": 4818000000.0,
      "Prepaid Assets": null,
      "Receivables": 8558000000.0,
      "Accounts Receivable": 8558000000.0,
      "Allowance For Doubtful Accounts Receivable": -557000000.0,
      "Gross Accounts Receivable": 9115000000.0,
      "Cash Cash Equivalents And Short Term Investments": 11203000000.0,
      "Other Short Term Investments": 417000000.0,
      "Cash And Cash Equivalents": 10786000000.0
    },
    "2024-05-31T00:00:00": {
      "Ordinary Shares Number": 2755000000.0,
      "Share Issued": 2755000000.0,
      "Net Debt": 76415000000.0,
      "Total Debt": 93124000000.0,
      "Tangible Book Value": -60416000000.0,
      "Invested Capital": 95573000000.0,
      "Working Capital": -8990000000.0,
      "Net Tangible Assets": -60416000000.0,
      "Capital Lease Obligations": 6255000000.0,
      "Common Stock Equity": 8704000000.0,
      "Total Capitalization": 84968000000.0,
      "Total Equity Gross Minority Interest": 9239000000.0,
      "Minority Interest": 535000000.0,
      "Stockholders Equity": 8704000000.0,
      "Gains Losses Not Affecting Retained Earnings": -1432000000.0,
      "Other Equity Adjustments": -1432000000.0,
      "Retained Earnings": -22628000000.0,
      "Capital Stock": 32764000000.0,
      "Common Stock": 32764000000.0,
      "Preferred Stock": 0.0,
      "Total Liabilities Net Minority Interest": 131737000000.0,
      "Total Non Current Liabilities Net Minority Interest": 100193000000.0,
      "Other Non Current Liabilities": 6857000000.0,
      "Derivative Product Liabilities": null,
      "Tradeand Other Payables Non Current": 10817000000.0,
      "Non Current Deferred Liabilities": 3692000000.0,
      "Non Current Deferred Taxes Liabilities": 3692000000.0,
      "Long Term Debt And Capital Lease Obligation": 82519000000.0,
      "Long Term Capital Lease Obligation": 6255000000.0,
      "Long Term Debt": 76264000000.0,
      "Current Liabilities": 31544000000.0,
      "Other Current Liabilities": 7353000000.0,
      "Current Deferred Liabilities": 9313000000.0,
      "Current Deferred Revenue": 9313000000.0,
      "Current Debt And Capital Lease Obligation": 10605000000.0,
      "Current Debt": 10605000000.0,
      "Other Current Borrowings": null,
      "Pensionand Other Post Retirement Benefit Plans Current": 1916000000.0,
      "Payables And Accrued Expenses": 2357000000.0,
      "Payables": 2357000000.0,
      "Accounts Payable": 2357000000.0,
      "Total Assets": 140976000000.0,
      "Total Non Current Assets": 118422000000.0,
      "Other Non Current Assets": 15493000000.0,
      "Non Current Deferred Assets": 12273000000.0,
      "Non Current Deferred Taxes Assets": 12273000000.0,
      "Goodwill And Other Intangible Assets": 69120000000.0,
      "Other Intangible Assets": 6890000000.0,
      "Goodwill": 62230000000.0,
      "Net PPE": 21536000000.0,
      "Accumulated Depreciation": -13282000000.0,
      "Gross PPE": 34818000000.0,
      "Construction In Progress": 5634000000.0,
      "Machinery Furniture Equipment": 21452000000.0,
      "Buildings And Improvements": 6493000000.0,
      "Land And Improvements": 1239000000.0,
      "Properties": 0.0,
      "Current Assets": 22554000000.0,
      "Other Current Assets": 4019000000.0,
      "Prepaid Assets": null,
      "Receivables": 7874000000.0,
      "Accounts Receivable": 7874000000.0,
      "Allowance For Doubtful Accounts Receivable": -485000000.0,
      "Gross Accounts Receivable": 8359000000.0,
      "Cash Cash Equivalents And Short Term Investments": 10661000000.0,
      "Other Short Term Investments": 207000000.0,
      "Cash And Cash Equivalents": 10454000000.0
    },
    "2023-05-31T00:00:00": {
      "Ordinary Shares Number": 2713000000.0,
      "Share Issued": 2713000000.0,
      "Net Debt": 80716000000.0,
      "Total Debt": 90481000000.0,
      "Tangible Book Value": -71025000000.0,
      "Invested Capital": 91554000000.0,
      "Working Capital": -2086000000.0,
      "Net Tangible Assets": -71025000000.0,
      "Capital Lease Obligations": null,
      "Common Stock Equity": 1073000000.0,
      "Total Capitalization": 87493000000.0,
      "Total Equity Gross Minority Interest": 1556000000.0,
      "Minority Interest": 483000000.0,
      "Stockholders Equity": 1073000000.0,
      "Gains Losses Not Affecting Retained Earnings": -1522000000.0,
      "Other Equity Adjustments": -1522000000.0,
      "Retained Earnings": -27620000000.0,
      "Capital Stock": 30215000000.0,
      "Common Stock": 30215000000.0,
      "Preferred Stock": 0.0,
      "Total Liabilities Net Minority Interest": 132828000000.0,
      "Total Non Current Liabilities Net Minority Interest": 109738000000.0,
      "Other Non Current Liabilities": 6469000000.0,
      "Derivative Product Liabilities": -52000000.0,
      "Tradeand Other Payables Non Current": 11077000000.0,
      "Non Current Deferred Liabilities": 5772000000.0,
      "Non Current Deferred Taxes Liabilities": 5772000000.0,
      "Long Term Debt And Capital Lease Obligation": 86420000000.0,
      "Long Term Capital Lease Obligation": null,
      "Long Term Debt": 86420000000.0,
      "Current Liabilities": 23090000000.0,
      "Other Current Liabilities": 6802000000.0,
      "Current Deferred Liabilities": 8970000000.0,
      "Current Deferred Revenue": 8970000000.0,
      "Current Debt And Capital Lease Obligation": 4061000000.0,
      "Current Debt": 4061000000.0,
      "Other Current Borrowings": 4061000000.0,
      "Pensionand Other Post Retirement Benefit Plans Current": 2053000000.0,
      "Payables And Accrued Expenses": 1204000000.0,
      "Payables": 1204000000.0,
      "Accounts Payable": 1204000000.0,
      "Total Assets": 134384000000.0,
      "Total Non Current Assets": 113380000000.0,
      "Other Non Current Assets": 11987000000.0,
      "Non Current Deferred Assets": 12226000000.0,
      "Non Current Deferred Taxes Assets": 12226000000.0,
      "Goodwill And Other Intangible Assets": 72098000000.0,
      "Other Intangible Assets": 9837000000.0,
      "Goodwill": 62261000000.0,
      "Net PPE": 17069000000.0,
      "Accumulated Depreciation": -11605000000.0,
      "Gross PPE": 28674000000.0,
      "Construction In Progress": 3846000000.0,
      "Machinery Furniture Equipment": 17705000000.0,
      "Buildings And Improvements": 5880000000.0,
      "Land And Improvements": 1243000000.0,
      "Properties": 0.0,
      "Current Assets": 21004000000.0,
      "Other Current Assets": 3902000000.0,
      "Prepaid Assets": null,
      "Receivables": 6915000000.0,
      "Accounts Receivable": 6915000000.0,
      "Allowance For Doubtful Accounts Receivable": -428000000.0,
      "Gross Accounts Receivable": 7343000000.0,
      "Cash Cash Equivalents And Short Term Investments": 10187000000.0,
      "Other Short Term Investments": 422000000.0,
      "Cash And Cash Equivalents": 9765000000.0
    },
    "2022-05-31T00:00:00": {
      "Ordinary Shares Number": 2665000000.0,
      "Share Issued": 2665000000.0,
      "Net Debt": 54499000000.0,
      "Total Debt": 75882000000.0,
      "Tangible Book Value": -51471000000.0,
      "Invested Capital": 69662000000.0,
      "Working Capital": 12122000000.0,
      "Net Tangible Assets": -51471000000.0,
      "Capital Lease Obligations": null,
      "Common Stock Equity": -6220000000.0,
      "Total Capitalization": 65913000000.0,
      "Total Equity Gross Minority Interest": -5768000000.0,
      "Minority Interest": 452000000.0,
      "Stockholders Equity": -6220000000.0,
      "Gains Losses Not Affecting Retained Earnings": -1692000000.0,
      "Other Equity Adjustments": -1692000000.0,
      "Retained Earnings": -31336000000.0,
      "Capital Stock": 26808000000.0,
      "Common Stock": 26808000000.0,
      "Preferred Stock": 0.0,
      "Total Liabilities Net Minority Interest": 115065000000.0,
      "Total Non Current Liabilities Net Minority Interest": 95554000000.0,
      "Other Non Current Liabilities": 5203000000.0,
      "Derivative Product Liabilities": -23000000.0,
      "Tradeand Other Payables Non Current": 12210000000.0,
      "Non Current Deferred Liabilities": 6031000000.0,
      "Non Current Deferred Taxes Liabilities": 6031000000.0,
      "Long Term Debt And Capital Lease Obligation": 72133000000.0,
      "Long Term Capital Lease Obligation": null,
      "Long Term Debt": 72133000000.0,
      "Current Liabilities": 19511000000.0,
      "Other Current Liabilities": 4144000000.0,
      "Current Deferred Liabilities": 8357000000.0,
      "Current Deferred Revenue": 8357000000.0,
      "Current Debt And Capital Lease Obligation": 3749000000.0,
      "Current Debt": 3749000000.0,
      "Other Current Borrowings": 3749000000.0,
      "Pensionand Other Post Retirement Benefit Plans Current": 1944000000.0,
      "Payables And Accrued Expenses": 1317000000.0,
      "Payables": 1317000000.0,
      "Accounts Payable": 1317000000.0,
      "Total Assets": 109297000000.0,
      "Total Non Current Assets": 77664000000.0,
      "Other Non Current Assets": 9915000000.0,
      "Non Current Deferred Assets": 12782000000.0,
      "Non Current Deferred Taxes Assets": 12782000000.0,
      "Goodwill And Other Intangible Assets": 45251000000.0,
      "Other Intangible Assets": 1440000000.0,
      "Goodwill": 43811000000.0,
      "Net PPE": 9716000000.0,
      "Accumulated Depreciation": -9958000000.0,
      "Gross PPE": 19674000000.0,
      "Construction In Progress": 512000000.0,
      "Machinery Furniture Equipment": 13267000000.0,
      "Buildings And Improvements": 4729000000.0,
      "Land And Improvements": 1166000000.0,
      "Properties": 0.0,
      "Current Assets": 31633000000.0,
      "Other Current Assets": 3778000000.0,
      "Prepaid Assets": 3778000000.0,
      "Receivables": 5953000000.0,
      "Accounts Receivable": 5953000000.0,
      "Allowance For Doubtful Accounts Receivable": -362000000.0,
      "Gross Accounts Receivable": 6315000000.0,
      "Cash Cash Equivalents And Short Term Investments": 21902000000.0,
      "Other Short Term Investments": 519000000.0,
      "Cash And Cash Equivalents": 21383000000.0
    },
    "2021-05-31T00:00:00": {
      "Ordinary Shares Number": null,
      "Share Issued": null,
      "Net Debt": null,
      "Total Debt": null,
      "Tangible Book Value": null,
      "Invested Capital": null,
      "Working Capital": null,
      "Net Tangible Assets": null,
      "Capital Lease Obligations": null,
      "Common Stock Equity": null,
      "Total Capitalization": null,
      "Total Equity Gross Minority Interest": null,
      "Minority Interest": null,
      "Stockholders Equity": null,
      "Gains Losses Not Affecting Retained Earnings": null,
      "Other Equity Adjustments": null,
      "Retained Earnings": null,
      "Capital Stock": null,
      "Common Stock": null,
      "Preferred Stock": null,
      "Total Liabilities Net Minority Interest": null,
      "Total Non Current Liabilities Net Minority Interest": null,
      "Other Non Current Liabilities": null,
      "Derivative Product Liabilities": null,
      "Tradeand Other Payables Non Current": null,
      "Non Current Deferred Liabilities": 7864000000.0,
      "Non Current Deferred Taxes Liabilities": 7864000000.0,
      "Long Term Debt And Capital Lease Obligation": null,
      "Long Term Capital Lease Obligation": null,
      "Long Term Debt": null,
      "Current Liabilities": null,
      "Other Current Liabilities": null,
      "Current Deferred Liabilities": null,
      "Current Deferred Revenue": null,
      "Current Debt And Capital Lease Obligation": null,
      "Current Debt": null,
      "Other Current Borrowings": 8250000000.0,
      "Pensionand Other Post Retirement Benefit Plans Current": null,
      "Payables And Accrued Expenses": null,
      "Payables": null,
      "Accounts Payable": null,
      "Total Assets": null,
      "Total Non Current Assets": null,
      "Other Non Current Assets": null,
      "Non Current Deferred Assets": null,
      "Non Current Deferred Taxes Assets": null,
      "Goodwill And Other Intangible Assets": null,
      "Other Intangible Assets": null,
      "Goodwill": null,
      "Net PPE": null,
      "Accumulated Depreciation": null,
      "Gross PPE": null,
      "Construction In Progress": null,
      "Machinery Furniture Equipment": null,
      "Buildings And Improvements": null,
      "Land And Improvements": null,
      "Properties": null,
      "Current Assets": null,
      "Other Current Assets": null,
      "Prepaid Assets": 3604000000.0,
      "Receivables": null,
      "Accounts Receivable": null,
      "Allowance For Doubtful Accounts Receivable": null,
      "Gross Accounts Receivable": null,
      "Cash Cash Equivalents And Short Term Investments": null,
      "Other Short Term Investments": null,
      "Cash And Cash Equivalents": null
    }
  },
  "cashflow": {
    "2025-05-31T00:00:00": {
      "Free Cash Flow": -394000000.0,
      "Repurchase Of Capital Stock": -1500000000.0,
      "Repayment Of Debt": -15841000000.0,
      "Issuance Of Debt": 19548000000.0,
      "Issuance Of Capital Stock": 653000000.0,
      "Capital Expenditure": -21215000000.0,
      "Interest Paid Supplemental Data": 3374000000.0,
      "Income Tax Paid Supplemental Data": 4020000000.0,
      "End Cash Position": 10786000000.0,
      "Beginning Cash Position": 10454000000.0,
      "Effect Of Exchange Rate Changes": 124000000.0,
      "Changes In Cash": 208000000.0,
      "Financing Cash Flow": 1098000000.0,
      "Cash Flow From Continuing Financing Activities": 1098000000.0,
      "Net Other Financing Charges": 1092000000.0,
      "Cash Dividends Paid": -4743000000.0,
      "Common Stock Dividend Paid": -4743000000.0,
      "Net Common Stock Issuance": -847000000.0,
      "Common Stock Payments": -1500000000.0,
      "Common Stock Issuance": 653000000.0,
      "Net Issuance Payments Of Debt": 5596000000.0,
      "Net Short Term Debt Issuance": 1889000000.0,
      "Short Term Debt Issuance": null,
      "Net Long Term Debt Issuance": 3707000000.0,
      "Long Term Debt Payments": -15841000000.0,
      "Long Term Debt Issuance": 19548000000.0,
      "Investing Cash Flow": -21711000000.0,
      "Cash Flow From Continuing Investing Activities": -21711000000.0,
      "Net Investment Purchase And Sale": -496000000.0,
      "Sale Of Investment": 776000000.0,
      "Purchase Of Investment": -1272000000.0,
      "Net Business Purchase And Sale": 0.0,
      "Purchase Of Business": 0.0,
      "Capital Expenditure Reported": -21215000000.0,
      "Operating Cash Flow": 20821000000.0,
      "Cash Flow From Continuing Operating Activities": 20821000000.0,
      "Change In Working Capital": -1500000000.0,
      "Change In Other Working Capital": 154000000.0,
      "Change In Payables And Accrued Expense": -1267000000.0,
      "Change In Payable": -1267000000.0,
      "Change In Account Payable": -608000000.0,
      "Change In Tax Payable": -659000000.0,
      "Change In Income Tax Payable": -659000000.0,
      "Change In Prepaid Assets": 266000000.0,
      "Change In Receivables": -653000000.0,
      "Changes In Account Receivables": -653000000.0,
      "Other Non Cash Items": 667000000.0,
      "Stock Based Compensation": 4674000000.0,
      "Provisionand Write Offof Assets": null,
      "Deferred Tax": -1637000000.0,
      "Deferred Income Tax": -1637000000.0,
      "Depreciation Amortization Depletion": 6174000000.0,
      "Depreciation And Amortization": 6174000000.0,
      "Amortization Cash Flow": 2307000000.0,
      "Amortization Of Intangibles": 2307000000.0,
      "Depreciation": 3867000000.0,
      "Net Income From Continuing Operations": 12443000000.0
    },
    "2024-05-31T00:00:00": {
      "Free Cash Flow": 11807000000.0,
      "Repurchase Of Capital Stock": -3242000000.0,
      "Repayment Of Debt": -3500000000.0,
      "Issuance Of Debt": 0.0,
      "Issuance Of Capital Stock": 742000000.0,
      "Capital Expenditure": -6866000000.0,
      "Interest Paid Supplemental Data": 3655000000.0,
      "Income Tax Paid Supplemental Data": 3560000000.0,
      "End Cash Position": 10454000000.0,
      "Beginning Cash Position": 9765000000.0,
      "Effect Of Exchange Rate Changes": -70000000.0,
      "Changes In Cash": 759000000.0,
      "Financing Cash Flow": -10554000000.0,
      "Cash Flow From Continuing Financing Activities": -10554000000.0,
      "Net Other Financing Charges": 4000000.0,
      "Cash Dividends Paid": -4391000000.0,
      "Common Stock Dividend Paid": -4391000000.0,
      "Net Common Stock Issuance": -2500000000.0,
      "Common Stock Payments": -3242000000.0,
      "Common Stock Issuance": 742000000.0,
      "Net Issuance Payments Of Debt": -3667000000.0,
      "Net Short Term Debt Issuance": -167000000.0,
      "Short Term Debt Issuance": null,
      "Net Long Term Debt Issuance": -3500000000.0,
      "Long Term Debt Payments": -3500000000.0,
      "Long Term Debt Issuance": 0.0,
      "Investing Cash Flow": -7360000000.0,
      "Cash Flow From Continuing Investing Activities": -7360000000.0,
      "Net Investment Purchase And Sale": -431000000.0,
      "Sale Of Investment": 572000000.0,
      "Purchase Of Investment": -1003000000.0,
      "Net Business Purchase And Sale": -63000000.0,
      "Purchase Of Business": -63000000.0,
      "Capital Expenditure Reported": -6866000000.0,
      "Operating Cash Flow": 18673000000.0,
      "Cash Flow From Continuing Operating Activities": 18673000000.0,
      "Change In Working Capital": -488000000.0,
      "Change In Other Working Capital": 656000000.0,
      "Change In Payables And Accrued Expense": -721000000.0,
      "Change In Payable": -721000000.0,
      "Change In Account Payable": -594000000.0,
      "Change In Tax Payable": -127000000.0,
      "Change In Income Tax Payable": -127000000.0,
      "Change In Prepaid Assets": 542000000.0,
      "Change In Receivables": -965000000.0,
      "Changes In Account Receivables": -965000000.0,
      "Other Non Cash Items": 720000000.0,
      "Stock Based Compensation": 3974000000.0,
      "Provisionand Write Offof Assets": null,
      "Deferred Tax": -2139000000.0,
      "Deferred Income Tax": -2139000000.0,
      "Depreciation Amortization Depletion": 6139000000.0,
      "Depreciation And Amortization": 6139000000.0,
      "Amortization Cash Flow": 3010000000.0,
      "Amortization Of Intangibles": 3010000000.0,
      "Depreciation": 3129000000.0,
      "Net Income From Continuing Operations": 10467000000.0
    },
    "2023-05-31T00:00:00": {
      "Free Cash Flow": 8470000000.0,
      "Repurchase Of Capital Stock": -2503000000.0,
      "Repayment Of Debt": -21050000000.0,
      "Issuance Of Debt": 33494000000.0,
      "Issuance Of Capital Stock": 1192000000.0,
      "Capital Expenditure": -8695000000.0,
      "Interest Paid Supplemental Data": 3250000000.0,
      "Income Tax Paid Supplemental Data": 3009000000.0,
      "End Cash Position": 9765000000.0,
      "Beginning Cash Position": 21383000000.0,
      "Effect Of Exchange Rate Changes": -209000000.0,
      "Changes In Cash": -11409000000.0,
      "Financing Cash Flow": 7910000000.0,
      "Cash Flow From Continuing Financing Activities": 7910000000.0,
      "Net Other Financing Charges": -55000000.0,
      "Cash Dividends Paid": -3668000000.0,
      "Common Stock Dividend Paid": -3668000000.0,
      "Net Common Stock Issuance": -1311000000.0,
      "Common Stock Payments": -2503000000.0,
      "Common Stock Issuance": 1192000000.0,
      "Net Issuance Payments Of Debt": 12944000000.0,
      "Net Short Term Debt Issuance": 500000000.0,
      "Short Term Debt Issuance": 500000000.0,
      "Net Long Term Debt Issuance": 12444000000.0,
      "Long Term Debt Payments": -21050000000.0,
      "Long Term Debt Issuance": 33494000000.0,
      "Investing Cash Flow": -36484000000.0,
      "Cash Flow From Continuing Investing Activities": -36484000000.0,
      "Net Investment Purchase And Sale": -68000000.0,
      "Sale Of Investment": 1113000000.0,
      "Purchase Of Investment": -1181000000.0,
      "Net Business Purchase And Sale": -27721000000.0,
      "Purchase Of Business": -27721000000.0,
      "Capital Expenditure Reported": -8695000000.0,
      "Operating Cash Flow": 17165000000.0,
      "Cash Flow From Continuing Operating Activities": 17165000000.0,
      "Change In Working Capital": 513000000.0,
      "Change In Other Working Capital": 781000000.0,
      "Change In Payables And Accrued Expense": -434000000.0,
      "Change In Payable": -434000000.0,
      "Change In Account Payable": -281000000.0,
      "Change In Tax Payable": -153000000.0,
      "Change In Income Tax Payable": -153000000.0,
      "Change In Prepaid Assets": 317000000.0,
      "Change In Receivables": -151000000.0,
      "Changes In Account Receivables": -151000000.0,
      "Other Non Cash Items": 661000000.0,
      "Stock Based Compensation": 3547000000.0,
      "Provisionand Write Offof Assets": null,
      "Deferred Tax": -2167000000.0,
      "Deferred Income Tax": -2167000000.0,
      "Depreciation Amortization Depletion": 6108000000.0,
      "Depreciation And Amortization": 6108000000.0,
      "Amortization Cash Flow": 3582000000.0,
      "Amortization Of Intangibles": 3582000000.0,
      "Depreciation": 2526000000.0,
      "Net Income From Continuing Operations": 8503000000.0
    },
    "2022-05-31T00:00:00": {
      "Free Cash Flow": 5028000000.0,
      "Repurchase Of Capital Stock": -17341000000.0,
      "Repayment Of Debt": -8250000000.0,
      "Issuance Of Debt": 0.0,
      "Issuance Of Capital Stock": 482000000.0,
      "Capital Expenditure": -4511000000.0,
      "Interest Paid Supplemental Data": 2735000000.0,
      "Income Tax Paid Supplemental Data": 2567000000.0,
      "End Cash Position": 21383000000.0,
      "Beginning Cash Position": 30098000000.0,
      "Effect Of Exchange Rate Changes": -348000000.0,
      "Changes In Cash": -8367000000.0,
      "Financing Cash Flow": -29126000000.0,
      "Cash Flow From Continuing Financing Activities": -29126000000.0,
      "Net Other Financing Charges": -560000000.0,
      "Cash Dividends Paid": -3457000000.0,
      "Common Stock Dividend Paid": -3457000000.0,
      "Net Common Stock Issuance": -16859000000.0,
      "Common Stock Payments": -17341000000.0,
      "Common Stock Issuance": 482000000.0,
      "Net Issuance Payments Of Debt": -8250000000.0,
      "Net Short Term Debt Issuance": 0.0,
      "Short Term Debt Issuance": 0.0,
      "Net Long Term Debt Issuance": -8250000000.0,
      "Long Term Debt Payments": -8250000000.0,
      "Long Term Debt Issuance": 0.0,
      "Investing Cash Flow": 11220000000.0,
      "Cash Flow From Continuing Investing Activities": 11220000000.0,
      "Net Investment Purchase And Sale": 15879000000.0,
      "Sale Of Investment": 26151000000.0,
      "Purchase Of Investment": -10272000000.0,
      "Net Business Purchase And Sale": -148000000.0,
      "Purchase Of Business": -148000000.0,
      "Capital Expenditure Reported": -4511000000.0,
      "Operating Cash Flow": 9539000000.0,
      "Cash Flow From Continuing Operating Activities": 9539000000.0,
      "Change In Working Capital": -1987000000.0,
      "Change In Other Working Capital": 7000000.0,
      "Change In Payables And Accrued Expense": -1131000000.0,
      "Change In Payable": -1131000000.0,
      "Change In Account Payable": -733000000.0,
      "Change In Tax Payable": -398000000.0,
      "Change In Income Tax Payable": -398000000.0,
      "Change In Prepaid Assets": 11000000.0,
      "Change In Receivables": -874000000.0,
      "Changes In Account Receivables": -874000000.0,
      "Other Non Cash Items": 220000000.0,
      "Stock Based Compensation": 2613000000.0,
      "Provisionand Write Offof Assets": null,
      "Deferred Tax": -1146000000.0,
      "Deferred Income Tax": -1146000000.0,
      "Depreciation Amortization Depletion": 3122000000.0,
      "Depreciation And Amortization": 3122000000.0,
      "Amortization Cash Flow": 1150000000.0,
      "Amortization Of Intangibles": 1150000000.0,
      "Depreciation": 1972000000.0,
      "Net Income From Continuing Operations": 6717000000.0
    },
    "2021-05-31T00:00:00": {
      "Free Cash Flow": null,
      "Repurchase Of Capital Stock": null,
      "Repayment Of Debt": null,
      "Issuance Of Debt": null,
      "Issuance Of Capital Stock": null,
      "Capital Expenditure": null,
      "Interest Paid Supplemental Data": null,
      "Income Tax Paid Supplemental Data": null,
      "End Cash Position": null,
      "Beginning Cash Position": null,
      "Effect Of Exchange Rate Changes": null,
      "Changes In Cash": null,
      "Financing Cash Flow": null,
      "Cash Flow From Continuing Financing Activities": null,
      "Net Other Financing Charges": null,
      "Cash Dividends Paid": null,
      "Common Stock Dividend Paid": null,
      "Net Common Stock Issuance": null,
      "Common Stock Payments": null,
      "Common Stock Issuance": null,
      "Net Issuance Payments Of Debt": null,
      "Net Short Term Debt Issuance": null,
      "Short Term Debt Issuance": 0.0,
      "Net Long Term Debt Issuance": null,
      "Long Term Debt Payments": null,
      "Long Term Debt Issuance": null,
      "Investing Cash Flow": null,
      "Cash Flow From Continuing Investing Activities": null,
      "Net Investment Purchase And Sale": null,
      "Sale Of Investment": null,
      "Purchase Of Investment": null,
      "Net Business Purchase And Sale": null,
      "Purchase Of Business": null,
      "Capital Expenditure Reported": null,
      "Operating Cash Flow": null,
      "Cash Flow From Continuing Operating Activities": null,
      "Change In Working Capital": null,
      "Change In Other Working Capital": null,
      "Change In Payables And Accrued Expense": null,
      "Change In Payable": null,
      "Change In Account Payable": null,
      "Change In Tax Payable": null,
      "Change In Income Tax Payable": null,
      "Change In Prepaid Assets": null,
      "Change In Receivables": null,
      "Changes In Account Receivables": null,
      "Other Non Cash Items": null,
      "Stock Based Compensation": null,
      "Provisionand Write Offof Assets": 192000000.0,
      "Deferred Tax": null,
      "Deferred Income Tax": null,
      "Depreciation Amortization Depletion": null,
      "Depreciation And Amortization": null,
      "Amortization Cash Flow": null,
      "Amortization Of Intangibles": null,
      "Depreciation": null,
      "Net Income From Continuing Operations": null
    }
  },
  "earnings_estimate": {
    "avg": {
      "0q": 1.7065,
      "+1q": 1.94827,
      "0y": 7.34463,
      "+1y": 7.93249
    },
    "low": {
      "0q": 1.59,
      "+1q": 1.74,
      "0y": 6.77,
      "+1y": 6.16
    },
    "high": {
      "0q": 1.77,
      "+1q": 2.15,
      "0y": 7.58,
      "+1y": 9.13
    },
    "yearAgoEps": {
      "0q": 1.47,
      "+1q": 1.7,
      "0y": 6.03,
      "+1y": 7.34463
    },
    "numberOfAnalysts": {
      "0q": 31,
      "+1q": 30,
      "0y": 40,
      "+1y": 41
    },
    "growth": {
      "0q": 0.1609,
      "+1q": 0.146,
      "0y": 0.218,
      "+1y": 0.08
    }
  },
  "revenue_estimate": {
    "avg": {
      "0q": 16901924670,
      "+1q": 19099914850,
      "0y": 66937896649,
      "+1y": 86374009840
    },
    "low": {
      "0q": 16537000000,
      "+1q": 18542000000,
      "0y": 66141000000,
      "+1y": 78673000000
    },
    "high": {
      "0q": 17200000000,
      "+1q": 19707000000,
      "0y": 67647000000,
      "+1y": 90170239100
    },
    "numberOfAnalysts": {
      "0q": 29,
      "+1q": 27,
      "0y": 41,
      "+1y": 39
    },
    "yearAgoRevenue": {
      "0q": 14130000000,
      "+1q": 15903000000,
      "0y": 57399000000,
      "+1y": 66937896649
    },
    "growth": {
      "0q": 0.19620001,
      "+1q": 0.201,
      "0y": 0.16620001,
      "+1y": 0.2904
    }
  },
  "growth_estimates": {
    "stockTrend": {
      "0q": 0.1609,
      "+1q": 0.146,
      "0y": 0.218,
      "+1y": 0.08,
      "LTG": null
    },
    "indexTrend": {
      "0q": 0.1273,
      "+1q": 0.103599995,
      "0y": 0.14310001,
      "+1y": 0.1557,
      "LTG": 0.122
    }
  },
  "revenue_forecasts": null,
  "dividend_rate": 2.0,
  "trailing_dividend_rate": 2.0
}