{
  "ticker": "P911.DE",
  "name": "Porsche AG",
  "country": "germany",
  "currency": "EUR",
  "last_fetched": "2026-02-26T20:48:13.016630",
  "market_cap": 37697179648,
  "revenue": 38383001600,
  "net_income": 952000000,
  "pe_ratio": 39.788464,
  "forward_pe": 18.669662,
  "dividend_yield": 5.59,
  "profit_margin": 0.0248,
  "roe": 0.04191,
  "debt_to_equity": 50.235,
  "beta": 0.94,
  "ev_to_ebitda": 10.058,
  "sector": "Consumer Cyclical",
  "industry": "Auto Manufacturers",
  "summary": "Dr. Ing. h.c. F. Porsche AG engages in automotive and financial services business in Germany, rest of Europe, North America, China, and internationally. The company procures, develops, manufactures, and sells vehicles, as well as provides related services. It also offers leasing, dealer and customer financing, insurance brokerage, mobility, and other finance-related services. The company was formerly known as Porsche Fünfte Vermögensverwaltung AG and changed its name to Dr. Ing. h.c. F. Porsche AG in November 2009. The company was founded in 2009 and is headquartered in Stuttgart, Germany. Dr. Ing. h.c. F. Porsche AG is a subsidiary of Porsche Holding Stuttgart GmbH.",
  "website": "https://www.porsche.com/international",
  "employees": 39463,
  "target_high": 60.0,
  "target_low": 38.0,
  "target_mean": 45.31905,
  "target_median": 43.7,
  "recommendation": "hold",
  "num_analysts": 21,
  "income_stmt": {
    "2024-12-31T00:00:00": {
      "Tax Effect Of Unusual Items": 25272000.0,
      "Tax Rate For Calcs": 0.312,
      "Normalized EBITDA": 9457000000.0,
      "Total Unusual Items": 81000000.0,
      "Total Unusual Items Excluding Goodwill": 81000000.0,
      "Net Income From Continuing Operation Net Minority Interest": 3592000000.0,
      "Reconciled Depreciation": 4088000000.0,
      "Reconciled Cost Of Revenue": 29756000000.0,
      "EBITDA": 9538000000.0,
      "EBIT": 5450000000.0,
      "Net Interest Income": -80000000.0,
      "Interest Expense": 223000000.0,
      "Interest Income": 278000000.0,
      "Normalized Income": 3536272000.0,
      "Net Income From Continuing And Discontinued Operation": 3592000000.0,
      "Total Expenses": 34577000000.0,
      "Total Operating Income As Reported": 5637000000.0,
      "Diluted Average Shares": 911000000.0,
      "Basic Average Shares": 911000000.0,
      "Diluted EPS": 3.94,
      "Basic EPS": 3.94,
      "Diluted NI Availto Com Stockholders": 3592000000.0,
      "Net Income Common Stockholders": 3592000000.0,
      "Otherunder Preferred Stock Dividend": 0.0,
      "Preferred Stock Dividends": null,
      "Net Income": 3592000000.0,
      "Minority Interests": -3000000.0,
      "Net Income Including Noncontrolling Interests": 3595000000.0,
      "Net Income Continuous Operations": 3595000000.0,
      "Tax Provision": 1632000000.0,
      "Pretax Income": 5227000000.0,
      "Other Non Operating Income Expenses": 61000000.0,
      "Special Income Charges": -29000000.0,
      "Other Special Charges": -125000000.0,
      "Write Off": 154000000.0,
      "Net Non Operating Interest Income Expense": -80000000.0,
      "Total Other Finance Cost": 135000000.0,
      "Interest Expense Non Operating": 223000000.0,
      "Interest Income Non Operating": 278000000.0,
      "Operating Income": 5506000000.0,
      "Operating Expense": 4821000000.0,
      "Other Operating Expenses": 408000000.0,
      "Selling General And Administration": 4958000000.0,
      "Selling And Marketing Expense": 3099000000.0,
      "General And Administrative Expense": 1859000000.0,
      "Gross Profit": 10327000000.0,
      "Cost Of Revenue": 29756000000.0,
      "Total Revenue": 40082000000.0,
      "Operating Revenue": 40082000000.0
    },
    "2023-12-31T00:00:00": {
      "Tax Effect Of Unusual Items": 66822000.0,
      "Tax Rate For Calcs": 0.301,
      "Normalized EBITDA": 10865000000.0,
      "Total Unusual Items": 222000000.0,
      "Total Unusual Items Excluding Goodwill": 222000000.0,
      "Net Income From Continuing Operation Net Minority Interest": 5157000000.0,
      "Reconciled Depreciation": 3528000000.0,
      "Reconciled Cost Of Revenue": 28924000000.0,
      "EBITDA": 11087000000.0,
      "EBIT": 7559000000.0,
      "Net Interest Income": 80000000.0,
      "Interest Expense": 184000000.0,
      "Interest Income": 264000000.0,
      "Normalized Income": 5001822000.0,
      "Net Income From Continuing And Discontinued Operation": 5157000000.0,
      "Total Expenses": 33388000000.0,
      "Total Operating Income As Reported": 7284000000.0,
      "Diluted Average Shares": 911000000.0,
      "Basic Average Shares": 911000000.0,
      "Diluted EPS": 5.66,
      "Basic EPS": 5.66,
      "Diluted NI Availto Com Stockholders": 5157000000.0,
      "Net Income Common Stockholders": 5157000000.0,
      "Otherunder Preferred Stock Dividend": 0.0,
      "Preferred Stock Dividends": 2581000000.0,
      "Net Income": 5157000000.0,
      "Minority Interests": 0.0,
      "Net Income Including Noncontrolling Interests": 5157000000.0,
      "Net Income Continuous Operations": 5157000000.0,
      "Tax Provision": 2218000000.0,
      "Pretax Income": 7375000000.0,
      "Other Non Operating Income Expenses": 60000000.0,
      "Special Income Charges": 40000000.0,
      "Other Special Charges": -101000000.0,
      "Write Off": 61000000.0,
      "Net Non Operating Interest Income Expense": 80000000.0,
      "Total Other Finance Cost": null,
      "Interest Expense Non Operating": 184000000.0,
      "Interest Income Non Operating": 264000000.0,
      "Operating Income": 7142000000.0,
      "Operating Expense": 4464000000.0,
      "Other Operating Expenses": 283000000.0,
      "Selling General And Administration": 4656000000.0,
      "Selling And Marketing Expense": 2869000000.0,
      "General And Administrative Expense": 1787000000.0,
      "Gross Profit": 11606000000.0,
      "Cost Of Revenue": 28924000000.0,
      "Total Revenue": 40529000000.0,
      "Operating Revenue": 40529000000.0
    },
    "2022-12-31T00:00:00": {
      "Tax Effect Of Unusual Items": 46345000.0,
      "Tax Rate For Calcs": 0.299,
      "Normalized EBITDA": 10220000000.0,
      "Total Unusual Items": 155000000.0,
      "Total Unusual Items Excluding Goodwill": 155000000.0,
      "Net Income From Continuing Operation Net Minority Interest": 4960000000.0,
      "Reconciled Depreciation": 3189000000.0,
      "Reconciled Cost Of Revenue": 27089000000.0,
      "EBITDA": 10375000000.0,
      "EBIT": 7186000000.0,
      "Net Interest Income": 356000000.0,
      "Interest Expense": 105000000.0,
      "Interest Income": 461000000.0,
      "Normalized Income": 4851345000.0,
      "Net Income From Continuing And Discontinued Operation": 4960000000.0,
      "Total Expenses": 31069000000.0,
      "Total Operating Income As Reported": 6772000000.0,
      "Diluted Average Shares": 911000000.0,
      "Basic Average Shares": 911000000.0,
      "Diluted EPS": 5.44,
      "Basic EPS": 5.44,
      "Diluted NI Availto Com Stockholders": 4960000000.0,
      "Net Income Common Stockholders": 4960000000.0,
      "Otherunder Preferred Stock Dividend": 0.0,
      "Preferred Stock Dividends": 2482000000.0,
      "Net Income": 4960000000.0,
      "Minority Interests": -7000000.0,
      "Net Income Including Noncontrolling Interests": 4967000000.0,
      "Net Income Continuous Operations": 4967000000.0,
      "Tax Provision": 2114000000.0,
      "Pretax Income": 7081000000.0,
      "Other Non Operating Income Expenses": 54000000.0,
      "Special Income Charges": 125000000.0,
      "Other Special Charges": -106000000.0,
      "Write Off": -19000000.0,
      "Net Non Operating Interest Income Expense": 356000000.0,
      "Total Other Finance Cost": 1000000.0,
      "Interest Expense Non Operating": 105000000.0,
      "Interest Income Non Operating": 461000000.0,
      "Operating Income": 6569000000.0,
      "Operating Expense": 3980000000.0,
      "Other Operating Expenses": 381000000.0,
      "Selling General And Administration": 4008000000.0,
      "Selling And Marketing Expense": 2353000000.0,
      "General And Administrative Expense": 1655000000.0,
      "Gross Profit": 10549000000.0,
      "Cost Of Revenue": 27089000000.0,
      "Total Revenue": 37636000000.0,
      "Operating Revenue": 37636000000.0
    },
    "2021-12-31T00:00:00": {
      "Tax Effect Of Unusual Items": -41595000.0,
      "Tax Rate For Calcs": 0.295,
      "Normalized EBITDA": 9201000000.0,
      "Total Unusual Items": -141000000.0,
      "Total Unusual Items Excluding Goodwill": -141000000.0,
      "Net Income From Continuing Operation Net Minority Interest": 4032000000.0,
      "Reconciled Depreciation": 3214000000.0,
      "Reconciled Cost Of Revenue": 24281000000.0,
      "EBITDA": 9060000000.0,
      "EBIT": 5846000000.0,
      "Net Interest Income": 309000000.0,
      "Interest Expense": 117000000.0,
      "Interest Income": 425000000.0,
      "Normalized Income": 4131405000.0,
      "Net Income From Continuing And Discontinued Operation": 4032000000.0,
      "Total Expenses": 27896000000.0,
      "Total Operating Income As Reported": 5314000000.0,
      "Diluted Average Shares": 911000000.0,
      "Basic Average Shares": 911000000.0,
      "Diluted EPS": 4.425906,
      "Basic EPS": 4.425906,
      "Diluted NI Availto Com Stockholders": 4032000000.0,
      "Net Income Common Stockholders": 4032000000.0,
      "Otherunder Preferred Stock Dividend": 0.0,
      "Preferred Stock Dividends": 2018000000.0,
      "Net Income": 4032000000.0,
      "Minority Interests": -6000000.0,
      "Net Income Including Noncontrolling Interests": 4038000000.0,
      "Net Income Continuous Operations": 4038000000.0,
      "Tax Provision": 1691000000.0,
      "Pretax Income": 5729000000.0,
      "Other Non Operating Income Expenses": 48000000.0,
      "Special Income Charges": -160000000.0,
      "Other Special Charges": -10000000.0,
      "Write Off": 170000000.0,
      "Net Non Operating Interest Income Expense": 309000000.0,
      "Total Other Finance Cost": -1000000.0,
      "Interest Expense Non Operating": 117000000.0,
      "Interest Income Non Operating": 425000000.0,
      "Operating Income": 5242000000.0,
      "Operating Expense": 3615000000.0,
      "Other Operating Expenses": 281000000.0,
      "Selling General And Administration": 3537000000.0,
      "Selling And Marketing Expense": 2111000000.0,
      "General And Administrative Expense": 1426000000.0,
      "Gross Profit": 8857000000.0,
      "Cost Of Revenue": 24281000000.0,
      "Total Revenue": 33138000000.0,
      "Operating Revenue": 33138000000.0
    }
  },
  "quarterly_income": {
    "2025-06-30T00:00:00": {
      "Tax Effect Of Unusual Items": 0.0,
      "Tax Rate For Calcs": 0.346405,
      "Normalized EBITDA": 1534000000.0,
      "Net Income From Continuing Operation Net Minority Interest": 207000000.0,
      "Reconciled Depreciation": 1288000000.0,
      "Reconciled Cost Of Revenue": 7797000000.0,
      "EBITDA": 1534000000.0,
      "EBIT": 246000000.0,
      "Net Interest Income": 69000000.0,
      "Interest Income": null,
      "Normalized Income": 207000000.0,
      "Net Income From Continuing And Discontinued Operation": 207000000.0,
      "Total Expenses": 9053000000.0,
      "Total Operating Income As Reported": 245000000.0,
      "Diluted Average Shares": null,
      "Basic Average Shares": null,
      "Diluted EPS": null,
      "Basic EPS": null,
      "Diluted NI Availto Com Stockholders": 207000000.0,
      "Net Income Common Stockholders": 207000000.0,
      "Otherunder Preferred Stock Dividend": 0.0,
      "Net Income": 207000000.0,
      "Minority Interests": 7000000.0,
      "Net Income Including Noncontrolling Interests": 200000000.0,
      "Net Income Continuous Operations": 200000000.0,
      "Tax Provision": 106000000.0,
      "Pretax Income": 306000000.0,
      "Net Non Operating Interest Income Expense": 69000000.0,
      "Interest Income Non Operating": null,
      "Operating Income": 246000000.0,
      "Operating Expense": 1256000000.0,
      "Other Operating Expenses": 111000000.0,
      "Selling General And Administration": 1145000000.0,
      "Selling And Marketing Expense": 681000000.0,
      "General And Administrative Expense": 464000000.0,
      "Gross Profit": 1502000000.0,
      "Cost Of Revenue": 7797000000.0,
      "Total Revenue": 9299000000.0,
      "Operating Revenue": 9299000000.0
    },
    "2025-03-31T00:00:00": {
      "Tax Effect Of Unusual Items": 0.0,
      "Tax Rate For Calcs": 0.306,
      "Normalized EBITDA": 1791000000.0,
      "Net Income From Continuing Operation Net Minority Interest": 517000000.0,
      "Reconciled Depreciation": 1030000000.0,
      "Reconciled Cost Of Revenue": 6996000000.0,
      "EBITDA": 1791000000.0,
      "EBIT": 761000000.0,
      "Net Interest Income": 12000000.0,
      "Interest Income": null,
      "Normalized Income": 517000000.0,
      "Net Income From Continuing And Discontinued Operation": 517000000.0,
      "Total Expenses": 8097000000.0,
      "Total Operating Income As Reported": 762000000.0,
      "Diluted Average Shares": 923214286.0,
      "Basic Average Shares": 923214286.0,
      "Diluted EPS": 0.56,
      "Basic EPS": 0.56,
      "Diluted NI Availto Com Stockholders": 517000000.0,
      "Net Income Common Stockholders": 517000000.0,
      "Otherunder Preferred Stock Dividend": 0.0,
      "Net Income": 517000000.0,
      "Minority Interests": -1000000.0,
      "Net Income Including Noncontrolling Interests": 518000000.0,
      "Net Income Continuous Operations": 518000000.0,
      "Tax Provision": 229000000.0,
      "Pretax Income": 747000000.0,
      "Net Non Operating Interest Income Expense": 12000000.0,
      "Interest Income Non Operating": null,
      "Operating Income": 761000000.0,
      "Operating Expense": 1101000000.0,
      "Other Operating Expenses": -42000000.0,
      "Selling General And Administration": 1143000000.0,
      "Selling And Marketing Expense": 629000000.0,
      "General And Administrative Expense": 514000000.0,
      "Gross Profit": 1862000000.0,
      "Cost Of Revenue": 6996000000.0,
      "Total Revenue": 8858000000.0,
      "Operating Revenue": 8858000000.0
    },
    "2024-12-31T00:00:00": {
      "Tax Effect Of Unusual Items": 0.0,
      "Tax Rate For Calcs": 0.331185,
      "Normalized EBITDA": 2592000000.0,
      "Net Income From Continuing Operation Net Minority Interest": 827000000.0,
      "Reconciled Depreciation": 1178000000.0,
      "Reconciled Cost Of Revenue": 8477000000.0,
      "EBITDA": 2592000000.0,
      "EBIT": 1414000000.0,
      "Net Interest Income": -119000000.0,
      "Interest Income": 239000000.0,
      "Normalized Income": 827000000.0,
      "Net Income From Continuing And Discontinued Operation": 827000000.0,
      "Total Expenses": 10049000000.0,
      "Total Operating Income As Reported": 1602000000.0,
      "Diluted Average Shares": null,
      "Basic Average Shares": null,
      "Diluted EPS": null,
      "Basic EPS": null,
      "Diluted NI Availto Com Stockholders": 827000000.0,
      "Net Income Common Stockholders": 827000000.0,
      "Otherunder Preferred Stock Dividend": 0.0,
      "Net Income": 827000000.0,
      "Minority Interests": -4000000.0,
      "Net Income Including Noncontrolling Interests": 831000000.0,
      "Net Income Continuous Operations": 830000000.0,
      "Tax Provision": 411000000.0,
      "Pretax Income": 1241000000.0,
      "Net Non Operating Interest Income Expense": -119000000.0,
      "Interest Income Non Operating": 239000000.0,
      "Operating Income": 1470000000.0,
      "Operating Expense": 1572000000.0,
      "Other Operating Expenses": 675000000.0,
      "Selling General And Administration": 1442000000.0,
      "Selling And Marketing Expense": 951000000.0,
      "General And Administrative Expense": 491000000.0,
      "Gross Profit": 3042000000.0,
      "Cost Of Revenue": 8477000000.0,
      "Total Revenue": 11518000000.0,
      "Operating Revenue": 11518000000.0
    },
    "2024-09-30T00:00:00": {
      "Tax Effect Of Unusual Items": 0.0,
      "Tax Rate For Calcs": 0.313131,
      "Normalized EBITDA": 2044000000.0,
      "Net Income From Continuing Operation Net Minority Interest": 612000000.0,
      "Reconciled Depreciation": 1070000000.0,
      "Reconciled Cost Of Revenue": 7028000000.0,
      "EBITDA": 2044000000.0,
      "EBIT": 974000000.0,
      "Net Interest Income": -21000000.0,
      "Interest Income": null,
      "Normalized Income": 612000000.0,
      "Net Income From Continuing And Discontinued Operation": 612000000.0,
      "Total Expenses": 8133000000.0,
      "Total Operating Income As Reported": 974000000.0,
      "Diluted Average Shares": null,
      "Basic Average Shares": null,
      "Diluted EPS": null,
      "Basic EPS": null,
      "Diluted NI Availto Com Stockholders": 612000000.0,
      "Net Income Common Stockholders": 612000000.0,
      "Otherunder Preferred Stock Dividend": 0.0,
      "Net Income": 612000000.0,
      "Minority Interests": 0.0,
      "Net Income Including Noncontrolling Interests": 611000000.0,
      "Net Income Continuous Operations": 612000000.0,
      "Tax Provision": 279000000.0,
      "Pretax Income": 891000000.0,
      "Net Non Operating Interest Income Expense": -21000000.0,
      "Interest Income Non Operating": null,
      "Operating Income": 974000000.0,
      "Operating Expense": 1105000000.0,
      "Other Operating Expenses": -80000000.0,
      "Selling General And Administration": 1185000000.0,
      "Selling And Marketing Expense": 769000000.0,
      "General And Administrative Expense": 416000000.0,
      "Gross Profit": 2079000000.0,
      "Cost Of Revenue": 7028000000.0,
      "Total Revenue": 9107000000.0,
      "Operating Revenue": 9107000000.0
    },
    "2024-06-30T00:00:00": {
      "Tax Effect Of Unusual Items": 0.0,
      "Tax Rate For Calcs": 0.3042,
      "Normalized EBITDA": 2691000000.0,
      "Net Income From Continuing Operation Net Minority Interest": 1226000000.0,
      "Reconciled Depreciation": 911000000.0,
      "Reconciled Cost Of Revenue": 7557000000.0,
      "EBITDA": 2691000000.0,
      "EBIT": 1780000000.0,
      "Net Interest Income": 2000000.0,
      "Interest Income": null,
      "Normalized Income": 1226000000.0,
      "Net Income From Continuing And Discontinued Operation": 1226000000.0,
      "Total Expenses": 8666000000.0,
      "Total Operating Income As Reported": 1779000000.0,
      "Diluted Average Shares": null,
      "Basic Average Shares": null,
      "Diluted EPS": null,
      "Basic EPS": null,
      "Diluted NI Availto Com Stockholders": 1226000000.0,
      "Net Income Common Stockholders": 1226000000.0,
      "Otherunder Preferred Stock Dividend": 0.0,
      "Net Income": 1226000000.0,
      "Minority Interests": 0.0,
      "Net Income Including Noncontrolling Interests": 1227000000.0,
      "Net Income Continuous Operations": 1226000000.0,
      "Tax Provision": 536000000.0,
      "Pretax Income": 1762000000.0,
      "Net Non Operating Interest Income Expense": 2000000.0,
      "Interest Income Non Operating": null,
      "Operating Income": 1780000000.0,
      "Operating Expense": 1109000000.0,
      "Other Operating Expenses": -103000000.0,
      "Selling General And Administration": 1212000000.0,
      "Selling And Marketing Expense": 722000000.0,
      "General And Administrative Expense": 490000000.0,
      "Gross Profit": 2889000000.0,
      "Cost Of Revenue": 7557000000.0,
      "Total Revenue": 10446000000.0,
      "Operating Revenue": 10446000000.0
    }
  },
  "balance_sheet": {
    "2024-12-31T00:00:00": {
      "Preferred Shares Number": null,
      "Ordinary Shares Number": 911000000.0,
      "Share Issued": 911000000.0,
      "Net Debt": 3809000000.0,
      "Total Debt": 11334000000.0,
      "Tangible Book Value": 14102000000.0,
      "Invested Capital": 33236000000.0,
      "Working Capital": 5945000000.0,
      "Net Tangible Assets": 14102000000.0,
      "Capital Lease Obligations": 1141000000.0,
      "Common Stock Equity": 23043000000.0,
      "Total Capitalization": 29183000000.0,
      "Total Equity Gross Minority Interest": 23056000000.0,
      "Minority Interest": 13000000.0,
      "Stockholders Equity": 23043000000.0,
      "Other Equity Interest": 4000000.0,
      "Retained Earnings": 17993000000.0,
      "Additional Paid In Capital": 3822000000.0,
      "Capital Stock": 911000000.0,
      "Common Stock": 911000000.0,
      "Total Liabilities Net Minority Interest": 30471000000.0,
      "Total Non Current Liabilities Net Minority Interest": 16128000000.0,
      "Other Non Current Liabilities": 192000000.0,
      "Derivative Product Liabilities": 407000000.0,
      "Non Current Pension And Other Postretirement Benefit Plans": 4074000000.0,
      "Non Current Accrued Expenses": 93000000.0,
      "Tradeand Other Payables Non Current": 3000000.0,
      "Non Current Deferred Revenue": 631000000.0,
      "Non Current Deferred Taxes Liabilities": 2114000000.0,
      "Long Term Debt And Capital Lease Obligation": 7159000000.0,
      "Long Term Capital Lease Obligation": 1019000000.0,
      "Long Term Debt": 6140000000.0,
      "Long Term Provisions": 1385000000.0,
      "Current Liabilities": 14343000000.0,
      "Other Current Liabilities": 353000000.0,
      "Current Deferred Taxes Liabilities": 195000000.0,
      "Current Debt And Capital Lease Obligation": 4175000000.0,
      "Current Capital Lease Obligation": 122000000.0,
      "Current Debt": 4053000000.0,
      "Pensionand Other Post Retirement Benefit Plans Current": 9000000.0,
      "Current Provisions": 3438000000.0,
      "Payables": 3783000000.0,
      "Other Payable": 11000000.0,
      "Total Tax Payable": 394000000.0,
      "Accounts Payable": 3378000000.0,
      "Total Assets": 53527000000.0,
      "Total Non Current Assets": 33239000000.0,
      "Other Non Current Assets": -1000000.0,
      "Non Current Deferred Taxes Assets": 698000000.0,
      "Financial Assets": 392000000.0,
      "Investmentin Financial Assets": 1105000000.0,
      "Available For Sale Securities": 1105000000.0,
      "Long Term Equity Investment": 1519000000.0,
      "Investmentsin Joint Venturesat Cost": 0.0,
      "Investments In Other Ventures Under Equity Method": 892000000.0,
      "Investmentsin Associatesat Cost": 627000000.0,
      "Goodwill And Other Intangible Assets": 8941000000.0,
      "Other Intangible Assets": 8913000000.0,
      "Goodwill": 28000000.0,
      "Net PPE": 15441000000.0,
      "Accumulated Depreciation": -14792000000.0,
      "Gross PPE": 30233000000.0,
      "Construction In Progress": 1111000000.0,
      "Machinery Furniture Equipment": 21980000000.0,
      "Land And Improvements": 7142000000.0,
      "Properties": 0.0,
      "Current Assets": 20288000000.0,
      "Other Current Assets": -1000000.0,
      "Hedging Assets Current": 434000000.0,
      "Assets Held For Sale Current": 0.0,
      "Prepaid Assets": 656000000.0,
      "Inventory": 5475000000.0,
      "Other Inventories": 1000000.0,
      "Finished Goods": 4680000000.0,
      "Work In Process": 327000000.0,
      "Raw Materials": 467000000.0,
      "Other Receivables": 566000000.0,
      "Taxes Receivable": 859000000.0,
      "Accounts Receivable": 3148000000.0,
      "Cash Cash Equivalents And Short Term Investments": 9151000000.0,
      "Other Short Term Investments": 2767000000.0,
      "Cash And Cash Equivalents": 6384000000.0,
      "Cash Financial": 6384000000.0
    },
    "2023-12-31T00:00:00": {
      "Preferred Shares Number": 455500000.0,
      "Ordinary Shares Number": 911000000.0,
      "Share Issued": 911000000.0,
      "Net Debt": 3489000000.0,
      "Total Debt": 10356000000.0,
      "Tangible Book Value": 13113000000.0,
      "Invested Capital": 30976000000.0,
      "Working Capital": 6473000000.0,
      "Net Tangible Assets": 13113000000.0,
      "Capital Lease Obligations": 1047000000.0,
      "Common Stock Equity": 21667000000.0,
      "Total Capitalization": 27269000000.0,
      "Total Equity Gross Minority Interest": 21668000000.0,
      "Minority Interest": 1000000.0,
      "Stockholders Equity": 21667000000.0,
      "Other Equity Interest": -9000000.0,
      "Retained Earnings": 16305000000.0,
      "Additional Paid In Capital": 3822000000.0,
      "Capital Stock": 911000000.0,
      "Common Stock": 911000000.0,
      "Total Liabilities Net Minority Interest": 28779000000.0,
      "Total Non Current Liabilities Net Minority Interest": 15212000000.0,
      "Other Non Current Liabilities": 171000000.0,
      "Derivative Product Liabilities": 299000000.0,
      "Non Current Pension And Other Postretirement Benefit Plans": 4315000000.0,
      "Non Current Accrued Expenses": 2000000.0,
      "Tradeand Other Payables Non Current": 4000000.0,
      "Non Current Deferred Revenue": 562000000.0,
      "Non Current Deferred Taxes Liabilities": 2010000000.0,
      "Long Term Debt And Capital Lease Obligation": 6536000000.0,
      "Long Term Capital Lease Obligation": 934000000.0,
      "Long Term Debt": 5602000000.0,
      "Long Term Provisions": 1249000000.0,
      "Current Liabilities": 13567000000.0,
      "Other Current Liabilities": 251000000.0,
      "Current Deferred Taxes Liabilities": 128000000.0,
      "Current Debt And Capital Lease Obligation": 3820000000.0,
      "Current Capital Lease Obligation": 113000000.0,
      "Current Debt": 3707000000.0,
      "Pensionand Other Post Retirement Benefit Plans Current": 8000000.0,
      "Current Provisions": 3007000000.0,
      "Payables": 3944000000.0,
      "Other Payable": 16000000.0,
      "Total Tax Payable": 438000000.0,
      "Accounts Payable": 3490000000.0,
      "Total Assets": 50447000000.0,
      "Total Non Current Assets": 30407000000.0,
      "Other Non Current Assets": 2000000.0,
      "Non Current Deferred Taxes Assets": 627000000.0,
      "Financial Assets": 813000000.0,
      "Investmentin Financial Assets": 609000000.0,
      "Available For Sale Securities": 609000000.0,
      "Long Term Equity Investment": 1465000000.0,
      "Investmentsin Joint Venturesat Cost": 0.0,
      "Investments In Other Ventures Under Equity Method": 814000000.0,
      "Investmentsin Associatesat Cost": 651000000.0,
      "Goodwill And Other Intangible Assets": 8554000000.0,
      "Other Intangible Assets": 8536000000.0,
      "Goodwill": 18000000.0,
      "Net PPE": 13583000000.0,
      "Accumulated Depreciation": -13859000000.0,
      "Gross PPE": 27442000000.0,
      "Construction In Progress": 1381000000.0,
      "Machinery Furniture Equipment": 19258000000.0,
      "Land And Improvements": 6803000000.0,
      "Properties": 0.0,
      "Current Assets": 20040000000.0,
      "Other Current Assets": -1000000.0,
      "Hedging Assets Current": 631000000.0,
      "Assets Held For Sale Current": 6000000.0,
      "Prepaid Assets": 333000000.0,
      "Inventory": 5614000000.0,
      "Other Inventories": 1000000.0,
      "Finished Goods": 4888000000.0,
      "Work In Process": 325000000.0,
      "Raw Materials": 400000000.0,
      "Other Receivables": 476000000.0,
      "Taxes Receivable": 838000000.0,
      "Accounts Receivable": 3118000000.0,
      "Cash Cash Equivalents And Short Term Investments": 9025000000.0,
      "Other Short Term Investments": 3205000000.0,
      "Cash And Cash Equivalents": 5820000000.0,
      "Cash Financial": 5820000000.0
    },
    "2022-12-31T00:00:00": {
      "Preferred Shares Number": 455500000.0,
      "Ordinary Shares Number": 911000000.0,
      "Share Issued": 911000000.0,
      "Net Debt": 4714000000.0,
      "Total Debt": 9479000000.0,
      "Tangible Book Value": 9554000000.0,
      "Invested Capital": 25460000000.0,
      "Working Capital": 3575000000.0,
      "Net Tangible Assets": 9554000000.0,
      "Capital Lease Obligations": 1046000000.0,
      "Common Stock Equity": 17027000000.0,
      "Total Capitalization": 22103000000.0,
      "Total Equity Gross Minority Interest": 17035000000.0,
      "Minority Interest": 8000000.0,
      "Stockholders Equity": 17027000000.0,
      "Other Equity Interest": 11000000.0,
      "Retained Earnings": 12395000000.0,
      "Additional Paid In Capital": 3822000000.0,
      "Capital Stock": 911000000.0,
      "Common Stock": 911000000.0,
      "Total Liabilities Net Minority Interest": 30607000000.0,
      "Total Non Current Liabilities Net Minority Interest": 14028000000.0,
      "Other Non Current Liabilities": 144000000.0,
      "Derivative Product Liabilities": 631000000.0,
      "Non Current Pension And Other Postretirement Benefit Plans": 3668000000.0,
      "Non Current Accrued Expenses": 5000000.0,
      "Tradeand Other Payables Non Current": 4000000.0,
      "Non Current Deferred Revenue": 582000000.0,
      "Non Current Deferred Taxes Liabilities": 1607000000.0,
      "Long Term Debt And Capital Lease Obligation": 6016000000.0,
      "Long Term Capital Lease Obligation": 940000000.0,
      "Long Term Debt": 5076000000.0,
      "Long Term Provisions": 1131000000.0,
      "Current Liabilities": 16579000000.0,
      "Other Current Liabilities": 260000000.0,
      "Current Deferred Taxes Liabilities": 167000000.0,
      "Current Debt And Capital Lease Obligation": 3463000000.0,
      "Current Capital Lease Obligation": 106000000.0,
      "Current Debt": 3357000000.0,
      "Pensionand Other Post Retirement Benefit Plans Current": 9000000.0,
      "Current Provisions": 2778000000.0,
      "Payables": 3603000000.0,
      "Other Payable": 13000000.0,
      "Total Tax Payable": 691000000.0,
      "Accounts Payable": 2899000000.0,
      "Total Assets": 47642000000.0,
      "Total Non Current Assets": 27488000000.0,
      "Other Non Current Assets": null,
      "Non Current Deferred Taxes Assets": 742000000.0,
      "Financial Assets": 511000000.0,
      "Investmentin Financial Assets": 243000000.0,
      "Available For Sale Securities": 243000000.0,
      "Long Term Equity Investment": 1259000000.0,
      "Investmentsin Joint Venturesat Cost": 0.0,
      "Investments In Other Ventures Under Equity Method": 636000000.0,
      "Investmentsin Associatesat Cost": 623000000.0,
      "Goodwill And Other Intangible Assets": 7473000000.0,
      "Other Intangible Assets": 7454000000.0,
      "Goodwill": 19000000.0,
      "Net PPE": 12778000000.0,
      "Accumulated Depreciation": -12719000000.0,
      "Gross PPE": 25497000000.0,
      "Construction In Progress": 1230000000.0,
      "Machinery Furniture Equipment": 17723000000.0,
      "Land And Improvements": 6544000000.0,
      "Properties": 0.0,
      "Current Assets": 20154000000.0,
      "Other Current Assets": null,
      "Hedging Assets Current": 281000000.0,
      "Assets Held For Sale Current": 31000000.0,
      "Prepaid Assets": 244000000.0,
      "Inventory": 5259000000.0,
      "Other Inventories": null,
      "Finished Goods": 4391000000.0,
      "Work In Process": 387000000.0,
      "Raw Materials": 481000000.0,
      "Other Receivables": 332000000.0,
      "Taxes Receivable": 484000000.0,
      "Accounts Receivable": 2806000000.0,
      "Cash Cash Equivalents And Short Term Investments": 10717000000.0,
      "Other Short Term Investments": 6998000000.0,
      "Cash And Cash Equivalents": 3719000000.0,
      "Cash Financial": 3719000000.0
    },
    "2021-12-31T00:00:00": {
      "Preferred Shares Number": null,
      "Ordinary Shares Number": 911000000.0,
      "Share Issued": 911000000.0,
      "Net Debt": 3973000000.0,
      "Total Debt": 9722000000.0,
      "Tangible Book Value": 16737000000.0,
      "Invested Capital": 31586000000.0,
      "Working Capital": 5473000000.0,
      "Net Tangible Assets": 16737000000.0,
      "Capital Lease Obligations": 1063000000.0,
      "Common Stock Equity": 22927000000.0,
      "Total Capitalization": 28570000000.0,
      "Total Equity Gross Minority Interest": 22935000000.0,
      "Minority Interest": 8000000.0,
      "Stockholders Equity": 22927000000.0,
      "Other Equity Interest": -11000000.0,
      "Retained Earnings": 9146000000.0,
      "Additional Paid In Capital": 14225000000.0,
      "Capital Stock": 45000000.0,
      "Common Stock": 45000000.0,
      "Total Liabilities Net Minority Interest": 28447000000.0,
      "Total Non Current Liabilities Net Minority Interest": 15368000000.0,
      "Other Non Current Liabilities": 192000000.0,
      "Derivative Product Liabilities": 375000000.0,
      "Non Current Pension And Other Postretirement Benefit Plans": 5525000000.0,
      "Non Current Accrued Expenses": 2000000.0,
      "Tradeand Other Payables Non Current": 5000000.0,
      "Non Current Deferred Revenue": 446000000.0,
      "Non Current Deferred Taxes Liabilities": 782000000.0,
      "Long Term Debt And Capital Lease Obligation": 6599000000.0,
      "Long Term Capital Lease Obligation": 956000000.0,
      "Long Term Debt": 5643000000.0,
      "Long Term Provisions": 1184000000.0,
      "Current Liabilities": 13079000000.0,
      "Other Current Liabilities": 210000000.0,
      "Current Deferred Taxes Liabilities": 126000000.0,
      "Current Debt And Capital Lease Obligation": 3123000000.0,
      "Current Capital Lease Obligation": 107000000.0,
      "Current Debt": 3016000000.0,
      "Pensionand Other Post Retirement Benefit Plans Current": 5000000.0,
      "Current Provisions": 2189000000.0,
      "Payables": 2793000000.0,
      "Other Payable": 12000000.0,
      "Total Tax Payable": 334000000.0,
      "Accounts Payable": 2447000000.0,
      "Total Assets": 51382000000.0,
      "Total Non Current Assets": 32830000000.0,
      "Other Non Current Assets": null,
      "Non Current Deferred Taxes Assets": 867000000.0,
      "Financial Assets": 219000000.0,
      "Investmentin Financial Assets": 8377000000.0,
      "Available For Sale Securities": 8377000000.0,
      "Long Term Equity Investment": 886000000.0,
      "Investmentsin Joint Venturesat Cost": 39000000.0,
      "Investments In Other Ventures Under Equity Method": 313000000.0,
      "Investmentsin Associatesat Cost": 534000000.0,
      "Goodwill And Other Intangible Assets": 6190000000.0,
      "Other Intangible Assets": 6181000000.0,
      "Goodwill": 9000000.0,
      "Net PPE": 12717000000.0,
      "Accumulated Depreciation": -11673000000.0,
      "Gross PPE": 24390000000.0,
      "Construction In Progress": 993000000.0,
      "Machinery Furniture Equipment": 17389000000.0,
      "Land And Improvements": 6008000000.0,
      "Properties": 0.0,
      "Current Assets": 18552000000.0,
      "Other Current Assets": null,
      "Hedging Assets Current": 135000000.0,
      "Assets Held For Sale Current": 0.0,
      "Prepaid Assets": 34000000.0,
      "Inventory": 4483000000.0,
      "Other Inventories": null,
      "Finished Goods": 3020000000.0,
      "Work In Process": 1078000000.0,
      "Raw Materials": 385000000.0,
      "Other Receivables": 295000000.0,
      "Taxes Receivable": 439000000.0,
      "Accounts Receivable": 2280000000.0,
      "Cash Cash Equivalents And Short Term Investments": 10886000000.0,
      "Other Short Term Investments": 6200000000.0,
      "Cash And Cash Equivalents": 4686000000.0,
      "Cash Financial": 4686000000.0
    }
  },
  "cashflow": {
    "2024-12-31T00:00:00": {
      "Free Cash Flow": 2596000000.0,
      "Repayment Of Debt": -7570000000.0,
      "Issuance Of Debt": 7997000000.0,
      "Issuance Of Capital Stock": null,
      "Capital Expenditure": -3757000000.0,
      "End Cash Position": 6384000000.0,
      "Other Cash Adjustment Outside Changein Cash": -2000000.0,
      "Beginning Cash Position": 5826000000.0,
      "Effect Of Exchange Rate Changes": 6000000.0,
      "Changes In Cash": 554000000.0,
      "Financing Cash Flow": -1679000000.0,
      "Net Other Financing Charges": 118000000.0,
      "Cash Dividends Paid": -2101000000.0,
      "Net Common Stock Issuance": null,
      "Common Stock Issuance": null,
      "Net Issuance Payments Of Debt": 427000000.0,
      "Net Long Term Debt Issuance": 427000000.0,
      "Long Term Debt Payments": -7570000000.0,
      "Long Term Debt Issuance": 7997000000.0,
      "Investing Cash Flow": -4120000000.0,
      "Net Other Investing Changes": 1000000.0,
      "Net Investment Purchase And Sale": -70000000.0,
      "Net Business Purchase And Sale": -377000000.0,
      "Sale Of Business": 3000000.0,
      "Purchase Of Business": -380000000.0,
      "Net Intangibles Purchase And Sale": -2048000000.0,
      "Sale Of Intangibles": 126000000.0,
      "Purchase Of Intangibles": -2174000000.0,
      "Capital Expenditure Reported": -1583000000.0,
      "Operating Cash Flow": 6353000000.0,
      "Taxes Refund Paid": -1454000000.0,
      "Change In Working Capital": -1959000000.0,
      "Change In Other Current Liabilities": -347000000.0,
      "Change In Other Current Assets": -1852000000.0,
      "Change In Inventory": -75000000.0,
      "Change In Receivables": -222000000.0,
      "Other Non Cash Items": 169000000.0,
      "Depreciation And Amortization": 4088000000.0,
      "Depreciation": 4088000000.0,
      "Pension And Employee Benefit Expense": 35000000.0,
      "Gain Loss On Investment Securities": 61000000.0,
      "Gain Loss On Sale Of PPE": null,
      "Net Income From Continuing Operations": 5227000000.0
    },
    "2023-12-31T00:00:00": {
      "Free Cash Flow": 2926000000.0,
      "Repayment Of Debt": -4533000000.0,
      "Issuance Of Debt": 5633000000.0,
      "Issuance Of Capital Stock": 0.0,
      "Capital Expenditure": -4097000000.0,
      "End Cash Position": 5826000000.0,
      "Other Cash Adjustment Outside Changein Cash": null,
      "Beginning Cash Position": 3745000000.0,
      "Effect Of Exchange Rate Changes": -31000000.0,
      "Changes In Cash": 2112000000.0,
      "Financing Cash Flow": -3708000000.0,
      "Net Other Financing Charges": 200000000.0,
      "Cash Dividends Paid": -4895000000.0,
      "Net Common Stock Issuance": 0.0,
      "Common Stock Issuance": 0.0,
      "Net Issuance Payments Of Debt": 1100000000.0,
      "Net Long Term Debt Issuance": 1100000000.0,
      "Long Term Debt Payments": -4533000000.0,
      "Long Term Debt Issuance": 5633000000.0,
      "Investing Cash Flow": -1203000000.0,
      "Net Other Investing Changes": -1000000.0,
      "Net Investment Purchase And Sale": 44000000.0,
      "Net Business Purchase And Sale": -235000000.0,
      "Sale Of Business": 7000000.0,
      "Purchase Of Business": -242000000.0,
      "Net Intangibles Purchase And Sale": -2005000000.0,
      "Sale Of Intangibles": 11000000.0,
      "Purchase Of Intangibles": -2016000000.0,
      "Capital Expenditure Reported": -2081000000.0,
      "Operating Cash Flow": 7023000000.0,
      "Taxes Refund Paid": -2190000000.0,
      "Change In Working Capital": -1867000000.0,
      "Change In Other Current Liabilities": 618000000.0,
      "Change In Other Current Assets": -1322000000.0,
      "Change In Inventory": -694000000.0,
      "Change In Receivables": -835000000.0,
      "Other Non Cash Items": -122000000.0,
      "Depreciation And Amortization": 3528000000.0,
      "Depreciation": 3528000000.0,
      "Pension And Employee Benefit Expense": 251000000.0,
      "Gain Loss On Investment Securities": 14000000.0,
      "Gain Loss On Sale Of PPE": 14000000.0,
      "Net Income From Continuing Operations": 7375000000.0
    },
    "2022-12-31T00:00:00": {
      "Free Cash Flow": 3453000000.0,
      "Repayment Of Debt": -4745000000.0,
      "Issuance Of Debt": 4319000000.0,
      "Issuance Of Capital Stock": 3057000000.0,
      "Capital Expenditure": -3661000000.0,
      "End Cash Position": 3745000000.0,
      "Other Cash Adjustment Outside Changein Cash": 1000000.0,
      "Beginning Cash Position": 4327000000.0,
      "Effect Of Exchange Rate Changes": -2000000.0,
      "Changes In Cash": -581000000.0,
      "Financing Cash Flow": -1089000000.0,
      "Net Other Financing Charges": -244000000.0,
      "Cash Dividends Paid": -3361000000.0,
      "Net Common Stock Issuance": 3057000000.0,
      "Common Stock Issuance": 3057000000.0,
      "Net Issuance Payments Of Debt": -426000000.0,
      "Net Long Term Debt Issuance": -426000000.0,
      "Long Term Debt Payments": -4745000000.0,
      "Long Term Debt Issuance": 4319000000.0,
      "Investing Cash Flow": -6606000000.0,
      "Net Other Investing Changes": -4104000000.0,
      "Net Investment Purchase And Sale": -481000000.0,
      "Net Business Purchase And Sale": -451000000.0,
      "Sale Of Business": 84000000.0,
      "Purchase Of Business": -535000000.0,
      "Net Intangibles Purchase And Sale": -1702000000.0,
      "Sale Of Intangibles": 8000000.0,
      "Purchase Of Intangibles": -1710000000.0,
      "Capital Expenditure Reported": -1951000000.0,
      "Operating Cash Flow": 7114000000.0,
      "Taxes Refund Paid": -2370000000.0,
      "Change In Working Capital": -1168000000.0,
      "Change In Other Current Liabilities": 1052000000.0,
      "Change In Other Current Assets": -536000000.0,
      "Change In Inventory": -1010000000.0,
      "Change In Receivables": -1230000000.0,
      "Other Non Cash Items": -40000000.0,
      "Depreciation And Amortization": 3189000000.0,
      "Depreciation": 3189000000.0,
      "Pension And Employee Benefit Expense": 366000000.0,
      "Gain Loss On Investment Securities": 5000000.0,
      "Gain Loss On Sale Of PPE": 5000000.0,
      "Net Income From Continuing Operations": 7081000000.0
    },
    "2021-12-31T00:00:00": {
      "Free Cash Flow": 6416000000.0,
      "Repayment Of Debt": -3814000000.0,
      "Issuance Of Debt": 5243000000.0,
      "Issuance Of Capital Stock": 471000000.0,
      "Capital Expenditure": -3043000000.0,
      "End Cash Position": 4327000000.0,
      "Other Cash Adjustment Outside Changein Cash": null,
      "Beginning Cash Position": 4344000000.0,
      "Effect Of Exchange Rate Changes": 50000000.0,
      "Changes In Cash": -67000000.0,
      "Financing Cash Flow": -518000000.0,
      "Net Other Financing Charges": 875000000.0,
      "Cash Dividends Paid": -1864000000.0,
      "Net Common Stock Issuance": 471000000.0,
      "Common Stock Issuance": 471000000.0,
      "Net Issuance Payments Of Debt": 1429000000.0,
      "Net Long Term Debt Issuance": 1429000000.0,
      "Long Term Debt Payments": -3814000000.0,
      "Long Term Debt Issuance": 5243000000.0,
      "Investing Cash Flow": -5965000000.0,
      "Net Other Investing Changes": -3374000000.0,
      "Net Investment Purchase And Sale": -2591000000.0,
      "Net Business Purchase And Sale": -352000000.0,
      "Sale Of Business": null,
      "Purchase Of Business": null,
      "Net Intangibles Purchase And Sale": -1421000000.0,
      "Sale Of Intangibles": 21000000.0,
      "Purchase Of Intangibles": -1442000000.0,
      "Capital Expenditure Reported": -1601000000.0,
      "Operating Cash Flow": 6416000000.0,
      "Taxes Refund Paid": -1552000000.0,
      "Change In Working Capital": -1282000000.0,
      "Change In Other Current Liabilities": 543000000.0,
      "Change In Other Current Assets": -931000000.0,
      "Change In Inventory": -152000000.0,
      "Change In Receivables": -1281000000.0,
      "Other Non Cash Items": -221000000.0,
      "Depreciation And Amortization": 3214000000.0,
      "Depreciation": 3214000000.0,
      "Pension And Employee Benefit Expense": 471000000.0,
      "Gain Loss On Investment Securities": null,
      "Gain Loss On Sale Of PPE": 35000000.0,
      "Net Income From Continuing Operations": 5729000000.0
    }
  },
  "earnings_estimate": {
    "avg": {
      "0q": 0.24106,
      "+1q": 0.395,
      "0y": 0.44277,
      "+1y": 2.21643
    },
    "low": {
      "0q": 0.14318,
      "+1q": 0.38,
      "0y": 0.3,
      "+1y": 1.81
    },
    "high": {
      "0q": 0.3,
      "+1q": 0.41,
      "0y": 0.68768,
      "+1y": 2.5717
    },
    "yearAgoEps": {
      "0q": 0.91,
      "+1q": 0.57,
      "0y": 3.95,
      "+1y": 0.44277
    },
    "numberOfAnalysts": {
      "0q": 3,
      "+1q": 2,
      "0y": 16,
      "+1y": 19
    },
    "growth": {
      "0q": -0.73510003,
      "+1q": -0.307,
      "0y": -0.8879,
      "+1y": 4.0058
    }
  },
  "revenue_estimate": {
    "avg": {
      "0q": 9747755800,
      "+1q": 8822853500,
      "0y": 36825996540,
      "+1y": 36868568600
    },
    "low": {
      "0q": 9473000000,
      "+1q": 8278707000,
      "0y": 36076000000,
      "+1y": 34571246430
    },
    "high": {
      "0q": 10220027000,
      "+1q": 9367000000,
      "0y": 37769000000,
      "+1y": 39107000000
    },
    "numberOfAnalysts": {
      "0q": 5,
      "+1q": 2,
      "0y": 20,
      "+1y": 20
    },
    "yearAgoRevenue": {
      "0q": 11520000000,
      "+1q": 8858000000,
      "0y": 40080000000,
      "+1y": 36825996540
    },
    "growth": {
      "0q": -0.1538,
      "+1q": -0.004,
      "0y": -0.081199996,
      "+1y": 0.0011999999
    }
  },
  "growth_estimates": {
    "stockTrend": {
      "0q": -0.73510003,
      "+1q": -0.307,
      "0y": -0.8879,
      "+1y": 4.0058,
      "LTG": null
    },
    "indexTrend": {
      "0q": 0.1273,
      "+1q": 0.103599995,
      "0y": 0.14310001,
      "+1y": 0.1557,
      "LTG": 0.122
    }
  },
  "revenue_forecasts": null,
  "dividend_rate": 2.31,
  "trailing_dividend_rate": 2.31
}