{
  "ticker": "PG",
  "name": "Procter & Gamble",
  "country": "usa",
  "currency": "USD",
  "last_fetched": "2026-02-26T20:45:34.715561",
  "market_cap": 382090969088,
  "revenue": 85259001856,
  "net_income": 16161999872,
  "pe_ratio": 24.224443,
  "forward_pe": 22.30557,
  "dividend_yield": 2.59,
  "profit_margin": 0.19299999,
  "roe": 0.31562,
  "debt_to_equity": 68.719,
  "beta": 0.38,
  "ev_to_ebitda": 16.417,
  "sector": "Consumer Defensive",
  "industry": "Household & Personal Products",
  "summary": "The Procter & Gamble Company provides branded consumer packaged goods worldwide. It operates through Beauty; Grooming; Health Care; Fabric & Home Care; and Baby, Feminine & Family Care segments. The company offers conditioners, shampoos, styling aids, and treatments under the Head & Shoulders, Herbal Essences, Pantene, and Rejoice brands; antiperspirants, deodorants, and personal cleansing products under the Native, Old Spice, Safeguard, and Secret brands; and facial moisturizers, cleaners, and treatments under the Olay and SK-II brands. It also provides blades, razors, shave products, appliances, and other grooming products under the Braun, Gillette, and Venus brands. In addition, the company offers toothbrushes, toothpastes, and other oral care products under the Crest and Oral-B brands; and gastrointestinal, pain relief, rapid diagnostics, respiratory, vitamins/minerals/supplements, and other personal health care products under the Metamucil, Neurobion, Pepto-Bismol, and Vicks brands. Further, it provides fabric enhancers, and laundry additives and detergents under the Ariel, Downy, Gain, and Tide brands; and air and dish care, P&G professional, and surface care under the Cascade, Dawn, Fairy, Febreze, Mr. Clean, and Swiffer brands. Additionally, the company offers baby wipes, and taped diapers and pants under the Luvs and Pampers brands; adult incontinence and menstrual care products under the Always, Always Discreet, and Tampax brands; and paper towels, tissues, and toilet papers under the Bounty, Charmin, and Puffs brands. It sells its products through mass merchandisers, social and e-commerce channels, grocery and specialty beauty stores, membership club stores, drug and department stores, distributors, wholesalers, airport duty-free and high-frequency stores, pharmacies, electronics stores, and professional channels, as well as directly to consumers. The Procter & Gamble Company was founded in 1837 and is headquartered in Cincinnati, Ohio.",
  "website": "https://www.pginvestor.com",
  "employees": 109000,
  "target_high": 186.0,
  "target_low": 148.0,
  "target_mean": 168.0,
  "target_median": 170.5,
  "recommendation": "buy",
  "num_analysts": 22,
  "income_stmt": {
    "2025-06-30T00:00:00": {
      "Tax Effect Of Unusual Items": 0.0,
      "Tax Rate For Calcs": 0.203,
      "Normalized EBITDA": 23921000000.0,
      "Total Unusual Items": 0.0,
      "Total Unusual Items Excluding Goodwill": 0.0,
      "Net Income From Continuing Operation Net Minority Interest": 15974000000.0,
      "Reconciled Depreciation": 2847000000.0,
      "Reconciled Cost Of Revenue": 41164000000.0,
      "EBITDA": 23921000000.0,
      "EBIT": 21074000000.0,
      "Net Interest Income": -438000000.0,
      "Interest Expense": 907000000.0,
      "Interest Income": 469000000.0,
      "Normalized Income": 15974000000.0,
      "Net Income From Continuing And Discontinued Operation": 15974000000.0,
      "Total Expenses": 63833000000.0,
      "Total Operating Income As Reported": 20451000000.0,
      "Diluted Average Shares": 2454400000.0,
      "Basic Average Shares": 2394902549.0,
      "Diluted EPS": 6.51,
      "Basic EPS": 6.67,
      "Diluted NI Availto Com Stockholders": 15974000000.0,
      "Average Dilution Earnings": 291000000.0,
      "Net Income Common Stockholders": 15682000000.0,
      "Preferred Stock Dividends": 291000000.0,
      "Net Income": 15974000000.0,
      "Minority Interests": -91000000.0,
      "Net Income Including Noncontrolling Interests": 16065000000.0,
      "Net Income Continuous Operations": 16065000000.0,
      "Tax Provision": 4102000000.0,
      "Pretax Income": 20167000000.0,
      "Other Income Expense": 154000000.0,
      "Other Non Operating Income Expenses": 154000000.0,
      "Special Income Charges": 0.0,
      "Impairment Of Capital Assets": 0.0,
      "Net Non Operating Interest Income Expense": -438000000.0,
      "Interest Expense Non Operating": 907000000.0,
      "Interest Income Non Operating": 469000000.0,
      "Operating Income": 20451000000.0,
      "Operating Expense": 22669000000.0,
      "Selling General And Administration": 22669000000.0,
      "Gross Profit": 43120000000.0,
      "Cost Of Revenue": 41164000000.0,
      "Total Revenue": 84284000000.0,
      "Operating Revenue": 84284000000.0
    },
    "2024-06-30T00:00:00": {
      "Tax Effect Of Unusual Items": -270882000.0,
      "Tax Rate For Calcs": 0.202,
      "Normalized EBITDA": 23923000000.0,
      "Total Unusual Items": -1341000000.0,
      "Total Unusual Items Excluding Goodwill": -1341000000.0,
      "Net Income From Continuing Operation Net Minority Interest": 14879000000.0,
      "Reconciled Depreciation": 2896000000.0,
      "Reconciled Cost Of Revenue": 40848000000.0,
      "EBITDA": 22582000000.0,
      "EBIT": 19686000000.0,
      "Net Interest Income": -452000000.0,
      "Interest Expense": 925000000.0,
      "Interest Income": 473000000.0,
      "Normalized Income": 15949118000.0,
      "Net Income From Continuing And Discontinued Operation": 14879000000.0,
      "Total Expenses": 64153000000.0,
      "Total Operating Income As Reported": 18545000000.0,
      "Diluted Average Shares": 2471900000.0,
      "Basic Average Shares": 2407605178.0,
      "Diluted EPS": 6.02,
      "Basic EPS": 6.18,
      "Diluted NI Availto Com Stockholders": 14879000000.0,
      "Average Dilution Earnings": 284000000.0,
      "Net Income Common Stockholders": 14595000000.0,
      "Preferred Stock Dividends": 284000000.0,
      "Net Income": 14879000000.0,
      "Minority Interests": -95000000.0,
      "Net Income Including Noncontrolling Interests": 14974000000.0,
      "Net Income Continuous Operations": 14974000000.0,
      "Tax Provision": 3787000000.0,
      "Pretax Income": 18761000000.0,
      "Other Income Expense": -673000000.0,
      "Other Non Operating Income Expenses": 668000000.0,
      "Special Income Charges": -1341000000.0,
      "Impairment Of Capital Assets": 1341000000.0,
      "Net Non Operating Interest Income Expense": -452000000.0,
      "Interest Expense Non Operating": 925000000.0,
      "Interest Income Non Operating": 473000000.0,
      "Operating Income": 19886000000.0,
      "Operating Expense": 23305000000.0,
      "Selling General And Administration": 23305000000.0,
      "Gross Profit": 43191000000.0,
      "Cost Of Revenue": 40848000000.0,
      "Total Revenue": 84039000000.0,
      "Operating Revenue": 84039000000.0
    },
    "2023-06-30T00:00:00": {
      "Tax Effect Of Unusual Items": 0.0,
      "Tax Rate For Calcs": 0.017,
      "Normalized EBITDA": 21823000000.0,
      "Total Unusual Items": 0.0,
      "Total Unusual Items Excluding Goodwill": 0.0,
      "Net Income From Continuing Operation Net Minority Interest": 14653000000.0,
      "Reconciled Depreciation": 2714000000.0,
      "Reconciled Cost Of Revenue": 42760000000.0,
      "EBITDA": 21823000000.0,
      "EBIT": 19109000000.0,
      "Net Interest Income": -449000000.0,
      "Interest Expense": 756000000.0,
      "Interest Income": 307000000.0,
      "Normalized Income": 14653000000.0,
      "Net Income From Continuing And Discontinued Operation": 14653000000.0,
      "Total Expenses": 63872000000.0,
      "Total Operating Income As Reported": 18134000000.0,
      "Diluted Average Shares": 2483900000.0,
      "Basic Average Shares": 2414003295.0,
      "Diluted EPS": 5.9,
      "Basic EPS": 6.07,
      "Diluted NI Availto Com Stockholders": 14653000000.0,
      "Average Dilution Earnings": 282000000.0,
      "Net Income Common Stockholders": 14371000000.0,
      "Preferred Stock Dividends": 282000000.0,
      "Net Income": 14653000000.0,
      "Minority Interests": -85000000.0,
      "Net Income Including Noncontrolling Interests": 14738000000.0,
      "Net Income Continuous Operations": 14738000000.0,
      "Tax Provision": 3615000000.0,
      "Pretax Income": 18353000000.0,
      "Other Income Expense": 668000000.0,
      "Other Non Operating Income Expenses": 668000000.0,
      "Special Income Charges": 0.0,
      "Impairment Of Capital Assets": 0.0,
      "Net Non Operating Interest Income Expense": -449000000.0,
      "Interest Expense Non Operating": 756000000.0,
      "Interest Income Non Operating": 307000000.0,
      "Operating Income": 18134000000.0,
      "Operating Expense": 21112000000.0,
      "Selling General And Administration": 21112000000.0,
      "Gross Profit": 39246000000.0,
      "Cost Of Revenue": 42760000000.0,
      "Total Revenue": 82006000000.0,
      "Operating Revenue": 82006000000.0
    },
    "2022-06-30T00:00:00": {
      "Tax Effect Of Unusual Items": 0.0,
      "Tax Rate For Calcs": 0.178,
      "Normalized EBITDA": 21241000000.0,
      "Total Unusual Items": 0.0,
      "Total Unusual Items Excluding Goodwill": 0.0,
      "Net Income From Continuing Operation Net Minority Interest": 14742000000.0,
      "Reconciled Depreciation": 2807000000.0,
      "Reconciled Cost Of Revenue": 42157000000.0,
      "EBITDA": 21241000000.0,
      "EBIT": 18434000000.0,
      "Net Interest Income": -388000000.0,
      "Interest Expense": 439000000.0,
      "Interest Income": 51000000.0,
      "Normalized Income": 14742000000.0,
      "Net Income From Continuing And Discontinued Operation": 14742000000.0,
      "Total Expenses": 62374000000.0,
      "Total Operating Income As Reported": 17813000000.0,
      "Diluted Average Shares": 2539100000.0,
      "Basic Average Shares": 2457000000.0,
      "Diluted EPS": 5.81,
      "Basic EPS": 6.0,
      "Diluted NI Availto Com Stockholders": 14742000000.0,
      "Average Dilution Earnings": 281000000.0,
      "Net Income Common Stockholders": 14461000000.0,
      "Preferred Stock Dividends": 281000000.0,
      "Net Income": 14742000000.0,
      "Minority Interests": -51000000.0,
      "Net Income Including Noncontrolling Interests": 14793000000.0,
      "Net Income Continuous Operations": 14793000000.0,
      "Tax Provision": 3202000000.0,
      "Pretax Income": 17995000000.0,
      "Other Income Expense": 570000000.0,
      "Other Non Operating Income Expenses": 570000000.0,
      "Special Income Charges": 0.0,
      "Impairment Of Capital Assets": 0.0,
      "Net Non Operating Interest Income Expense": -388000000.0,
      "Interest Expense Non Operating": 439000000.0,
      "Interest Income Non Operating": 51000000.0,
      "Operating Income": 17813000000.0,
      "Operating Expense": 20217000000.0,
      "Selling General And Administration": 20217000000.0,
      "Gross Profit": 38030000000.0,
      "Cost Of Revenue": 42157000000.0,
      "Total Revenue": 80187000000.0,
      "Operating Revenue": 80187000000.0
    }
  },
  "quarterly_income": {
    "2025-12-31T00:00:00": {
      "Tax Effect Of Unusual Items": 0.0,
      "Tax Rate For Calcs": 0.201,
      "Normalized EBITDA": 6443000000.0,
      "Total Unusual Items": null,
      "Total Unusual Items Excluding Goodwill": null,
      "Net Income From Continuing Operation Net Minority Interest": 4319000000.0,
      "Reconciled Depreciation": 802000000.0,
      "Reconciled Cost Of Revenue": 10834000000.0,
      "EBITDA": 6443000000.0,
      "EBIT": 5641000000.0,
      "Net Interest Income": -105000000.0,
      "Interest Expense": 220000000.0,
      "Interest Income": 115000000.0,
      "Normalized Income": 4319000000.0,
      "Net Income From Continuing And Discontinued Operation": 4319000000.0,
      "Total Expenses": 16842000000.0,
      "Total Operating Income As Reported": 5366000000.0,
      "Diluted Average Shares": 2424000000.0,
      "Basic Average Shares": 2373076923.0,
      "Diluted EPS": 1.78,
      "Basic EPS": 1.82,
      "Diluted NI Availto Com Stockholders": 4247000000.0,
      "Net Income Common Stockholders": 4247000000.0,
      "Preferred Stock Dividends": 73000000.0,
      "Net Income": 4319000000.0,
      "Minority Interests": -12000000.0,
      "Net Income Including Noncontrolling Interests": 4331000000.0,
      "Net Income Continuous Operations": 4331000000.0,
      "Tax Provision": 1090000000.0,
      "Pretax Income": 5421000000.0,
      "Other Income Expense": 160000000.0,
      "Other Non Operating Income Expenses": 160000000.0,
      "Special Income Charges": null,
      "Impairment Of Capital Assets": null,
      "Net Non Operating Interest Income Expense": -105000000.0,
      "Interest Expense Non Operating": 220000000.0,
      "Interest Income Non Operating": 115000000.0,
      "Operating Income": 5366000000.0,
      "Operating Expense": 6008000000.0,
      "Selling General And Administration": 6008000000.0,
      "Gross Profit": 11374000000.0,
      "Cost Of Revenue": 10834000000.0,
      "Total Revenue": 22208000000.0,
      "Operating Revenue": 22208000000.0
    },
    "2025-09-30T00:00:00": {
      "Tax Effect Of Unusual Items": 0.0,
      "Tax Rate For Calcs": 0.208,
      "Normalized EBITDA": 6992000000.0,
      "Total Unusual Items": null,
      "Total Unusual Items Excluding Goodwill": null,
      "Net Income From Continuing Operation Net Minority Interest": 4750000000.0,
      "Reconciled Depreciation": 761000000.0,
      "Reconciled Cost Of Revenue": 10887000000.0,
      "EBITDA": 6992000000.0,
      "EBIT": 6231000000.0,
      "Net Interest Income": -89000000.0,
      "Interest Expense": 197000000.0,
      "Interest Income": 108000000.0,
      "Normalized Income": 4750000000.0,
      "Net Income From Continuing And Discontinued Operation": 4750000000.0,
      "Total Expenses": 16530000000.0,
      "Total Operating Income As Reported": 5856000000.0,
      "Diluted Average Shares": 2436800000.0,
      "Basic Average Shares": 2375000000.0,
      "Diluted EPS": 1.95,
      "Basic EPS": 2.0,
      "Diluted NI Availto Com Stockholders": 4677000000.0,
      "Net Income Common Stockholders": 4677000000.0,
      "Preferred Stock Dividends": 73000000.0,
      "Net Income": 4750000000.0,
      "Minority Interests": -31000000.0,
      "Net Income Including Noncontrolling Interests": 4781000000.0,
      "Net Income Continuous Operations": 4781000000.0,
      "Tax Provision": 1253000000.0,
      "Pretax Income": 6034000000.0,
      "Other Income Expense": 268000000.0,
      "Other Non Operating Income Expenses": 268000000.0,
      "Special Income Charges": null,
      "Impairment Of Capital Assets": null,
      "Net Non Operating Interest Income Expense": -89000000.0,
      "Interest Expense Non Operating": 197000000.0,
      "Interest Income Non Operating": 108000000.0,
      "Operating Income": 5856000000.0,
      "Operating Expense": 5643000000.0,
      "Selling General And Administration": 5643000000.0,
      "Gross Profit": 11499000000.0,
      "Cost Of Revenue": 10887000000.0,
      "Total Revenue": 22386000000.0,
      "Operating Revenue": 22386000000.0
    },
    "2025-06-30T00:00:00": {
      "Tax Effect Of Unusual Items": 0.0,
      "Tax Rate For Calcs": 0.197965,
      "Normalized EBITDA": 5456000000.0,
      "Total Unusual Items": 0.0,
      "Total Unusual Items Excluding Goodwill": 0.0,
      "Net Income From Continuing Operation Net Minority Interest": 3615000000.0,
      "Reconciled Depreciation": 723000000.0,
      "Reconciled Cost Of Revenue": 10631000000.0,
      "EBITDA": 5456000000.0,
      "EBIT": 4733000000.0,
      "Net Interest Income": -108000000.0,
      "Interest Expense": 212000000.0,
      "Interest Income": 104000000.0,
      "Normalized Income": 3615000000.0,
      "Net Income From Continuing And Discontinued Operation": 3615000000.0,
      "Total Expenses": 16535000000.0,
      "Total Operating Income As Reported": 4355000000.0,
      "Diluted Average Shares": 2443800000.0,
      "Basic Average Shares": 2394039735.0,
      "Diluted EPS": 1.48,
      "Basic EPS": 1.51,
      "Diluted NI Availto Com Stockholders": 3830000000.0,
      "Net Income Common Stockholders": 3538000000.0,
      "Preferred Stock Dividends": 76000000.0,
      "Net Income": 3615000000.0,
      "Minority Interests": -11000000.0,
      "Net Income Including Noncontrolling Interests": 3626000000.0,
      "Net Income Continuous Operations": 3626000000.0,
      "Tax Provision": 895000000.0,
      "Pretax Income": 4521000000.0,
      "Other Income Expense": 274000000.0,
      "Other Non Operating Income Expenses": 274000000.0,
      "Special Income Charges": 0.0,
      "Impairment Of Capital Assets": 0.0,
      "Net Non Operating Interest Income Expense": -108000000.0,
      "Interest Expense Non Operating": 212000000.0,
      "Interest Income Non Operating": 104000000.0,
      "Operating Income": 4354000000.0,
      "Operating Expense": 5904000000.0,
      "Selling General And Administration": 5904000000.0,
      "Gross Profit": 10258000000.0,
      "Cost Of Revenue": 10631000000.0,
      "Total Revenue": 20889000000.0,
      "Operating Revenue": 20889000000.0
    },
    "2025-03-31T00:00:00": {
      "Tax Effect Of Unusual Items": 0.0,
      "Tax Rate For Calcs": 0.186,
      "Normalized EBITDA": 5568000000.0,
      "Total Unusual Items": 0.0,
      "Total Unusual Items Excluding Goodwill": 0.0,
      "Net Income From Continuing Operation Net Minority Interest": 3769000000.0,
      "Reconciled Depreciation": 690000000.0,
      "Reconciled Cost Of Revenue": 9694000000.0,
      "EBITDA": 5568000000.0,
      "EBIT": 4878000000.0,
      "Net Interest Income": -106000000.0,
      "Interest Expense": 217000000.0,
      "Interest Income": 111000000.0,
      "Normalized Income": 3769000000.0,
      "Net Income From Continuing And Discontinued Operation": 3769000000.0,
      "Total Expenses": 15218000000.0,
      "Total Operating Income As Reported": 4558000000.0,
      "Diluted Average Shares": 2449800000.0,
      "Basic Average Shares": 2385443038.0,
      "Diluted EPS": 1.54,
      "Basic EPS": 1.58,
      "Diluted NI Availto Com Stockholders": 3698000000.0,
      "Net Income Common Stockholders": 3698000000.0,
      "Preferred Stock Dividends": 71000000.0,
      "Net Income": 3769000000.0,
      "Minority Interests": -23000000.0,
      "Net Income Including Noncontrolling Interests": 3793000000.0,
      "Net Income Continuous Operations": 3793000000.0,
      "Tax Provision": 868000000.0,
      "Pretax Income": 4661000000.0,
      "Other Income Expense": 210000000.0,
      "Other Non Operating Income Expenses": 210000000.0,
      "Special Income Charges": 0.0,
      "Impairment Of Capital Assets": 0.0,
      "Net Non Operating Interest Income Expense": -106000000.0,
      "Interest Expense Non Operating": 217000000.0,
      "Interest Income Non Operating": 111000000.0,
      "Operating Income": 4558000000.0,
      "Operating Expense": 5524000000.0,
      "Selling General And Administration": 5524000000.0,
      "Gross Profit": 10082000000.0,
      "Cost Of Revenue": 9694000000.0,
      "Total Revenue": 19776000000.0,
      "Operating Revenue": 19776000000.0
    },
    "2024-12-31T00:00:00": {
      "Tax Effect Of Unusual Items": 0.0,
      "Tax Rate For Calcs": 0.203,
      "Normalized EBITDA": 6791000000.0,
      "Total Unusual Items": 0.0,
      "Total Unusual Items Excluding Goodwill": 0.0,
      "Net Income From Continuing Operation Net Minority Interest": 4630000000.0,
      "Reconciled Depreciation": 706000000.0,
      "Reconciled Cost Of Revenue": 10418000000.0,
      "EBITDA": 6791000000.0,
      "EBIT": 6085000000.0,
      "Net Interest Income": -121000000.0,
      "Interest Expense": 240000000.0,
      "Interest Income": 119000000.0,
      "Normalized Income": 4630000000.0,
      "Net Income From Continuing And Discontinued Operation": 4630000000.0,
      "Total Expenses": 16141000000.0,
      "Total Operating Income As Reported": 5741000000.0,
      "Diluted Average Shares": 2458100000.0,
      "Basic Average Shares": 2386597938.0,
      "Diluted EPS": 1.88,
      "Basic EPS": 1.94,
      "Diluted NI Availto Com Stockholders": 4558000000.0,
      "Net Income Common Stockholders": 4558000000.0,
      "Preferred Stock Dividends": 72000000.0,
      "Net Income": 4630000000.0,
      "Minority Interests": -29000000.0,
      "Net Income Including Noncontrolling Interests": 4659000000.0,
      "Net Income Continuous Operations": 4659000000.0,
      "Tax Provision": 1187000000.0,
      "Pretax Income": 5845000000.0,
      "Other Income Expense": 224000000.0,
      "Other Non Operating Income Expenses": 224000000.0,
      "Special Income Charges": 0.0,
      "Impairment Of Capital Assets": 0.0,
      "Net Non Operating Interest Income Expense": -121000000.0,
      "Interest Expense Non Operating": 240000000.0,
      "Interest Income Non Operating": 119000000.0,
      "Operating Income": 5741000000.0,
      "Operating Expense": 5723000000.0,
      "Selling General And Administration": 5723000000.0,
      "Gross Profit": 11464000000.0,
      "Cost Of Revenue": 10418000000.0,
      "Total Revenue": 21882000000.0,
      "Operating Revenue": 21882000000.0
    },
    "2024-06-30T00:00:00": {
      "Tax Effect Of Unusual Items": null,
      "Tax Rate For Calcs": null,
      "Normalized EBITDA": null,
      "Total Unusual Items": 0.0,
      "Total Unusual Items Excluding Goodwill": 0.0,
      "Net Income From Continuing Operation Net Minority Interest": null,
      "Reconciled Depreciation": null,
      "Reconciled Cost Of Revenue": null,
      "EBITDA": null,
      "EBIT": null,
      "Net Interest Income": null,
      "Interest Expense": null,
      "Interest Income": null,
      "Normalized Income": null,
      "Net Income From Continuing And Discontinued Operation": null,
      "Total Expenses": null,
      "Total Operating Income As Reported": null,
      "Diluted Average Shares": null,
      "Basic Average Shares": null,
      "Diluted EPS": null,
      "Basic EPS": null,
      "Diluted NI Availto Com Stockholders": null,
      "Net Income Common Stockholders": null,
      "Preferred Stock Dividends": null,
      "Net Income": null,
      "Minority Interests": null,
      "Net Income Including Noncontrolling Interests": null,
      "Net Income Continuous Operations": null,
      "Tax Provision": null,
      "Pretax Income": null,
      "Other Income Expense": null,
      "Other Non Operating Income Expenses": null,
      "Special Income Charges": 0.0,
      "Impairment Of Capital Assets": 0.0,
      "Net Non Operating Interest Income Expense": null,
      "Interest Expense Non Operating": null,
      "Interest Income Non Operating": null,
      "Operating Income": null,
      "Operating Expense": null,
      "Selling General And Administration": null,
      "Gross Profit": null,
      "Cost Of Revenue": null,
      "Total Revenue": null,
      "Operating Revenue": null
    }
  },
  "balance_sheet": {
    "2025-06-30T00:00:00": {
      "Treasury Shares Number": 1667300000.0,
      "Ordinary Shares Number": 2341944000.0,
      "Share Issued": 4009244000.0,
      "Net Debt": 24951000000.0,
      "Total Debt": 35463000000.0,
      "Tangible Book Value": -12325000000.0,
      "Invested Capital": 85742000000.0,
      "Working Capital": -10666000000.0,
      "Net Tangible Assets": -11548000000.0,
      "Capital Lease Obligations": 956000000.0,
      "Common Stock Equity": 51235000000.0,
      "Preferred Stock Equity": 777000000.0,
      "Total Capitalization": 77007000000.0,
      "Total Equity Gross Minority Interest": 52284000000.0,
      "Minority Interest": 272000000.0,
      "Stockholders Equity": 52012000000.0,
      "Other Equity Interest": -672000000.0,
      "Gains Losses Not Affecting Retained Earnings": -12143000000.0,
      "Other Equity Adjustments": -12143000000.0,
      "Minimum Pension Liabilities": null,
      "Treasury Stock": 138702000000.0,
      "Retained Earnings": 129973000000.0,
      "Additional Paid In Capital": 68770000000.0,
      "Capital Stock": 4786000000.0,
      "Common Stock": 4009000000.0,
      "Preferred Stock": 777000000.0,
      "Total Liabilities Net Minority Interest": 72947000000.0,
      "Total Non Current Liabilities Net Minority Interest": 36889000000.0,
      "Other Non Current Liabilities": 566000000.0,
      "Derivative Product Liabilities": 435000000.0,
      "Employee Benefits": 3717000000.0,
      "Non Current Pension And Other Postretirement Benefit Plans": 3717000000.0,
      "Tradeand Other Payables Non Current": 701000000.0,
      "Non Current Deferred Liabilities": 5774000000.0,
      "Non Current Deferred Taxes Liabilities": 5774000000.0,
      "Long Term Debt And Capital Lease Obligation": 25696000000.0,
      "Long Term Capital Lease Obligation": 701000000.0,
      "Long Term Debt": 24995000000.0,
      "Current Liabilities": 36058000000.0,
      "Other Current Liabilities": 3547000000.0,
      "Current Debt And Capital Lease Obligation": 9767000000.0,
      "Current Capital Lease Obligation": 255000000.0,
      "Current Debt": 9512000000.0,
      "Other Current Borrowings": 5404000000.0,
      "Commercial Paper": 4108000000.0,
      "Pensionand Other Post Retirement Benefit Plans Current": 2007000000.0,
      "Current Provisions": 189000000.0,
      "Payables And Accrued Expenses": 20548000000.0,
      "Current Accrued Expenses": 4144000000.0,
      "Interest Payable": 293000000.0,
      "Payables": 16404000000.0,
      "Total Tax Payable": 1177000000.0,
      "Accounts Payable": 15227000000.0,
      "Total Assets": 125231000000.0,
      "Total Non Current Assets": 99838000000.0,
      "Other Non Current Assets": 12381000000.0,
      "Goodwill And Other Intangible Assets": 63560000000.0,
      "Other Intangible Assets": 21910000000.0,
      "Goodwill": 41650000000.0,
      "Net PPE": 23897000000.0,
      "Accumulated Depreciation": -30284000000.0,
      "Gross PPE": 54181000000.0,
      "Construction In Progress": 3935000000.0,
      "Other Properties": null,
      "Machinery Furniture Equipment": 40077000000.0,
      "Buildings And Improvements": 9190000000.0,
      "Land And Improvements": 979000000.0,
      "Properties": 0.0,
      "Current Assets": 25392000000.0,
      "Other Current Assets": 2100000000.0,
      "Prepaid Assets": null,
      "Inventory": 7551000000.0,
      "Other Inventories": 1000000.0,
      "Finished Goods": 4516000000.0,
      "Work In Process": 1012000000.0,
      "Raw Materials": 2022000000.0,
      "Receivables": 6185000000.0,
      "Accounts Receivable": 6185000000.0,
      "Cash Cash Equivalents And Short Term Investments": 9556000000.0,
      "Cash And Cash Equivalents": 9556000000.0
    },
    "2024-06-30T00:00:00": {
      "Treasury Shares Number": 1652200000.0,
      "Ordinary Shares Number": 2357050915.0,
      "Share Issued": 4009250915.0,
      "Net Debt": 22978000000.0,
      "Total Debt": 33369000000.0,
      "Tangible Book Value": -12862000000.0,
      "Invested Capital": 81948000000.0,
      "Working Capital": -8918000000.0,
      "Net Tangible Assets": -12064000000.0,
      "Capital Lease Obligations": 909000000.0,
      "Common Stock Equity": 49488000000.0,
      "Preferred Stock Equity": 798000000.0,
      "Total Capitalization": 75555000000.0,
      "Total Equity Gross Minority Interest": 50558000000.0,
      "Minority Interest": 272000000.0,
      "Stockholders Equity": 50286000000.0,
      "Other Equity Interest": -737000000.0,
      "Gains Losses Not Affecting Retained Earnings": -11900000000.0,
      "Other Equity Adjustments": -11900000000.0,
      "Minimum Pension Liabilities": null,
      "Treasury Stock": 133379000000.0,
      "Retained Earnings": 123811000000.0,
      "Additional Paid In Capital": 67684000000.0,
      "Capital Stock": 4807000000.0,
      "Common Stock": 4009000000.0,
      "Preferred Stock": 798000000.0,
      "Total Liabilities Net Minority Interest": 71812000000.0,
      "Total Non Current Liabilities Net Minority Interest": 38185000000.0,
      "Other Non Current Liabilities": 557000000.0,
      "Derivative Product Liabilities": 325000000.0,
      "Employee Benefits": 3537000000.0,
      "Non Current Pension And Other Postretirement Benefit Plans": 3537000000.0,
      "Tradeand Other Payables Non Current": 1315000000.0,
      "Non Current Deferred Liabilities": 6516000000.0,
      "Non Current Deferred Taxes Liabilities": 6516000000.0,
      "Long Term Debt And Capital Lease Obligation": 25935000000.0,
      "Long Term Capital Lease Obligation": 666000000.0,
      "Long Term Debt": 25269000000.0,
      "Current Liabilities": 33627000000.0,
      "Other Current Liabilities": 3006000000.0,
      "Current Debt And Capital Lease Obligation": 7434000000.0,
      "Current Capital Lease Obligation": 243000000.0,
      "Current Debt": 7191000000.0,
      "Other Current Borrowings": 3864000000.0,
      "Commercial Paper": 3327000000.0,
      "Pensionand Other Post Retirement Benefit Plans Current": 2161000000.0,
      "Current Provisions": 166000000.0,
      "Payables And Accrued Expenses": 20860000000.0,
      "Current Accrued Expenses": 4454000000.0,
      "Interest Payable": 282000000.0,
      "Payables": 16406000000.0,
      "Total Tax Payable": 1042000000.0,
      "Accounts Payable": 15364000000.0,
      "Total Assets": 122370000000.0,
      "Total Non Current Assets": 97660000000.0,
      "Other Non Current Assets": 13158000000.0,
      "Goodwill And Other Intangible Assets": 62350000000.0,
      "Other Intangible Assets": 22047000000.0,
      "Goodwill": 40303000000.0,
      "Net PPE": 22152000000.0,
      "Accumulated Depreciation": -27911000000.0,
      "Gross PPE": 50063000000.0,
      "Construction In Progress": 3126000000.0,
      "Other Properties": 1000000.0,
      "Machinery Furniture Equipment": 37507000000.0,
      "Buildings And Improvements": 8534000000.0,
      "Land And Improvements": 895000000.0,
      "Properties": 0.0,
      "Current Assets": 24709000000.0,
      "Other Current Assets": 2093000000.0,
      "Prepaid Assets": null,
      "Inventory": 7016000000.0,
      "Other Inventories": null,
      "Finished Goods": 4470000000.0,
      "Work In Process": 929000000.0,
      "Raw Materials": 1617000000.0,
      "Receivables": 6118000000.0,
      "Accounts Receivable": 6118000000.0,
      "Cash Cash Equivalents And Short Term Investments": 9482000000.0,
      "Cash And Cash Equivalents": 9482000000.0
    },
    "2023-06-30T00:00:00": {
      "Treasury Shares Number": 1647100000.0,
      "Ordinary Shares Number": 2362100000.0,
      "Share Issued": 4009200000.0,
      "Net Debt": 26361000000.0,
      "Total Debt": 35424000000.0,
      "Tangible Book Value": -18484000000.0,
      "Invested Capital": 80565000000.0,
      "Working Capital": -13108000000.0,
      "Net Tangible Assets": -17665000000.0,
      "Capital Lease Obligations": 817000000.0,
      "Common Stock Equity": 45958000000.0,
      "Preferred Stock Equity": 819000000.0,
      "Total Capitalization": 71155000000.0,
      "Total Equity Gross Minority Interest": 47065000000.0,
      "Minority Interest": 288000000.0,
      "Stockholders Equity": 46777000000.0,
      "Other Equity Interest": -821000000.0,
      "Gains Losses Not Affecting Retained Earnings": -12220000000.0,
      "Other Equity Adjustments": -12220000000.0,
      "Minimum Pension Liabilities": -821000000.0,
      "Treasury Stock": 129736000000.0,
      "Retained Earnings": 118170000000.0,
      "Additional Paid In Capital": 66556000000.0,
      "Capital Stock": 4828000000.0,
      "Common Stock": 4009000000.0,
      "Preferred Stock": 819000000.0,
      "Total Liabilities Net Minority Interest": 73764000000.0,
      "Total Non Current Liabilities Net Minority Interest": 38008000000.0,
      "Other Non Current Liabilities": 530000000.0,
      "Derivative Product Liabilities": 445000000.0,
      "Employee Benefits": 3806000000.0,
      "Non Current Pension And Other Postretirement Benefit Plans": 3806000000.0,
      "Tradeand Other Payables Non Current": 1776000000.0,
      "Non Current Deferred Liabilities": 6478000000.0,
      "Non Current Deferred Taxes Liabilities": 6478000000.0,
      "Long Term Debt And Capital Lease Obligation": 24973000000.0,
      "Long Term Capital Lease Obligation": 595000000.0,
      "Long Term Debt": 24378000000.0,
      "Current Liabilities": 35756000000.0,
      "Other Current Liabilities": 3546000000.0,
      "Current Debt And Capital Lease Obligation": 10451000000.0,
      "Current Capital Lease Obligation": 222000000.0,
      "Current Debt": 10229000000.0,
      "Other Current Borrowings": 3993000000.0,
      "Commercial Paper": 6236000000.0,
      "Pensionand Other Post Retirement Benefit Plans Current": 2030000000.0,
      "Current Provisions": 174000000.0,
      "Payables And Accrued Expenses": 19555000000.0,
      "Current Accrued Expenses": 4129000000.0,
      "Interest Payable": 235000000.0,
      "Payables": 15426000000.0,
      "Total Tax Payable": 828000000.0,
      "Accounts Payable": 14598000000.0,
      "Total Assets": 120829000000.0,
      "Total Non Current Assets": 98181000000.0,
      "Other Non Current Assets": 11830000000.0,
      "Goodwill And Other Intangible Assets": 64442000000.0,
      "Other Intangible Assets": 23783000000.0,
      "Goodwill": 40659000000.0,
      "Net PPE": 21909000000.0,
      "Accumulated Depreciation": -26736000000.0,
      "Gross PPE": 48645000000.0,
      "Construction In Progress": 2980000000.0,
      "Other Properties": null,
      "Machinery Furniture Equipment": 36521000000.0,
      "Buildings And Improvements": 8277000000.0,
      "Land And Improvements": 867000000.0,
      "Properties": 0.0,
      "Current Assets": 22648000000.0,
      "Other Current Assets": 1858000000.0,
      "Prepaid Assets": null,
      "Inventory": 7073000000.0,
      "Other Inventories": null,
      "Finished Goods": 4254000000.0,
      "Work In Process": 956000000.0,
      "Raw Materials": 1863000000.0,
      "Receivables": 5471000000.0,
      "Accounts Receivable": 5471000000.0,
      "Cash Cash Equivalents And Short Term Investments": 8246000000.0,
      "Cash And Cash Equivalents": 8246000000.0
    },
    "2022-06-30T00:00:00": {
      "Treasury Shares Number": 1615400000.0,
      "Ordinary Shares Number": 2393800000.0,
      "Share Issued": 4009200000.0,
      "Net Debt": 24279000000.0,
      "Total Debt": 32293000000.0,
      "Tangible Book Value": -17633000000.0,
      "Invested Capital": 77239000000.0,
      "Working Capital": -11428000000.0,
      "Net Tangible Assets": -16790000000.0,
      "Capital Lease Obligations": 800000000.0,
      "Common Stock Equity": 45746000000.0,
      "Preferred Stock Equity": 843000000.0,
      "Total Capitalization": 69437000000.0,
      "Total Equity Gross Minority Interest": 46854000000.0,
      "Minority Interest": 265000000.0,
      "Stockholders Equity": 46589000000.0,
      "Other Equity Interest": -916000000.0,
      "Gains Losses Not Affecting Retained Earnings": -12189000000.0,
      "Other Equity Adjustments": -12189000000.0,
      "Minimum Pension Liabilities": -916000000.0,
      "Treasury Stock": 123382000000.0,
      "Retained Earnings": 112429000000.0,
      "Additional Paid In Capital": 65795000000.0,
      "Capital Stock": 4852000000.0,
      "Common Stock": 4009000000.0,
      "Preferred Stock": 843000000.0,
      "Total Liabilities Net Minority Interest": 70354000000.0,
      "Total Non Current Liabilities Net Minority Interest": 37273000000.0,
      "Other Non Current Liabilities": 490000000.0,
      "Derivative Product Liabilities": 307000000.0,
      "Employee Benefits": 3811000000.0,
      "Non Current Pension And Other Postretirement Benefit Plans": 3811000000.0,
      "Tradeand Other Payables Non Current": 2413000000.0,
      "Non Current Deferred Liabilities": 6809000000.0,
      "Non Current Deferred Taxes Liabilities": 6809000000.0,
      "Long Term Debt And Capital Lease Obligation": 23443000000.0,
      "Long Term Capital Lease Obligation": 595000000.0,
      "Long Term Debt": 22848000000.0,
      "Current Liabilities": 33081000000.0,
      "Other Current Liabilities": 2940000000.0,
      "Current Debt And Capital Lease Obligation": 8850000000.0,
      "Current Capital Lease Obligation": 205000000.0,
      "Current Debt": 8645000000.0,
      "Other Current Borrowings": 3840000000.0,
      "Commercial Paper": 4805000000.0,
      "Pensionand Other Post Retirement Benefit Plans Current": 1797000000.0,
      "Current Provisions": 147000000.0,
      "Payables And Accrued Expenses": 19347000000.0,
      "Current Accrued Expenses": 3878000000.0,
      "Interest Payable": null,
      "Payables": 15469000000.0,
      "Total Tax Payable": 587000000.0,
      "Accounts Payable": 14882000000.0,
      "Total Assets": 117208000000.0,
      "Total Non Current Assets": 95555000000.0,
      "Other Non Current Assets": 10981000000.0,
      "Goodwill And Other Intangible Assets": 63379000000.0,
      "Other Intangible Assets": 23679000000.0,
      "Goodwill": 39700000000.0,
      "Net PPE": 21195000000.0,
      "Accumulated Depreciation": -25502000000.0,
      "Gross PPE": 46697000000.0,
      "Construction In Progress": 2756000000.0,
      "Other Properties": null,
      "Machinery Furniture Equipment": 35098000000.0,
      "Buildings And Improvements": 8087000000.0,
      "Land And Improvements": 756000000.0,
      "Properties": 0.0,
      "Current Assets": 21653000000.0,
      "Other Current Assets": 2372000000.0,
      "Prepaid Assets": 2372000000.0,
      "Inventory": 6924000000.0,
      "Other Inventories": null,
      "Finished Goods": 3900000000.0,
      "Work In Process": 856000000.0,
      "Raw Materials": 2168000000.0,
      "Receivables": 5143000000.0,
      "Accounts Receivable": 5143000000.0,
      "Cash Cash Equivalents And Short Term Investments": 7214000000.0,
      "Cash And Cash Equivalents": 7214000000.0
    },
    "2021-06-30T00:00:00": {
      "Treasury Shares Number": null,
      "Ordinary Shares Number": null,
      "Share Issued": null,
      "Net Debt": null,
      "Total Debt": null,
      "Tangible Book Value": null,
      "Invested Capital": null,
      "Working Capital": null,
      "Net Tangible Assets": null,
      "Capital Lease Obligations": null,
      "Common Stock Equity": null,
      "Preferred Stock Equity": null,
      "Total Capitalization": null,
      "Total Equity Gross Minority Interest": null,
      "Minority Interest": null,
      "Stockholders Equity": null,
      "Other Equity Interest": null,
      "Gains Losses Not Affecting Retained Earnings": null,
      "Other Equity Adjustments": null,
      "Minimum Pension Liabilities": -1006000000.0,
      "Treasury Stock": null,
      "Retained Earnings": null,
      "Additional Paid In Capital": null,
      "Capital Stock": null,
      "Common Stock": null,
      "Preferred Stock": null,
      "Total Liabilities Net Minority Interest": null,
      "Total Non Current Liabilities Net Minority Interest": null,
      "Other Non Current Liabilities": null,
      "Derivative Product Liabilities": null,
      "Employee Benefits": null,
      "Non Current Pension And Other Postretirement Benefit Plans": null,
      "Tradeand Other Payables Non Current": null,
      "Non Current Deferred Liabilities": null,
      "Non Current Deferred Taxes Liabilities": null,
      "Long Term Debt And Capital Lease Obligation": null,
      "Long Term Capital Lease Obligation": null,
      "Long Term Debt": null,
      "Current Liabilities": null,
      "Other Current Liabilities": null,
      "Current Debt And Capital Lease Obligation": null,
      "Current Capital Lease Obligation": null,
      "Current Debt": null,
      "Other Current Borrowings": null,
      "Commercial Paper": null,
      "Pensionand Other Post Retirement Benefit Plans Current": null,
      "Current Provisions": null,
      "Payables And Accrued Expenses": null,
      "Current Accrued Expenses": null,
      "Interest Payable": null,
      "Payables": null,
      "Total Tax Payable": null,
      "Accounts Payable": null,
      "Total Assets": null,
      "Total Non Current Assets": null,
      "Other Non Current Assets": null,
      "Goodwill And Other Intangible Assets": null,
      "Other Intangible Assets": null,
      "Goodwill": null,
      "Net PPE": null,
      "Accumulated Depreciation": null,
      "Gross PPE": null,
      "Construction In Progress": null,
      "Other Properties": null,
      "Machinery Furniture Equipment": null,
      "Buildings And Improvements": null,
      "Land And Improvements": null,
      "Properties": null,
      "Current Assets": null,
      "Other Current Assets": null,
      "Prepaid Assets": 2095000000.0,
      "Inventory": null,
      "Other Inventories": null,
      "Finished Goods": null,
      "Work In Process": null,
      "Raw Materials": null,
      "Receivables": null,
      "Accounts Receivable": null,
      "Cash Cash Equivalents And Short Term Investments": null,
      "Cash And Cash Equivalents": null
    }
  },
  "cashflow": {
    "2025-06-30T00:00:00": {
      "Free Cash Flow": 14044000000.0,
      "Repurchase Of Capital Stock": -6500000000.0,
      "Repayment Of Debt": -9627000000.0,
      "Issuance Of Debt": 10257000000.0,
      "Capital Expenditure": -3773000000.0,
      "Interest Paid Supplemental Data": 896000000.0,
      "Income Tax Paid Supplemental Data": 4554000000.0,
      "End Cash Position": 9556000000.0,
      "Beginning Cash Position": 9482000000.0,
      "Effect Of Exchange Rate Changes": 112000000.0,
      "Changes In Cash": -38000000.0,
      "Financing Cash Flow": -14036000000.0,
      "Cash Flow From Continuing Financing Activities": -14035000000.0,
      "Net Other Financing Charges": -1000000.0,
      "Proceeds From Stock Option Exercised": 1707000000.0,
      "Cash Dividends Paid": -9872000000.0,
      "Net Common Stock Issuance": -6500000000.0,
      "Common Stock Payments": -6500000000.0,
      "Net Issuance Payments Of Debt": 630000000.0,
      "Net Short Term Debt Issuance": 370000000.0,
      "Short Term Debt Payments": -7650000000.0,
      "Short Term Debt Issuance": 8020000000.0,
      "Net Long Term Debt Issuance": 260000000.0,
      "Long Term Debt Payments": -1977000000.0,
      "Long Term Debt Issuance": 2237000000.0,
      "Investing Cash Flow": -3818000000.0,
      "Cash Flow From Continuing Investing Activities": -3818000000.0,
      "Net Other Investing Changes": -34000000.0,
      "Net Investment Purchase And Sale": null,
      "Sale Of Investment": null,
      "Purchase Of Investment": null,
      "Net Business Purchase And Sale": -11000000.0,
      "Purchase Of Business": -11000000.0,
      "Capital Expenditure Reported": -3773000000.0,
      "Operating Cash Flow": 17817000000.0,
      "Cash Flow From Continuing Operating Activities": 17818000000.0,
      "Change In Working Capital": -821000000.0,
      "Change In Other Working Capital": null,
      "Change In Payables And Accrued Expense": -542000000.0,
      "Change In Payable": -542000000.0,
      "Change In Account Payable": -542000000.0,
      "Change In Inventory": -324000000.0,
      "Change In Receivables": 45000000.0,
      "Changes In Account Receivables": 45000000.0,
      "Other Non Cash Items": -1654000000.0,
      "Stock Based Compensation": 476000000.0,
      "Asset Impairment Charge": 0.0,
      "Deferred Tax": 149000000.0,
      "Deferred Income Tax": 149000000.0,
      "Depreciation Amortization Depletion": 2847000000.0,
      "Depreciation And Amortization": 2847000000.0,
      "Operating Gains Losses": 755000000.0,
      "Net Income From Continuing Operations": 16065000000.0
    },
    "2024-06-30T00:00:00": {
      "Free Cash Flow": 16524000000.0,
      "Repurchase Of Capital Stock": -5006000000.0,
      "Repayment Of Debt": -10024000000.0,
      "Issuance Of Debt": 7582000000.0,
      "Capital Expenditure": -3322000000.0,
      "Interest Paid Supplemental Data": 878000000.0,
      "Income Tax Paid Supplemental Data": 4363000000.0,
      "End Cash Position": 9482000000.0,
      "Beginning Cash Position": 8246000000.0,
      "Effect Of Exchange Rate Changes": -251000000.0,
      "Changes In Cash": 1487000000.0,
      "Financing Cash Flow": -14855000000.0,
      "Cash Flow From Continuing Financing Activities": -14855000000.0,
      "Net Other Financing Charges": null,
      "Proceeds From Stock Option Exercised": 1905000000.0,
      "Cash Dividends Paid": -9312000000.0,
      "Net Common Stock Issuance": -5006000000.0,
      "Common Stock Payments": -5006000000.0,
      "Net Issuance Payments Of Debt": -2442000000.0,
      "Net Short Term Debt Issuance": -3304000000.0,
      "Short Term Debt Payments": -7689000000.0,
      "Short Term Debt Issuance": 4385000000.0,
      "Net Long Term Debt Issuance": 862000000.0,
      "Long Term Debt Payments": -2335000000.0,
      "Long Term Debt Issuance": 3197000000.0,
      "Investing Cash Flow": -3504000000.0,
      "Cash Flow From Continuing Investing Activities": -3504000000.0,
      "Net Other Investing Changes": -161000000.0,
      "Net Investment Purchase And Sale": null,
      "Sale Of Investment": null,
      "Purchase Of Investment": null,
      "Net Business Purchase And Sale": -21000000.0,
      "Purchase Of Business": -21000000.0,
      "Capital Expenditure Reported": -3322000000.0,
      "Operating Cash Flow": 19846000000.0,
      "Cash Flow From Continuing Operating Activities": 19847000000.0,
      "Change In Working Capital": 42000000.0,
      "Change In Other Working Capital": -1414000000.0,
      "Change In Payables And Accrued Expense": 878000000.0,
      "Change In Payable": 878000000.0,
      "Change In Account Payable": 878000000.0,
      "Change In Inventory": -70000000.0,
      "Change In Receivables": -766000000.0,
      "Changes In Account Receivables": -766000000.0,
      "Other Non Cash Items": 490000000.0,
      "Stock Based Compensation": 562000000.0,
      "Asset Impairment Charge": 1341000000.0,
      "Deferred Tax": -244000000.0,
      "Deferred Income Tax": -244000000.0,
      "Depreciation Amortization Depletion": 2896000000.0,
      "Depreciation And Amortization": 2896000000.0,
      "Operating Gains Losses": -215000000.0,
      "Net Income From Continuing Operations": 14974000000.0
    },
    "2023-06-30T00:00:00": {
      "Free Cash Flow": 13786000000.0,
      "Repurchase Of Capital Stock": -7353000000.0,
      "Repayment Of Debt": -18228000000.0,
      "Issuance Of Debt": 21165000000.0,
      "Capital Expenditure": -3062000000.0,
      "Interest Paid Supplemental Data": 721000000.0,
      "Income Tax Paid Supplemental Data": 4278000000.0,
      "End Cash Position": 8246000000.0,
      "Beginning Cash Position": 7214000000.0,
      "Effect Of Exchange Rate Changes": -170000000.0,
      "Changes In Cash": 1202000000.0,
      "Financing Cash Flow": -12146000000.0,
      "Cash Flow From Continuing Financing Activities": -12146000000.0,
      "Net Other Financing Charges": null,
      "Proceeds From Stock Option Exercised": 1269000000.0,
      "Cash Dividends Paid": -8999000000.0,
      "Net Common Stock Issuance": -7353000000.0,
      "Common Stock Payments": -7353000000.0,
      "Net Issuance Payments Of Debt": 2937000000.0,
      "Net Short Term Debt Issuance": 818000000.0,
      "Short Term Debt Payments": -16350000000.0,
      "Short Term Debt Issuance": 17168000000.0,
      "Net Long Term Debt Issuance": 2119000000.0,
      "Long Term Debt Payments": -1878000000.0,
      "Long Term Debt Issuance": 3997000000.0,
      "Investing Cash Flow": -3500000000.0,
      "Cash Flow From Continuing Investing Activities": -3500000000.0,
      "Net Other Investing Changes": 327000000.0,
      "Net Investment Purchase And Sale": null,
      "Sale Of Investment": null,
      "Purchase Of Investment": null,
      "Net Business Purchase And Sale": -765000000.0,
      "Purchase Of Business": -765000000.0,
      "Capital Expenditure Reported": -3062000000.0,
      "Operating Cash Flow": 16848000000.0,
      "Cash Flow From Continuing Operating Activities": 16848000000.0,
      "Change In Working Capital": -873000000.0,
      "Change In Other Working Capital": -1107000000.0,
      "Change In Payables And Accrued Expense": -447000000.0,
      "Change In Payable": -447000000.0,
      "Change In Account Payable": -447000000.0,
      "Change In Inventory": -119000000.0,
      "Change In Receivables": -307000000.0,
      "Changes In Account Receivables": -307000000.0,
      "Other Non Cash Items": 217000000.0,
      "Stock Based Compensation": 545000000.0,
      "Asset Impairment Charge": 0.0,
      "Deferred Tax": -453000000.0,
      "Deferred Income Tax": -453000000.0,
      "Depreciation Amortization Depletion": 2714000000.0,
      "Depreciation And Amortization": 2714000000.0,
      "Operating Gains Losses": -40000000.0,
      "Net Income From Continuing Operations": 14738000000.0
    },
    "2022-06-30T00:00:00": {
      "Free Cash Flow": 13567000000.0,
      "Repurchase Of Capital Stock": -10003000000.0,
      "Repayment Of Debt": -13821000000.0,
      "Issuance Of Debt": 15713000000.0,
      "Capital Expenditure": -3156000000.0,
      "Interest Paid Supplemental Data": 451000000.0,
      "Income Tax Paid Supplemental Data": 3818000000.0,
      "End Cash Position": 7214000000.0,
      "Beginning Cash Position": 10288000000.0,
      "Effect Of Exchange Rate Changes": -497000000.0,
      "Changes In Cash": -2577000000.0,
      "Financing Cash Flow": -14876000000.0,
      "Cash Flow From Continuing Financing Activities": -14876000000.0,
      "Net Other Financing Charges": null,
      "Proceeds From Stock Option Exercised": 2005000000.0,
      "Cash Dividends Paid": -8770000000.0,
      "Net Common Stock Issuance": -10003000000.0,
      "Common Stock Payments": -10003000000.0,
      "Net Issuance Payments Of Debt": 1892000000.0,
      "Net Short Term Debt Issuance": -150000000.0,
      "Short Term Debt Payments": -11478000000.0,
      "Short Term Debt Issuance": 11328000000.0,
      "Net Long Term Debt Issuance": 2042000000.0,
      "Long Term Debt Payments": -2343000000.0,
      "Long Term Debt Issuance": 4385000000.0,
      "Investing Cash Flow": -4424000000.0,
      "Cash Flow From Continuing Investing Activities": -4424000000.0,
      "Net Other Investing Changes": 113000000.0,
      "Net Investment Purchase And Sale": 3000000.0,
      "Sale Of Investment": 3000000.0,
      "Purchase Of Investment": 0.0,
      "Net Business Purchase And Sale": -1381000000.0,
      "Purchase Of Business": -1381000000.0,
      "Capital Expenditure Reported": -3156000000.0,
      "Operating Cash Flow": 16723000000.0,
      "Cash Flow From Continuing Operating Activities": 16723000000.0,
      "Change In Working Capital": -1147000000.0,
      "Change In Other Working Capital": -635000000.0,
      "Change In Payables And Accrued Expense": 1429000000.0,
      "Change In Payable": 1429000000.0,
      "Change In Account Payable": 1429000000.0,
      "Change In Inventory": -1247000000.0,
      "Change In Receivables": -694000000.0,
      "Changes In Account Receivables": -694000000.0,
      "Other Non Cash Items": 229000000.0,
      "Stock Based Compensation": 528000000.0,
      "Asset Impairment Charge": 0.0,
      "Deferred Tax": -402000000.0,
      "Deferred Income Tax": -402000000.0,
      "Depreciation Amortization Depletion": 2807000000.0,
      "Depreciation And Amortization": 2807000000.0,
      "Operating Gains Losses": -85000000.0,
      "Net Income From Continuing Operations": 14793000000.0
    },
    "2021-06-30T00:00:00": {
      "Free Cash Flow": null,
      "Repurchase Of Capital Stock": null,
      "Repayment Of Debt": null,
      "Issuance Of Debt": null,
      "Capital Expenditure": null,
      "Interest Paid Supplemental Data": null,
      "Income Tax Paid Supplemental Data": null,
      "End Cash Position": null,
      "Beginning Cash Position": null,
      "Effect Of Exchange Rate Changes": null,
      "Changes In Cash": null,
      "Financing Cash Flow": null,
      "Cash Flow From Continuing Financing Activities": null,
      "Net Other Financing Charges": null,
      "Proceeds From Stock Option Exercised": null,
      "Cash Dividends Paid": null,
      "Net Common Stock Issuance": null,
      "Common Stock Payments": null,
      "Net Issuance Payments Of Debt": null,
      "Net Short Term Debt Issuance": null,
      "Short Term Debt Payments": null,
      "Short Term Debt Issuance": null,
      "Net Long Term Debt Issuance": null,
      "Long Term Debt Payments": null,
      "Long Term Debt Issuance": null,
      "Investing Cash Flow": null,
      "Cash Flow From Continuing Investing Activities": null,
      "Net Other Investing Changes": null,
      "Net Investment Purchase And Sale": -55000000.0,
      "Sale Of Investment": 0.0,
      "Purchase Of Investment": -55000000.0,
      "Net Business Purchase And Sale": null,
      "Purchase Of Business": null,
      "Capital Expenditure Reported": null,
      "Operating Cash Flow": null,
      "Cash Flow From Continuing Operating Activities": null,
      "Change In Working Capital": null,
      "Change In Other Working Capital": -369000000.0,
      "Change In Payables And Accrued Expense": null,
      "Change In Payable": null,
      "Change In Account Payable": null,
      "Change In Inventory": null,
      "Change In Receivables": null,
      "Changes In Account Receivables": null,
      "Other Non Cash Items": null,
      "Stock Based Compensation": null,
      "Asset Impairment Charge": null,
      "Deferred Tax": null,
      "Deferred Income Tax": null,
      "Depreciation Amortization Depletion": null,
      "Depreciation And Amortization": null,
      "Operating Gains Losses": null,
      "Net Income From Continuing Operations": null
    }
  },
  "earnings_estimate": {
    "avg": {
      "0q": 1.56808,
      "+1q": 1.52921,
      "0y": 6.96732,
      "+1y": 7.33068
    },
    "low": {
      "0q": 1.55,
      "+1q": 1.49,
      "0y": 6.9,
      "+1y": 7.25
    },
    "high": {
      "0q": 1.58493,
      "+1q": 1.57,
      "0y": 7.00718,
      "+1y": 7.55
    },
    "yearAgoEps": {
      "0q": 1.54,
      "+1q": 1.48,
      "0y": 6.83,
      "+1y": 6.96732
    },
    "numberOfAnalysts": {
      "0q": 17,
      "+1q": 17,
      "0y": 21,
      "+1y": 21
    },
    "growth": {
      "0q": 0.0182,
      "+1q": 0.0332,
      "0y": 0.0201,
      "+1y": 0.052199997
    }
  },
  "revenue_estimate": {
    "avg": {
      "0q": 20571092840,
      "+1q": 21525984450,
      "0y": 86667192520,
      "+1y": 89055857780
    },
    "low": {
      "0q": 20270120000,
      "+1q": 21297000000,
      "0y": 86366667500,
      "+1y": 88039903120
    },
    "high": {
      "0q": 20844955690,
      "+1q": 21769000000,
      "0y": 87022623930,
      "+1y": 90311200000
    },
    "numberOfAnalysts": {
      "0q": 14,
      "+1q": 14,
      "0y": 21,
      "+1y": 21
    },
    "yearAgoRevenue": {
      "0q": 19776000000,
      "+1q": 20889000000,
      "0y": 84284000000,
      "+1y": 86667192520
    },
    "growth": {
      "0q": 0.0402,
      "+1q": 0.0305,
      "0y": 0.028299998,
      "+1y": 0.0276
    }
  },
  "growth_estimates": {
    "stockTrend": {
      "0q": 0.0182,
      "+1q": 0.0332,
      "0y": 0.0201,
      "+1y": 0.052199997,
      "LTG": null
    },
    "indexTrend": {
      "0q": 0.1273,
      "+1q": 0.103599995,
      "0y": 0.14310001,
      "+1y": 0.1557,
      "LTG": 0.122
    }
  },
  "revenue_forecasts": null,
  "dividend_rate": 4.23,
  "trailing_dividend_rate": 4.177
}