{
  "ticker": "PRY.MI",
  "name": "Prysmian",
  "country": "italy",
  "currency": "EUR",
  "last_fetched": "2026-02-26T20:48:50.451307",
  "market_cap": 28721156096,
  "revenue": 19492999168,
  "net_income": 1158000000,
  "pe_ratio": 24.42683,
  "forward_pe": 21.340885,
  "dividend_yield": 0.8,
  "profit_margin": 0.06033,
  "roe": 0.21426001,
  "debt_to_equity": 79.534,
  "beta": 0.853,
  "ev_to_ebitda": 16.346,
  "sector": "Industrials",
  "industry": "Electrical Equipment & Parts",
  "summary": "Prysmian S.p.A., together with its subsidiaries, produces, distributes, and sells power and telecom cables and systems, and related accessories under the Prysmian, Draka, and General Cable brands worldwide. It operates through four segments: Transmission, Power Grid, Electrification, and Digital Solutions. The company offers high voltage direct current (HVDC), network component high voltage, submarine power, submarine telecom, offshore specialties, and EOSS high voltage units. It also offers power distribution, overhead lines, high voltage alternate current (HVAC), network component medium voltage/low voltage, EOSS medium voltage/low voltage units. In addition, it offers electrification products; and fiber optics, optical cables, connectivity components and accessories, optical ground wire cables, and copper cables. Further, it manufactures thermoplastic enclosures and fiber management products and solutions. Prysmian S.p.A. was founded in 1879 and is headquartered in Milan, Italy.",
  "website": "https://www.prysmian.com",
  "employees": 33952,
  "target_high": 112.0,
  "target_low": 42.0,
  "target_mean": 94.55263,
  "target_median": 100.0,
  "recommendation": "buy",
  "num_analysts": 19,
  "income_stmt": {
    "2024-12-31T00:00:00": {
      "Tax Effect Of Unusual Items": -9520000.0,
      "Tax Rate For Calcs": 0.238,
      "Normalized EBITDA": 1700000000.0,
      "Total Unusual Items": -40000000.0,
      "Total Unusual Items Excluding Goodwill": -40000000.0,
      "Net Income From Continuing Operation Net Minority Interest": 729000000.0,
      "Reconciled Depreciation": 465000000.0,
      "Reconciled Cost Of Revenue": 10740000000.0,
      "EBITDA": 1660000000.0,
      "EBIT": 1195000000.0,
      "Net Interest Income": -207000000.0,
      "Interest Expense": 214000000.0,
      "Interest Income": 44000000.0,
      "Normalized Income": 759480000.0,
      "Net Income From Continuing And Discontinued Operation": 729000000.0,
      "Total Expenses": 15871000000.0,
      "Rent Expense Supplemental": 72000000.0,
      "Total Operating Income As Reported": 1206000000.0,
      "Diluted Average Shares": 290647000.0,
      "Basic Average Shares": 281540000.0,
      "Diluted EPS": 2.52,
      "Basic EPS": 2.59,
      "Diluted NI Availto Com Stockholders": 729000000.0,
      "Net Income Common Stockholders": 729000000.0,
      "Otherunder Preferred Stock Dividend": 0.0,
      "Net Income": 729000000.0,
      "Minority Interests": -19000000.0,
      "Net Income Including Noncontrolling Interests": 748000000.0,
      "Net Income Continuous Operations": 748000000.0,
      "Tax Provision": 233000000.0,
      "Pretax Income": 981000000.0,
      "Other Non Operating Income Expenses": 71000000.0,
      "Special Income Charges": -81000000.0,
      "Other Special Charges": -45000000.0,
      "Write Off": 0.0,
      "Impairment Of Capital Assets": 44000000.0,
      "Restructuring And Mergern Acquisition": 82000000.0,
      "Net Non Operating Interest Income Expense": -207000000.0,
      "Total Other Finance Cost": 37000000.0,
      "Interest Expense Non Operating": 214000000.0,
      "Interest Income Non Operating": 44000000.0,
      "Operating Income": 1155000000.0,
      "Operating Expense": 5131000000.0,
      "Other Operating Expenses": 2340000000.0,
      "Depreciation And Amortization In Income Statement": 465000000.0,
      "Amortization": 102000000.0,
      "Depreciation Income Statement": 363000000.0,
      "Selling General And Administration": 346000000.0,
      "Selling And Marketing Expense": 96000000.0,
      "General And Administrative Expense": 250000000.0,
      "Rent And Landing Fees": 72000000.0,
      "Gross Profit": 6286000000.0,
      "Cost Of Revenue": 10740000000.0,
      "Total Revenue": 17026000000.0,
      "Operating Revenue": 17026000000.0
    },
    "2023-12-31T00:00:00": {
      "Tax Effect Of Unusual Items": -57368000.0,
      "Tax Rate For Calcs": 0.284,
      "Normalized EBITDA": 1664000000.0,
      "Total Unusual Items": -202000000.0,
      "Total Unusual Items Excluding Goodwill": -202000000.0,
      "Net Income From Continuing Operation Net Minority Interest": 529000000.0,
      "Reconciled Depreciation": 574000000.0,
      "Reconciled Cost Of Revenue": 9653000000.0,
      "EBITDA": 1462000000.0,
      "EBIT": 888000000.0,
      "Net Interest Income": -111000000.0,
      "Interest Expense": 124000000.0,
      "Interest Income": 36000000.0,
      "Normalized Income": 673632000.0,
      "Net Income From Continuing And Discontinued Operation": 529000000.0,
      "Total Expenses": 14350000000.0,
      "Rent Expense Supplemental": 68000000.0,
      "Total Operating Income As Reported": 860000000.0,
      "Diluted Average Shares": 287500000.0,
      "Basic Average Shares": 272680412.0,
      "Diluted EPS": 1.84,
      "Basic EPS": 1.94,
      "Diluted NI Availto Com Stockholders": 529000000.0,
      "Net Income Common Stockholders": 529000000.0,
      "Otherunder Preferred Stock Dividend": 0.0,
      "Net Income": 529000000.0,
      "Minority Interests": -18000000.0,
      "Net Income Including Noncontrolling Interests": 547000000.0,
      "Net Income Continuous Operations": 547000000.0,
      "Tax Provision": 217000000.0,
      "Pretax Income": 764000000.0,
      "Other Non Operating Income Expenses": 52000000.0,
      "Special Income Charges": -234000000.0,
      "Other Special Charges": -18000000.0,
      "Write Off": 168000000.0,
      "Impairment Of Capital Assets": 46000000.0,
      "Restructuring And Mergern Acquisition": 38000000.0,
      "Net Non Operating Interest Income Expense": -111000000.0,
      "Total Other Finance Cost": 23000000.0,
      "Interest Expense Non Operating": 124000000.0,
      "Interest Income Non Operating": 36000000.0,
      "Operating Income": 1004000000.0,
      "Operating Expense": 4697000000.0,
      "Other Operating Expenses": 2251000000.0,
      "Depreciation And Amortization In Income Statement": 360000000.0,
      "Amortization": 78000000.0,
      "Depreciation Income Statement": 282000000.0,
      "Selling General And Administration": 251000000.0,
      "Selling And Marketing Expense": 42000000.0,
      "General And Administrative Expense": 209000000.0,
      "Rent And Landing Fees": 68000000.0,
      "Gross Profit": 5701000000.0,
      "Cost Of Revenue": 9653000000.0,
      "Total Revenue": 15354000000.0,
      "Operating Revenue": 15354000000.0
    },
    "2022-12-31T00:00:00": {
      "Tax Effect Of Unusual Items": -18971000.0,
      "Tax Rate For Calcs": 0.311,
      "Normalized EBITDA": 1249000000.0,
      "Total Unusual Items": -61000000.0,
      "Total Unusual Items Excluding Goodwill": -61000000.0,
      "Net Income From Continuing Operation Net Minority Interest": 504000000.0,
      "Reconciled Depreciation": 403000000.0,
      "Reconciled Cost Of Revenue": 10618000000.0,
      "EBITDA": 1188000000.0,
      "EBIT": 785000000.0,
      "Net Interest Income": -79000000.0,
      "Interest Expense": 46000000.0,
      "Interest Income": 13000000.0,
      "Normalized Income": 546029000.0,
      "Net Income From Continuing And Discontinued Operation": 504000000.0,
      "Total Expenses": 15255000000.0,
      "Rent Expense Supplemental": 73000000.0,
      "Total Operating Income As Reported": 849000000.0,
      "Diluted Average Shares": 265558000.0,
      "Basic Average Shares": 263497000.0,
      "Diluted EPS": 1.9,
      "Basic EPS": 1.91,
      "Diluted NI Availto Com Stockholders": 504000000.0,
      "Net Income Common Stockholders": 504000000.0,
      "Otherunder Preferred Stock Dividend": 0.0,
      "Net Income": 504000000.0,
      "Minority Interests": -5000000.0,
      "Net Income Including Noncontrolling Interests": 509000000.0,
      "Net Income Continuous Operations": 509000000.0,
      "Tax Provision": 230000000.0,
      "Pretax Income": 739000000.0,
      "Other Non Operating Income Expenses": 49000000.0,
      "Special Income Charges": -32000000.0,
      "Other Special Charges": -14000000.0,
      "Write Off": 0.0,
      "Impairment Of Capital Assets": 34000000.0,
      "Restructuring And Mergern Acquisition": 12000000.0,
      "Net Non Operating Interest Income Expense": -79000000.0,
      "Total Other Finance Cost": 46000000.0,
      "Interest Expense Non Operating": 46000000.0,
      "Interest Income Non Operating": 13000000.0,
      "Operating Income": 812000000.0,
      "Operating Expense": 4637000000.0,
      "Other Operating Expenses": 2135000000.0,
      "Depreciation And Amortization In Income Statement": 369000000.0,
      "Amortization": 78000000.0,
      "Depreciation Income Statement": 291000000.0,
      "Selling General And Administration": 307000000.0,
      "Selling And Marketing Expense": 129000000.0,
      "General And Administrative Expense": 178000000.0,
      "Rent And Landing Fees": 73000000.0,
      "Gross Profit": 5449000000.0,
      "Cost Of Revenue": 10618000000.0,
      "Total Revenue": 16067000000.0,
      "Operating Revenue": 16067000000.0
    },
    "2021-12-31T00:00:00": {
      "Tax Effect Of Unusual Items": 10819000.0,
      "Tax Rate For Calcs": 0.349,
      "Normalized EBITDA": 837000000.0,
      "Total Unusual Items": 31000000.0,
      "Total Unusual Items Excluding Goodwill": 31000000.0,
      "Net Income From Continuing Operation Net Minority Interest": 308000000.0,
      "Reconciled Depreciation": 335000000.0,
      "Reconciled Cost Of Revenue": 8677000000.0,
      "EBITDA": 868000000.0,
      "EBIT": 533000000.0,
      "Net Interest Income": -91000000.0,
      "Interest Expense": 57000000.0,
      "Interest Income": 6000000.0,
      "Normalized Income": 287819000.0,
      "Net Income From Continuing And Discontinued Operation": 308000000.0,
      "Total Expenses": 12301000000.0,
      "Rent Expense Supplemental": 46000000.0,
      "Total Operating Income As Reported": 572000000.0,
      "Diluted Average Shares": 264018000.0,
      "Basic Average Shares": 263408000.0,
      "Diluted EPS": 1.17,
      "Basic EPS": 1.17,
      "Diluted NI Availto Com Stockholders": 308000000.0,
      "Net Income Common Stockholders": 308000000.0,
      "Otherunder Preferred Stock Dividend": 0.0,
      "Net Income": 308000000.0,
      "Minority Interests": -2000000.0,
      "Net Income Including Noncontrolling Interests": 310000000.0,
      "Net Income Continuous Operations": 310000000.0,
      "Tax Provision": 166000000.0,
      "Pretax Income": 476000000.0,
      "Other Non Operating Income Expenses": 107000000.0,
      "Special Income Charges": 1000000.0,
      "Other Special Charges": -28000000.0,
      "Write Off": null,
      "Impairment Of Capital Assets": 6000000.0,
      "Restructuring And Mergern Acquisition": 21000000.0,
      "Net Non Operating Interest Income Expense": -91000000.0,
      "Total Other Finance Cost": 40000000.0,
      "Interest Expense Non Operating": 57000000.0,
      "Interest Income Non Operating": 6000000.0,
      "Operating Income": 435000000.0,
      "Operating Expense": 3624000000.0,
      "Other Operating Expenses": 1522000000.0,
      "Depreciation And Amortization In Income Statement": 329000000.0,
      "Amortization": 68000000.0,
      "Depreciation Income Statement": 261000000.0,
      "Selling General And Administration": 254000000.0,
      "Selling And Marketing Expense": 91000000.0,
      "General And Administrative Expense": 163000000.0,
      "Rent And Landing Fees": 46000000.0,
      "Gross Profit": 4059000000.0,
      "Cost Of Revenue": 8677000000.0,
      "Total Revenue": 12736000000.0,
      "Operating Revenue": 12736000000.0
    }
  },
  "quarterly_income": {
    "2025-06-30T00:00:00": {
      "Tax Effect Of Unusual Items": -1886010.362694,
      "Tax Rate For Calcs": 0.26943,
      "Normalized EBITDA": 595000000.0,
      "Total Unusual Items": -7000000.0,
      "Total Unusual Items Excluding Goodwill": -7000000.0,
      "Net Income From Continuing Operation Net Minority Interest": 276000000.0,
      "Reconciled Depreciation": 145000000.0,
      "Reconciled Cost Of Revenue": 3066000000.0,
      "EBITDA": 588000000.0,
      "EBIT": 443000000.0,
      "Net Interest Income": -62000000.0,
      "Interest Expense": 57000000.0,
      "Interest Income": 6000000.0,
      "Normalized Income": 281113989.637306,
      "Net Income From Continuing And Discontinued Operation": 276000000.0,
      "Total Expenses": 4488000000.0,
      "Total Operating Income As Reported": 458000000.0,
      "Diluted Average Shares": null,
      "Basic Average Shares": null,
      "Diluted EPS": null,
      "Basic EPS": null,
      "Diluted NI Availto Com Stockholders": 272000000.0,
      "Net Income Common Stockholders": 272000000.0,
      "Otherunder Preferred Stock Dividend": 4000000.0,
      "Net Income": 276000000.0,
      "Minority Interests": -6000000.0,
      "Net Income Including Noncontrolling Interests": 282000000.0,
      "Net Income Continuous Operations": 282000000.0,
      "Tax Provision": 104000000.0,
      "Pretax Income": 386000000.0,
      "Other Non Operating Income Expenses": 58000000.0,
      "Special Income Charges": null,
      "Net Non Operating Interest Income Expense": -62000000.0,
      "Total Other Finance Cost": 11000000.0,
      "Interest Expense Non Operating": 57000000.0,
      "Interest Income Non Operating": 6000000.0,
      "Operating Income": 395000000.0,
      "Operating Expense": 1422000000.0,
      "Other Operating Expenses": 731000000.0,
      "Depreciation And Amortization In Income Statement": 145000000.0,
      "Depreciation Income Statement": 145000000.0,
      "Gross Profit": 1817000000.0,
      "Cost Of Revenue": 3066000000.0,
      "Total Revenue": 4883000000.0,
      "Operating Revenue": 4883000000.0
    },
    "2025-03-31T00:00:00": {
      "Tax Effect Of Unusual Items": -13450000.0,
      "Tax Rate For Calcs": 0.269,
      "Normalized EBITDA": 471000000.0,
      "Total Unusual Items": -50000000.0,
      "Total Unusual Items Excluding Goodwill": -50000000.0,
      "Net Income From Continuing Operation Net Minority Interest": 150000000.0,
      "Reconciled Depreciation": 150000000.0,
      "Reconciled Cost Of Revenue": 2954000000.0,
      "EBITDA": 421000000.0,
      "EBIT": 271000000.0,
      "Net Interest Income": -66000000.0,
      "Interest Expense": 59000000.0,
      "Interest Income": 6000000.0,
      "Normalized Income": 186550000.0,
      "Net Income From Continuing And Discontinued Operation": 150000000.0,
      "Total Expenses": 4451000000.0,
      "Total Operating Income As Reported": 285000000.0,
      "Diluted Average Shares": 286923000.0,
      "Basic Average Shares": 286406000.0,
      "Diluted EPS": 0.52,
      "Basic EPS": 0.52,
      "Diluted NI Availto Com Stockholders": 150000000.0,
      "Net Income Common Stockholders": 150000000.0,
      "Otherunder Preferred Stock Dividend": 0.0,
      "Net Income": 150000000.0,
      "Minority Interests": -5000000.0,
      "Net Income Including Noncontrolling Interests": 155000000.0,
      "Net Income Continuous Operations": 155000000.0,
      "Tax Provision": 57000000.0,
      "Pretax Income": 212000000.0,
      "Other Non Operating Income Expenses": 13000000.0,
      "Special Income Charges": null,
      "Net Non Operating Interest Income Expense": -66000000.0,
      "Total Other Finance Cost": 13000000.0,
      "Interest Expense Non Operating": 59000000.0,
      "Interest Income Non Operating": 6000000.0,
      "Operating Income": 320000000.0,
      "Operating Expense": 1497000000.0,
      "Other Operating Expenses": 806000000.0,
      "Depreciation And Amortization In Income Statement": 150000000.0,
      "Depreciation Income Statement": 150000000.0,
      "Gross Profit": 1817000000.0,
      "Cost Of Revenue": 2954000000.0,
      "Total Revenue": 4771000000.0,
      "Operating Revenue": 4771000000.0
    },
    "2024-12-31T00:00:00": {
      "Tax Effect Of Unusual Items": -17542168.674699,
      "Tax Rate For Calcs": 0.313253,
      "Normalized EBITDA": 458000000.0,
      "Total Unusual Items": -56000000.0,
      "Total Unusual Items Excluding Goodwill": -56000000.0,
      "Net Income From Continuing Operation Net Minority Interest": 110000000.0,
      "Reconciled Depreciation": 160000000.0,
      "Reconciled Cost Of Revenue": 3000000000.0,
      "EBITDA": 402000000.0,
      "EBIT": 242000000.0,
      "Net Interest Income": -83000000.0,
      "Interest Expense": 76000000.0,
      "Interest Income": 8000000.0,
      "Normalized Income": 148457831.325301,
      "Net Income From Continuing And Discontinued Operation": 110000000.0,
      "Total Expenses": 4395000000.0,
      "Total Operating Income As Reported": 258000000.0,
      "Diluted Average Shares": null,
      "Basic Average Shares": null,
      "Diluted EPS": null,
      "Basic EPS": null,
      "Diluted NI Availto Com Stockholders": 110000000.0,
      "Net Income Common Stockholders": 110000000.0,
      "Otherunder Preferred Stock Dividend": 0.0,
      "Net Income": 110000000.0,
      "Minority Interests": -4000000.0,
      "Net Income Including Noncontrolling Interests": 114000000.0,
      "Net Income Continuous Operations": 114000000.0,
      "Tax Provision": 52000000.0,
      "Pretax Income": 166000000.0,
      "Other Non Operating Income Expenses": 32000000.0,
      "Special Income Charges": -81000000.0,
      "Net Non Operating Interest Income Expense": -83000000.0,
      "Total Other Finance Cost": 15000000.0,
      "Interest Expense Non Operating": 76000000.0,
      "Interest Income Non Operating": 8000000.0,
      "Operating Income": 269000000.0,
      "Operating Expense": 1395000000.0,
      "Other Operating Expenses": 365000000.0,
      "Depreciation And Amortization In Income Statement": 160000000.0,
      "Depreciation Income Statement": 58000000.0,
      "Gross Profit": 1664000000.0,
      "Cost Of Revenue": 3000000000.0,
      "Total Revenue": 4664000000.0,
      "Operating Revenue": 4664000000.0
    },
    "2024-09-30T00:00:00": {
      "Tax Effect Of Unusual Items": -3956521.73913,
      "Tax Rate For Calcs": 0.188406,
      "Normalized EBITDA": 769000000.0,
      "Total Unusual Items": -21000000.0,
      "Total Unusual Items Excluding Goodwill": -21000000.0,
      "Net Income From Continuing Operation Net Minority Interest": 217000000.0,
      "Reconciled Depreciation": 130000000.0,
      "Reconciled Cost Of Revenue": 2901000000.0,
      "EBITDA": 748000000.0,
      "EBIT": 618000000.0,
      "Net Interest Income": -80000000.0,
      "Interest Expense": 342000000.0,
      "Interest Income": 262000000.0,
      "Normalized Income": 234043478.26087,
      "Net Income From Continuing And Discontinued Operation": 217000000.0,
      "Total Expenses": 4193000000.0,
      "Total Operating Income As Reported": 356000000.0,
      "Diluted Average Shares": 289305153.0,
      "Basic Average Shares": 289305153.0,
      "Diluted EPS": 0.750073,
      "Basic EPS": 0.750073,
      "Diluted NI Availto Com Stockholders": 217000000.0,
      "Net Income Common Stockholders": 217000000.0,
      "Otherunder Preferred Stock Dividend": 0.0,
      "Net Income": 217000000.0,
      "Minority Interests": -7000000.0,
      "Net Income Including Noncontrolling Interests": 224000000.0,
      "Net Income Continuous Operations": 224000000.0,
      "Tax Provision": 52000000.0,
      "Pretax Income": 276000000.0,
      "Other Non Operating Income Expenses": 16000000.0,
      "Special Income Charges": null,
      "Net Non Operating Interest Income Expense": -80000000.0,
      "Total Other Finance Cost": null,
      "Interest Expense Non Operating": 342000000.0,
      "Interest Income Non Operating": 262000000.0,
      "Operating Income": 350000000.0,
      "Operating Expense": 1292000000.0,
      "Other Operating Expenses": 672000000.0,
      "Depreciation And Amortization In Income Statement": 112000000.0,
      "Depreciation Income Statement": 112000000.0,
      "Gross Profit": 1642000000.0,
      "Cost Of Revenue": 2901000000.0,
      "Total Revenue": 4543000000.0,
      "Operating Revenue": 4543000000.0
    },
    "2024-06-30T00:00:00": {
      "Tax Effect Of Unusual Items": 985401.459854,
      "Tax Rate For Calcs": 0.19708,
      "Normalized EBITDA": 534000000.0,
      "Total Unusual Items": 5000000.0,
      "Total Unusual Items Excluding Goodwill": 5000000.0,
      "Net Income From Continuing Operation Net Minority Interest": 217000000.0,
      "Reconciled Depreciation": 93000000.0,
      "Reconciled Cost Of Revenue": 2568000000.0,
      "EBITDA": 539000000.0,
      "EBIT": 446000000.0,
      "Net Interest Income": -31000000.0,
      "Interest Expense": 172000000.0,
      "Interest Income": 141000000.0,
      "Normalized Income": 212985401.459854,
      "Net Income From Continuing And Discontinued Operation": 217000000.0,
      "Total Expenses": 3852000000.0,
      "Total Operating Income As Reported": 305000000.0,
      "Diluted Average Shares": 280261822.0,
      "Basic Average Shares": 280261822.0,
      "Diluted EPS": 0.774276,
      "Basic EPS": 0.774276,
      "Diluted NI Availto Com Stockholders": 217000000.0,
      "Net Income Common Stockholders": 217000000.0,
      "Otherunder Preferred Stock Dividend": 0.0,
      "Net Income": 217000000.0,
      "Minority Interests": -3000000.0,
      "Net Income Including Noncontrolling Interests": 220000000.0,
      "Net Income Continuous Operations": 220000000.0,
      "Tax Provision": 54000000.0,
      "Pretax Income": 274000000.0,
      "Other Non Operating Income Expenses": 15000000.0,
      "Special Income Charges": null,
      "Net Non Operating Interest Income Expense": -31000000.0,
      "Total Other Finance Cost": null,
      "Interest Expense Non Operating": 172000000.0,
      "Interest Income Non Operating": 141000000.0,
      "Operating Income": 280000000.0,
      "Operating Expense": 1284000000.0,
      "Other Operating Expenses": 705000000.0,
      "Depreciation And Amortization In Income Statement": 93000000.0,
      "Depreciation Income Statement": 93000000.0,
      "Gross Profit": 1564000000.0,
      "Cost Of Revenue": 2568000000.0,
      "Total Revenue": 4132000000.0,
      "Operating Revenue": 4132000000.0
    }
  },
  "balance_sheet": {
    "2024-12-31T00:00:00": {
      "Treasury Shares Number": 8871060.0,
      "Ordinary Shares Number": 286914423.0,
      "Share Issued": 295785483.0,
      "Net Debt": 4039000000.0,
      "Total Debt": 5382000000.0,
      "Tangible Book Value": 172000000.0,
      "Invested Capital": 10159000000.0,
      "Working Capital": 976000000.0,
      "Net Tangible Assets": 172000000.0,
      "Capital Lease Obligations": 310000000.0,
      "Common Stock Equity": 5087000000.0,
      "Total Capitalization": 10013000000.0,
      "Total Equity Gross Minority Interest": 5297000000.0,
      "Minority Interest": 210000000.0,
      "Stockholders Equity": 5087000000.0,
      "Retained Earnings": 729000000.0,
      "Capital Stock": 30000000.0,
      "Common Stock": 30000000.0,
      "Total Liabilities Net Minority Interest": 12905000000.0,
      "Total Non Current Liabilities Net Minority Interest": 6212000000.0,
      "Derivative Product Liabilities": 30000000.0,
      "Non Current Pension And Other Postretirement Benefit Plans": 310000000.0,
      "Non Current Accrued Expenses": 0.0,
      "Tradeand Other Payables Non Current": 26000000.0,
      "Non Current Deferred Revenue": 10000000.0,
      "Non Current Deferred Taxes Liabilities": 579000000.0,
      "Long Term Debt And Capital Lease Obligation": 5155000000.0,
      "Long Term Capital Lease Obligation": 229000000.0,
      "Long Term Debt": 4926000000.0,
      "Long Term Provisions": 99000000.0,
      "Current Liabilities": 6693000000.0,
      "Current Debt And Capital Lease Obligation": 227000000.0,
      "Current Capital Lease Obligation": 81000000.0,
      "Current Debt": 146000000.0,
      "Current Provisions": 734000000.0,
      "Payables": 3288000000.0,
      "Other Payable": 398000000.0,
      "Total Tax Payable": 428000000.0,
      "Accounts Payable": 2462000000.0,
      "Total Assets": 18202000000.0,
      "Total Non Current Assets": 10533000000.0,
      "Non Current Prepaid Assets": 3000000.0,
      "Non Current Deferred Taxes Assets": 328000000.0,
      "Financial Assets": 63000000.0,
      "Investmentin Financial Assets": 16000000.0,
      "Available For Sale Securities": 16000000.0,
      "Long Term Equity Investment": 248000000.0,
      "Goodwill And Other Intangible Assets": 4915000000.0,
      "Other Intangible Assets": 1416000000.0,
      "Goodwill": 3499000000.0,
      "Net PPE": 4921000000.0,
      "Accumulated Depreciation": -3194000000.0,
      "Gross PPE": 8115000000.0,
      "Construction In Progress": 1287000000.0,
      "Other Properties": 1184000000.0,
      "Machinery Furniture Equipment": 3225000000.0,
      "Buildings And Improvements": 1961000000.0,
      "Land And Improvements": 458000000.0,
      "Properties": 0.0,
      "Current Assets": 7669000000.0,
      "Hedging Assets Current": 107000000.0,
      "Assets Held For Sale Current": 1000000.0,
      "Prepaid Assets": 86000000.0,
      "Inventory": 2858000000.0,
      "Finished Goods": 1268000000.0,
      "Work In Process": 662000000.0,
      "Raw Materials": 928000000.0,
      "Other Receivables": 738000000.0,
      "Taxes Receivable": 370000000.0,
      "Accounts Receivable": 2433000000.0,
      "Allowance For Doubtful Accounts Receivable": -99000000.0,
      "Gross Accounts Receivable": 2532000000.0,
      "Cash Cash Equivalents And Short Term Investments": 1076000000.0,
      "Other Short Term Investments": 43000000.0,
      "Cash And Cash Equivalents": 1033000000.0,
      "Cash Equivalents": 1030000000.0,
      "Cash Financial": 3000000.0
    },
    "2023-12-31T00:00:00": {
      "Treasury Shares Number": 3729074.0,
      "Ordinary Shares Number": 272805374.0,
      "Share Issued": 276534448.0,
      "Net Debt": 1001000000.0,
      "Total Debt": 3046000000.0,
      "Tangible Book Value": 1710000000.0,
      "Invested Capital": 6523000000.0,
      "Working Capital": 1094000000.0,
      "Net Tangible Assets": 1710000000.0,
      "Capital Lease Obligations": 304000000.0,
      "Common Stock Equity": 3781000000.0,
      "Total Capitalization": 6031000000.0,
      "Total Equity Gross Minority Interest": 3972000000.0,
      "Minority Interest": 191000000.0,
      "Stockholders Equity": 3781000000.0,
      "Retained Earnings": 529000000.0,
      "Capital Stock": 28000000.0,
      "Common Stock": 28000000.0,
      "Total Liabilities Net Minority Interest": 9351000000.0,
      "Total Non Current Liabilities Net Minority Interest": 3201000000.0,
      "Derivative Product Liabilities": 47000000.0,
      "Non Current Pension And Other Postretirement Benefit Plans": 333000000.0,
      "Non Current Accrued Expenses": 0.0,
      "Tradeand Other Payables Non Current": 26000000.0,
      "Non Current Deferred Revenue": 27000000.0,
      "Non Current Deferred Taxes Liabilities": 222000000.0,
      "Long Term Debt And Capital Lease Obligation": 2484000000.0,
      "Long Term Capital Lease Obligation": 234000000.0,
      "Long Term Debt": 2250000000.0,
      "Long Term Provisions": 58000000.0,
      "Current Liabilities": 6150000000.0,
      "Current Debt And Capital Lease Obligation": 562000000.0,
      "Current Capital Lease Obligation": 70000000.0,
      "Current Debt": 492000000.0,
      "Current Provisions": 753000000.0,
      "Payables": 2911000000.0,
      "Other Payable": 407000000.0,
      "Total Tax Payable": 305000000.0,
      "Accounts Payable": 2199000000.0,
      "Total Assets": 13323000000.0,
      "Total Non Current Assets": 6079000000.0,
      "Non Current Prepaid Assets": 4000000.0,
      "Non Current Deferred Taxes Assets": 299000000.0,
      "Financial Assets": 41000000.0,
      "Investmentin Financial Assets": 13000000.0,
      "Available For Sale Securities": 13000000.0,
      "Long Term Equity Investment": 218000000.0,
      "Goodwill And Other Intangible Assets": 2071000000.0,
      "Other Intangible Assets": 411000000.0,
      "Goodwill": 1660000000.0,
      "Net PPE": 3401000000.0,
      "Accumulated Depreciation": -2889000000.0,
      "Gross PPE": 6290000000.0,
      "Construction In Progress": 888000000.0,
      "Other Properties": 693000000.0,
      "Machinery Furniture Equipment": 2968000000.0,
      "Buildings And Improvements": 1416000000.0,
      "Land And Improvements": 325000000.0,
      "Properties": 0.0,
      "Current Assets": 7244000000.0,
      "Hedging Assets Current": 80000000.0,
      "Assets Held For Sale Current": 9000000.0,
      "Prepaid Assets": 135000000.0,
      "Inventory": 2264000000.0,
      "Finished Goods": 976000000.0,
      "Work In Process": 533000000.0,
      "Raw Materials": 755000000.0,
      "Other Receivables": 621000000.0,
      "Taxes Receivable": 298000000.0,
      "Accounts Receivable": 1987000000.0,
      "Allowance For Doubtful Accounts Receivable": -98000000.0,
      "Gross Accounts Receivable": 2085000000.0,
      "Cash Cash Equivalents And Short Term Investments": 1850000000.0,
      "Other Short Term Investments": 109000000.0,
      "Cash And Cash Equivalents": 1741000000.0,
      "Cash Equivalents": 1736000000.0,
      "Cash Financial": 5000000.0
    },
    "2022-12-31T00:00:00": {
      "Treasury Shares Number": 4612031.0,
      "Ordinary Shares Number": 263532215.0,
      "Share Issued": 268144246.0,
      "Net Debt": 1568000000.0,
      "Total Debt": 3067000000.0,
      "Tangible Book Value": 1421000000.0,
      "Invested Capital": 6438000000.0,
      "Working Capital": 1193000000.0,
      "Net Tangible Assets": 1421000000.0,
      "Capital Lease Obligations": 214000000.0,
      "Common Stock Equity": 3585000000.0,
      "Total Capitalization": 6173000000.0,
      "Total Equity Gross Minority Interest": 3771000000.0,
      "Minority Interest": 186000000.0,
      "Stockholders Equity": 3585000000.0,
      "Retained Earnings": 504000000.0,
      "Capital Stock": 27000000.0,
      "Common Stock": 27000000.0,
      "Total Liabilities Net Minority Interest": 8985000000.0,
      "Total Non Current Liabilities Net Minority Interest": 3380000000.0,
      "Derivative Product Liabilities": 61000000.0,
      "Non Current Pension And Other Postretirement Benefit Plans": 329000000.0,
      "Non Current Accrued Expenses": 0.0,
      "Tradeand Other Payables Non Current": 9000000.0,
      "Non Current Deferred Revenue": 19000000.0,
      "Non Current Deferred Taxes Liabilities": 187000000.0,
      "Long Term Debt And Capital Lease Obligation": 2744000000.0,
      "Long Term Capital Lease Obligation": 156000000.0,
      "Long Term Debt": 2588000000.0,
      "Long Term Provisions": 31000000.0,
      "Current Liabilities": 5605000000.0,
      "Current Debt And Capital Lease Obligation": 323000000.0,
      "Current Capital Lease Obligation": 58000000.0,
      "Current Debt": 265000000.0,
      "Current Provisions": 665000000.0,
      "Payables": 3482000000.0,
      "Other Payable": 374000000.0,
      "Total Tax Payable": 390000000.0,
      "Accounts Payable": 2718000000.0,
      "Total Assets": 12756000000.0,
      "Total Non Current Assets": 5958000000.0,
      "Non Current Prepaid Assets": 5000000.0,
      "Non Current Deferred Taxes Assets": 203000000.0,
      "Financial Assets": 135000000.0,
      "Investmentin Financial Assets": 15000000.0,
      "Available For Sale Securities": 15000000.0,
      "Long Term Equity Investment": 387000000.0,
      "Goodwill And Other Intangible Assets": 2164000000.0,
      "Other Intangible Assets": 473000000.0,
      "Goodwill": 1691000000.0,
      "Net PPE": 3020000000.0,
      "Accumulated Depreciation": -2530000000.0,
      "Gross PPE": 5550000000.0,
      "Construction In Progress": 538000000.0,
      "Other Properties": 586000000.0,
      "Machinery Furniture Equipment": 2746000000.0,
      "Buildings And Improvements": 1358000000.0,
      "Land And Improvements": 322000000.0,
      "Properties": 0.0,
      "Current Assets": 6798000000.0,
      "Hedging Assets Current": 71000000.0,
      "Assets Held For Sale Current": 0.0,
      "Prepaid Assets": 46000000.0,
      "Inventory": 2744000000.0,
      "Finished Goods": 935000000.0,
      "Work In Process": 1029000000.0,
      "Raw Materials": 780000000.0,
      "Other Receivables": 151000000.0,
      "Taxes Receivable": 278000000.0,
      "Accounts Receivable": 1942000000.0,
      "Allowance For Doubtful Accounts Receivable": -97000000.0,
      "Gross Accounts Receivable": 2039000000.0,
      "Cash Cash Equivalents And Short Term Investments": 1566000000.0,
      "Other Short Term Investments": 281000000.0,
      "Cash And Cash Equivalents": 1285000000.0,
      "Cash Equivalents": 1281000000.0,
      "Cash Financial": 4000000.0
    },
    "2021-12-31T00:00:00": {
      "Treasury Shares Number": 4652868.0,
      "Ordinary Shares Number": 263491378.0,
      "Share Issued": 268144246.0,
      "Net Debt": 1816000000.0,
      "Total Debt": 3729000000.0,
      "Tangible Book Value": 775000000.0,
      "Invested Capital": 6433000000.0,
      "Working Capital": 778000000.0,
      "Net Tangible Assets": 775000000.0,
      "Capital Lease Obligations": 211000000.0,
      "Common Stock Equity": 2915000000.0,
      "Total Capitalization": 5363000000.0,
      "Total Equity Gross Minority Interest": 3089000000.0,
      "Minority Interest": 174000000.0,
      "Stockholders Equity": 2915000000.0,
      "Retained Earnings": 308000000.0,
      "Capital Stock": 27000000.0,
      "Common Stock": 27000000.0,
      "Total Liabilities Net Minority Interest": 8930000000.0,
      "Total Non Current Liabilities Net Minority Interest": 3320000000.0,
      "Derivative Product Liabilities": 26000000.0,
      "Non Current Pension And Other Postretirement Benefit Plans": 446000000.0,
      "Non Current Accrued Expenses": 0.0,
      "Tradeand Other Payables Non Current": 6000000.0,
      "Non Current Deferred Revenue": 0.0,
      "Non Current Deferred Taxes Liabilities": 190000000.0,
      "Long Term Debt And Capital Lease Obligation": 2606000000.0,
      "Long Term Capital Lease Obligation": 158000000.0,
      "Long Term Debt": 2448000000.0,
      "Long Term Provisions": 46000000.0,
      "Current Liabilities": 5610000000.0,
      "Current Debt And Capital Lease Obligation": 1123000000.0,
      "Current Capital Lease Obligation": 53000000.0,
      "Current Debt": 1070000000.0,
      "Current Provisions": 608000000.0,
      "Payables": 3158000000.0,
      "Other Payable": 308000000.0,
      "Total Tax Payable": 258000000.0,
      "Accounts Payable": 2592000000.0,
      "Total Assets": 12019000000.0,
      "Total Non Current Assets": 5631000000.0,
      "Non Current Prepaid Assets": 6000000.0,
      "Non Current Deferred Taxes Assets": 182000000.0,
      "Financial Assets": 105000000.0,
      "Investmentin Financial Assets": 16000000.0,
      "Available For Sale Securities": 16000000.0,
      "Long Term Equity Investment": 360000000.0,
      "Goodwill And Other Intangible Assets": 2140000000.0,
      "Other Intangible Assets": 505000000.0,
      "Goodwill": 1635000000.0,
      "Net PPE": 2794000000.0,
      "Accumulated Depreciation": -2245000000.0,
      "Gross PPE": 5039000000.0,
      "Construction In Progress": 280000000.0,
      "Other Properties": 553000000.0,
      "Machinery Furniture Equipment": 2624000000.0,
      "Buildings And Improvements": 1278000000.0,
      "Land And Improvements": 304000000.0,
      "Properties": 0.0,
      "Current Assets": 6388000000.0,
      "Hedging Assets Current": 128000000.0,
      "Assets Held For Sale Current": null,
      "Prepaid Assets": 29000000.0,
      "Inventory": 2301000000.0,
      "Finished Goods": 936000000.0,
      "Work In Process": 730000000.0,
      "Raw Materials": 635000000.0,
      "Other Receivables": 122000000.0,
      "Taxes Receivable": 229000000.0,
      "Accounts Receivable": 1622000000.0,
      "Allowance For Doubtful Accounts Receivable": -97000000.0,
      "Gross Accounts Receivable": 1719000000.0,
      "Cash Cash Equivalents And Short Term Investments": 1957000000.0,
      "Other Short Term Investments": 255000000.0,
      "Cash And Cash Equivalents": 1702000000.0,
      "Cash Equivalents": 1701000000.0,
      "Cash Financial": 1000000.0
    }
  },
  "cashflow": {
    "2024-12-31T00:00:00": {
      "Free Cash Flow": 1140000000.0,
      "Repurchase Of Capital Stock": -327000000.0,
      "Repayment Of Debt": -2381000000.0,
      "Issuance Of Debt": 5379000000.0,
      "Issuance Of Capital Stock": null,
      "Capital Expenditure": -793000000.0,
      "End Cash Position": 1033000000.0,
      "Beginning Cash Position": 1741000000.0,
      "Effect Of Exchange Rate Changes": 10000000.0,
      "Changes In Cash": -718000000.0,
      "Financing Cash Flow": 2203000000.0,
      "Net Other Financing Charges": -15000000.0,
      "Interest Paid Cff": -251000000.0,
      "Cash Dividends Paid": -202000000.0,
      "Common Stock Dividend Paid": -202000000.0,
      "Net Common Stock Issuance": -327000000.0,
      "Common Stock Payments": -327000000.0,
      "Common Stock Issuance": null,
      "Net Issuance Payments Of Debt": 2998000000.0,
      "Net Long Term Debt Issuance": 2998000000.0,
      "Long Term Debt Payments": -2381000000.0,
      "Long Term Debt Issuance": 5379000000.0,
      "Investing Cash Flow": -4854000000.0,
      "Net Other Investing Changes": 9000000.0,
      "Net Investment Purchase And Sale": 56000000.0,
      "Sale Of Investment": 69000000.0,
      "Purchase Of Investment": -13000000.0,
      "Net Business Purchase And Sale": -4126000000.0,
      "Net Intangibles Purchase And Sale": -25000000.0,
      "Purchase Of Intangibles": -25000000.0,
      "Net PPE Purchase And Sale": -768000000.0,
      "Sale Of PPE": 9000000.0,
      "Purchase Of PPE": -768000000.0,
      "Operating Cash Flow": 1933000000.0,
      "Taxes Refund Paid": -261000000.0,
      "Dividend Received Cfo": 16000000.0,
      "Change In Working Capital": 465000000.0,
      "Change In Other Current Assets": 668000000.0,
      "Change In Inventory": -203000000.0,
      "Other Non Cash Items": 225000000.0,
      "Stock Based Compensation": 58000000.0,
      "Depreciation And Amortization": 465000000.0,
      "Amortization Cash Flow": 102000000.0,
      "Depreciation": 363000000.0,
      "Gain Loss On Investment Securities": -19000000.0,
      "Gain Loss On Sale Of PPE": null,
      "Net Income From Continuing Operations": 981000000.0
    },
    "2023-12-31T00:00:00": {
      "Free Cash Flow": 792000000.0,
      "Repurchase Of Capital Stock": -4000000.0,
      "Repayment Of Debt": -200000000.0,
      "Issuance Of Debt": 120000000.0,
      "Issuance Of Capital Stock": null,
      "Capital Expenditure": -624000000.0,
      "End Cash Position": 1741000000.0,
      "Beginning Cash Position": 1285000000.0,
      "Effect Of Exchange Rate Changes": -45000000.0,
      "Changes In Cash": 501000000.0,
      "Financing Cash Flow": -424000000.0,
      "Net Other Financing Charges": -35000000.0,
      "Interest Paid Cff": -140000000.0,
      "Cash Dividends Paid": -165000000.0,
      "Common Stock Dividend Paid": -165000000.0,
      "Net Common Stock Issuance": -4000000.0,
      "Common Stock Payments": -4000000.0,
      "Common Stock Issuance": null,
      "Net Issuance Payments Of Debt": -80000000.0,
      "Net Long Term Debt Issuance": -80000000.0,
      "Long Term Debt Payments": -200000000.0,
      "Long Term Debt Issuance": 120000000.0,
      "Investing Cash Flow": -491000000.0,
      "Net Other Investing Changes": null,
      "Net Investment Purchase And Sale": 133000000.0,
      "Sale Of Investment": 214000000.0,
      "Purchase Of Investment": -81000000.0,
      "Net Business Purchase And Sale": 0.0,
      "Net Intangibles Purchase And Sale": -25000000.0,
      "Purchase Of Intangibles": -25000000.0,
      "Net PPE Purchase And Sale": -599000000.0,
      "Sale Of PPE": 0.0,
      "Purchase Of PPE": -599000000.0,
      "Operating Cash Flow": 1416000000.0,
      "Taxes Refund Paid": -328000000.0,
      "Dividend Received Cfo": 13000000.0,
      "Change In Working Capital": 279000000.0,
      "Change In Other Current Assets": 285000000.0,
      "Change In Inventory": -88000000.0,
      "Other Non Cash Items": 96000000.0,
      "Stock Based Compensation": 57000000.0,
      "Depreciation And Amortization": 574000000.0,
      "Amortization Cash Flow": 574000000.0,
      "Depreciation": 574000000.0,
      "Gain Loss On Investment Securities": -6000000.0,
      "Gain Loss On Sale Of PPE": 0.0,
      "Net Income From Continuing Operations": 764000000.0
    },
    "2022-12-31T00:00:00": {
      "Free Cash Flow": 584000000.0,
      "Repurchase Of Capital Stock": 0.0,
      "Repayment Of Debt": -2000000000.0,
      "Issuance Of Debt": 1335000000.0,
      "Issuance Of Capital Stock": 0.0,
      "Capital Expenditure": -454000000.0,
      "End Cash Position": 1285000000.0,
      "Beginning Cash Position": 1702000000.0,
      "Effect Of Exchange Rate Changes": 4000000.0,
      "Changes In Cash": -421000000.0,
      "Financing Cash Flow": -961000000.0,
      "Net Other Financing Charges": -60000000.0,
      "Interest Paid Cff": -88000000.0,
      "Cash Dividends Paid": -148000000.0,
      "Common Stock Dividend Paid": -148000000.0,
      "Net Common Stock Issuance": 0.0,
      "Common Stock Payments": 0.0,
      "Common Stock Issuance": 0.0,
      "Net Issuance Payments Of Debt": -665000000.0,
      "Net Long Term Debt Issuance": -665000000.0,
      "Long Term Debt Payments": -2000000000.0,
      "Long Term Debt Issuance": 1335000000.0,
      "Investing Cash Flow": -498000000.0,
      "Net Other Investing Changes": -7000000.0,
      "Net Investment Purchase And Sale": -39000000.0,
      "Sale Of Investment": 0.0,
      "Purchase Of Investment": -39000000.0,
      "Net Business Purchase And Sale": null,
      "Net Intangibles Purchase And Sale": -25000000.0,
      "Purchase Of Intangibles": -25000000.0,
      "Net PPE Purchase And Sale": -427000000.0,
      "Sale Of PPE": 2000000.0,
      "Purchase Of PPE": -429000000.0,
      "Operating Cash Flow": 1038000000.0,
      "Taxes Refund Paid": -221000000.0,
      "Dividend Received Cfo": 10000000.0,
      "Change In Working Capital": -90000000.0,
      "Change In Other Current Assets": 66000000.0,
      "Change In Inventory": -171000000.0,
      "Other Non Cash Items": 110000000.0,
      "Stock Based Compensation": 104000000.0,
      "Depreciation And Amortization": 403000000.0,
      "Amortization Cash Flow": null,
      "Depreciation": 403000000.0,
      "Gain Loss On Investment Securities": 31000000.0,
      "Gain Loss On Sale Of PPE": -1000000.0,
      "Net Income From Continuing Operations": 739000000.0
    },
    "2021-12-31T00:00:00": {
      "Free Cash Flow": 494000000.0,
      "Repurchase Of Capital Stock": null,
      "Repayment Of Debt": -269000000.0,
      "Issuance Of Debt": 844000000.0,
      "Issuance Of Capital Stock": 1000000.0,
      "Capital Expenditure": -283000000.0,
      "End Cash Position": 1702000000.0,
      "Beginning Cash Position": 1164000000.0,
      "Effect Of Exchange Rate Changes": 8000000.0,
      "Changes In Cash": 530000000.0,
      "Financing Cash Flow": 335000000.0,
      "Net Other Financing Charges": -3000000.0,
      "Interest Paid Cff": -104000000.0,
      "Cash Dividends Paid": -134000000.0,
      "Common Stock Dividend Paid": -134000000.0,
      "Net Common Stock Issuance": 1000000.0,
      "Common Stock Payments": null,
      "Common Stock Issuance": 1000000.0,
      "Net Issuance Payments Of Debt": 575000000.0,
      "Net Long Term Debt Issuance": 575000000.0,
      "Long Term Debt Payments": -269000000.0,
      "Long Term Debt Issuance": 844000000.0,
      "Investing Cash Flow": -582000000.0,
      "Net Other Investing Changes": -85000000.0,
      "Net Investment Purchase And Sale": -222000000.0,
      "Sale Of Investment": 2000000.0,
      "Purchase Of Investment": -224000000.0,
      "Net Business Purchase And Sale": null,
      "Net Intangibles Purchase And Sale": -25000000.0,
      "Purchase Of Intangibles": -25000000.0,
      "Net PPE Purchase And Sale": -250000000.0,
      "Sale Of PPE": 8000000.0,
      "Purchase Of PPE": -258000000.0,
      "Operating Cash Flow": 777000000.0,
      "Taxes Refund Paid": -120000000.0,
      "Dividend Received Cfo": 8000000.0,
      "Change In Working Capital": -9000000.0,
      "Change In Other Current Assets": 421000000.0,
      "Change In Inventory": -449000000.0,
      "Other Non Cash Items": 96000000.0,
      "Stock Based Compensation": 33000000.0,
      "Depreciation And Amortization": 335000000.0,
      "Amortization Cash Flow": null,
      "Depreciation": 335000000.0,
      "Gain Loss On Investment Securities": -13000000.0,
      "Gain Loss On Sale Of PPE": -2000000.0,
      "Net Income From Continuing Operations": 476000000.0
    }
  },
  "earnings_estimate": {
    "avg": {
      "0q": 0.98828,
      "+1q": 1.19894,
      "0y": 4.11178,
      "+1y": 4.69287
    },
    "low": {
      "0q": 0.98828,
      "+1q": 1.12,
      "0y": 3.78001,
      "+1y": 4.3868
    },
    "high": {
      "0q": 0.98828,
      "+1q": 1.27789,
      "0y": 4.51,
      "+1y": 4.96
    },
    "yearAgoEps": {
      "0q": 0.61724,
      "+1q": 0.52,
      "0y": 3.19475,
      "+1y": 4.11178
    },
    "numberOfAnalysts": {
      "0q": 1,
      "+1q": 2,
      "0y": 15,
      "+1y": 15
    },
    "growth": {
      "0q": 0.6011,
      "+1q": 1.3057001,
      "0y": 0.287,
      "+1y": 0.14130001
    }
  },
  "revenue_estimate": {
    "avg": {
      "0q": 5108434990,
      "+1q": 5204321320,
      "0y": 19748512420,
      "+1y": 21285912940
    },
    "low": {
      "0q": 4979000000,
      "+1q": 5184876640,
      "0y": 19180506450,
      "+1y": 20240000000
    },
    "high": {
      "0q": 5228000000,
      "+1q": 5223766000,
      "0y": 20532047580,
      "+1y": 22842665170
    },
    "numberOfAnalysts": {
      "0q": 9,
      "+1q": 2,
      "0y": 18,
      "+1y": 18
    },
    "yearAgoRevenue": {
      "0q": 4664000000,
      "+1q": 4771000000,
      "0y": 17026000000,
      "+1y": 19748512420
    },
    "growth": {
      "0q": 0.0953,
      "+1q": 0.0908,
      "0y": 0.1599,
      "+1y": 0.077800006
    }
  },
  "growth_estimates": {
    "stockTrend": {
      "0q": 0.6011,
      "+1q": null,
      "0y": 0.287,
      "+1y": 0.14130001,
      "LTG": null
    },
    "indexTrend": {
      "0q": 0.1273,
      "+1q": 0.103599995,
      "0y": 0.14310001,
      "+1y": 0.1557,
      "LTG": 0.122
    }
  },
  "revenue_forecasts": null,
  "dividend_rate": 0.8,
  "trailing_dividend_rate": 0.8
}