{
  "ticker": "PST.MI",
  "name": "Poste Italiane",
  "country": "italy",
  "currency": "EUR",
  "last_fetched": "2026-02-26T20:48:47.437835",
  "market_cap": 29764665344,
  "revenue": 13866000384,
  "net_income": 2167000064,
  "pe_ratio": 13.772455,
  "forward_pe": 12.712872,
  "dividend_yield": 4.93,
  "profit_margin": 0.15628,
  "roe": 0.17211,
  "debt_to_equity": 725.916,
  "beta": 0.715,
  "ev_to_ebitda": 22.607,
  "sector": "Industrials",
  "industry": "Conglomerates",
  "summary": "Poste Italiane S.p.A. provides postal, logistics, and financial and insurance products and services in Italy. It operates through four segments: Mail, Parcels and Distribution; PostePay Services; Financial Services; and Insurance Services. The Mail, Parcels and Distribution segment engages in the mail, parcel, and logistics activities, as well as provision of welfare services. The PostePay Services segment provides payment management and e-money services through a network of LIS sales points, as well as mobile and fixed telephone services and electricity and gas marketing. The Financial Services segment engages in the placement and distribution of financial and insurance products and services, such as current accounts, postal savings products, mutual investment funds, financing, insurance, and loans. The Insurance Services segment is involved in the investment, retirement, and protection businesses through the issuance of life and P&C insurance products. The company was founded in 1862 and is based in Rome, Italy.",
  "website": "https://www.posteitaliane.it",
  "employees": 119300,
  "target_high": 26.4,
  "target_low": 16.5,
  "target_mean": 22.24706,
  "target_median": 21.5,
  "recommendation": "buy",
  "num_analysts": 17,
  "income_stmt": {
    "2024-12-31T00:00:00": {
      "Tax Effect Of Unusual Items": -112851200.0,
      "Tax Rate For Calcs": 0.2464,
      "Normalized EBITDA": 4105000000.0,
      "Total Unusual Items": -458000000.0,
      "Total Unusual Items Excluding Goodwill": -458000000.0,
      "Net Income From Continuing Operation Net Minority Interest": 1994000000.0,
      "Reconciled Depreciation": 924000000.0,
      "Reconciled Cost Of Revenue": 16483000000.0,
      "EBITDA": 3647000000.0,
      "EBIT": 2723000000.0,
      "Net Interest Income": -255000000.0,
      "Interest Expense": 52000000.0,
      "Interest Income": 179000000.0,
      "Normalized Income": 2339148800.0,
      "Net Income From Continuing And Discontinued Operation": 1994000000.0,
      "Total Expenses": 19175000000.0,
      "Rent Expense Supplemental": 194000000.0,
      "Total Operating Income As Reported": 2546000000.0,
      "Diluted Average Shares": 1294805195.0,
      "Basic Average Shares": 1294805195.0,
      "Diluted EPS": 1.54,
      "Basic EPS": 1.54,
      "Diluted NI Availto Com Stockholders": 1994000000.0,
      "Net Income Common Stockholders": 1994000000.0,
      "Otherunder Preferred Stock Dividend": 0.0,
      "Net Income": 1994000000.0,
      "Minority Interests": -19000000.0,
      "Net Income Including Noncontrolling Interests": 2013000000.0,
      "Net Income Continuous Operations": 2013000000.0,
      "Tax Provision": 658000000.0,
      "Pretax Income": 2671000000.0,
      "Special Income Charges": -467000000.0,
      "Other Special Charges": 2000000.0,
      "Write Off": 441000000.0,
      "Impairment Of Capital Assets": 3000000.0,
      "Restructuring And Mergern Acquisition": 21000000.0,
      "Net Non Operating Interest Income Expense": -255000000.0,
      "Total Other Finance Cost": 382000000.0,
      "Interest Expense Non Operating": 52000000.0,
      "Interest Income Non Operating": 179000000.0,
      "Operating Income": 3360000000.0,
      "Operating Expense": 2692000000.0,
      "Other Operating Expenses": 1441000000.0,
      "Depreciation And Amortization In Income Statement": 851000000.0,
      "Amortization": 387000000.0,
      "Depreciation Income Statement": 464000000.0,
      "Selling General And Administration": 331000000.0,
      "Selling And Marketing Expense": 98000000.0,
      "General And Administrative Expense": 233000000.0,
      "Gross Profit": 6052000000.0,
      "Cost Of Revenue": 16483000000.0,
      "Total Revenue": 22535000000.0,
      "Operating Revenue": 22535000000.0
    },
    "2023-12-31T00:00:00": {
      "Tax Effect Of Unusual Items": -24743500.0,
      "Tax Rate For Calcs": 0.2911,
      "Normalized EBITDA": 3728000000.0,
      "Total Unusual Items": -85000000.0,
      "Total Unusual Items Excluding Goodwill": -85000000.0,
      "Net Income From Continuing Operation Net Minority Interest": 1922000000.0,
      "Reconciled Depreciation": 877000000.0,
      "Reconciled Cost Of Revenue": 15177000000.0,
      "EBITDA": 3643000000.0,
      "EBIT": 2766000000.0,
      "Net Interest Income": -218000000.0,
      "Interest Expense": 39000000.0,
      "Interest Income": 156000000.0,
      "Normalized Income": 1982256500.0,
      "Net Income From Continuing And Discontinued Operation": 1922000000.0,
      "Total Expenses": 17585000000.0,
      "Rent Expense Supplemental": 163000000.0,
      "Total Operating Income As Reported": 2620000000.0,
      "Diluted Average Shares": 1296021578.0,
      "Basic Average Shares": 1296021578.0,
      "Diluted EPS": 1.483,
      "Basic EPS": 1.483,
      "Diluted NI Availto Com Stockholders": 1922000000.0,
      "Net Income Common Stockholders": 1922000000.0,
      "Otherunder Preferred Stock Dividend": 0.0,
      "Net Income": 1922000000.0,
      "Minority Interests": -11000000.0,
      "Net Income Including Noncontrolling Interests": 1933000000.0,
      "Net Income Continuous Operations": 1933000000.0,
      "Tax Provision": 794000000.0,
      "Pretax Income": 2727000000.0,
      "Special Income Charges": -95000000.0,
      "Other Special Charges": -9000000.0,
      "Write Off": 75000000.0,
      "Impairment Of Capital Assets": 3000000.0,
      "Restructuring And Mergern Acquisition": 26000000.0,
      "Net Non Operating Interest Income Expense": -218000000.0,
      "Total Other Finance Cost": 335000000.0,
      "Interest Expense Non Operating": 39000000.0,
      "Interest Income Non Operating": 156000000.0,
      "Operating Income": 3005000000.0,
      "Operating Expense": 2408000000.0,
      "Other Operating Expenses": 1229000000.0,
      "Depreciation And Amortization In Income Statement": 807000000.0,
      "Amortization": 366000000.0,
      "Depreciation Income Statement": 441000000.0,
      "Selling General And Administration": 321000000.0,
      "Selling And Marketing Expense": 78000000.0,
      "General And Administrative Expense": 243000000.0,
      "Gross Profit": 5413000000.0,
      "Cost Of Revenue": 15177000000.0,
      "Total Revenue": 20590000000.0,
      "Operating Revenue": 20590000000.0
    },
    "2022-12-31T00:00:00": {
      "Tax Effect Of Unusual Items": -58282600.0,
      "Tax Rate For Calcs": 0.3511,
      "Normalized EBITDA": 3462000000.0,
      "Total Unusual Items": -166000000.0,
      "Total Unusual Items Excluding Goodwill": -166000000.0,
      "Net Income From Continuing Operation Net Minority Interest": 1578000000.0,
      "Reconciled Depreciation": 830000000.0,
      "Reconciled Cost Of Revenue": 13863000000.0,
      "EBITDA": 3296000000.0,
      "EBIT": 2466000000.0,
      "Net Interest Income": -141000000.0,
      "Interest Expense": 33000000.0,
      "Interest Income": 155000000.0,
      "Normalized Income": 1685717400.0,
      "Net Income From Continuing And Discontinued Operation": 1578000000.0,
      "Total Expenses": 15537000000.0,
      "Rent Expense Supplemental": 137000000.0,
      "Total Operating Income As Reported": 2396000000.0,
      "Diluted Average Shares": 1299835255.0,
      "Basic Average Shares": 1299835255.0,
      "Diluted EPS": 1.214,
      "Basic EPS": 1.214,
      "Diluted NI Availto Com Stockholders": 1578000000.0,
      "Net Income Common Stockholders": 1578000000.0,
      "Otherunder Preferred Stock Dividend": 0.0,
      "Net Income": 1578000000.0,
      "Minority Interests": -5000000.0,
      "Net Income Including Noncontrolling Interests": 1583000000.0,
      "Net Income Continuous Operations": 1583000000.0,
      "Tax Provision": 850000000.0,
      "Pretax Income": 2433000000.0,
      "Special Income Charges": -168000000.0,
      "Other Special Charges": 26000000.0,
      "Write Off": 126000000.0,
      "Impairment Of Capital Assets": -6000000.0,
      "Restructuring And Mergern Acquisition": 16000000.0,
      "Net Non Operating Interest Income Expense": -141000000.0,
      "Total Other Finance Cost": 263000000.0,
      "Interest Expense Non Operating": 33000000.0,
      "Interest Income Non Operating": 155000000.0,
      "Operating Income": 2743000000.0,
      "Operating Expense": 1674000000.0,
      "Other Operating Expenses": 1333000000.0,
      "Depreciation And Amortization In Income Statement": 836000000.0,
      "Amortization": 354000000.0,
      "Depreciation Income Statement": 482000000.0,
      "Selling General And Administration": 293000000.0,
      "Selling And Marketing Expense": 62000000.0,
      "General And Administrative Expense": 231000000.0,
      "Gross Profit": 4417000000.0,
      "Cost Of Revenue": 13863000000.0,
      "Total Revenue": 18280000000.0,
      "Operating Revenue": 18280000000.0
    },
    "2021-12-31T00:00:00": {
      "Tax Effect Of Unusual Items": 34997700.0,
      "Tax Rate For Calcs": 0.2713,
      "Normalized EBITDA": 2873000000.0,
      "Total Unusual Items": 129000000.0,
      "Total Unusual Items Excluding Goodwill": 129000000.0,
      "Net Income From Continuing Operation Net Minority Interest": 1578000000.0,
      "Reconciled Depreciation": 803000000.0,
      "Reconciled Cost Of Revenue": 27329000000.0,
      "EBITDA": 3002000000.0,
      "EBIT": 2199000000.0,
      "Net Interest Income": -40000000.0,
      "Interest Expense": 31000000.0,
      "Interest Income": 129000000.0,
      "Normalized Income": 1483997700.0,
      "Net Income From Continuing And Discontinued Operation": 1578000000.0,
      "Total Expenses": 29580000000.0,
      "Rent Expense Supplemental": 124000000.0,
      "Total Operating Income As Reported": 1846000000.0,
      "Diluted Average Shares": 1299835255.0,
      "Basic Average Shares": 1299835255.0,
      "Diluted EPS": 1.214,
      "Basic EPS": 1.214,
      "Diluted NI Availto Com Stockholders": 1578000000.0,
      "Net Income Common Stockholders": 1578000000.0,
      "Otherunder Preferred Stock Dividend": 0.0,
      "Net Income": 1578000000.0,
      "Minority Interests": -2000000.0,
      "Net Income Including Noncontrolling Interests": 1580000000.0,
      "Net Income Continuous Operations": 1580000000.0,
      "Tax Provision": 588000000.0,
      "Pretax Income": 2168000000.0,
      "Special Income Charges": 126000000.0,
      "Other Special Charges": 59000000.0,
      "Write Off": 44000000.0,
      "Impairment Of Capital Assets": -13000000.0,
      "Restructuring And Mergern Acquisition": -216000000.0,
      "Net Non Operating Interest Income Expense": -40000000.0,
      "Total Other Finance Cost": 138000000.0,
      "Interest Expense Non Operating": 31000000.0,
      "Interest Income Non Operating": 129000000.0,
      "Operating Income": 2059000000.0,
      "Operating Expense": 2251000000.0,
      "Other Operating Expenses": 1096000000.0,
      "Depreciation And Amortization In Income Statement": 803000000.0,
      "Amortization": 345000000.0,
      "Depreciation Income Statement": 458000000.0,
      "Selling General And Administration": 305000000.0,
      "Selling And Marketing Expense": 46000000.0,
      "General And Administrative Expense": 259000000.0,
      "Gross Profit": 4310000000.0,
      "Cost Of Revenue": 27329000000.0,
      "Total Revenue": 31639000000.0,
      "Operating Revenue": 31639000000.0
    }
  },
  "quarterly_income": {
    "2025-09-30T00:00:00": {
      "Tax Effect Of Unusual Items": -4891509.433962,
      "Tax Rate For Calcs": 0.287736,
      "Normalized EBITDA": 1146000000.0,
      "Total Unusual Items": -17000000.0,
      "Total Unusual Items Excluding Goodwill": -17000000.0,
      "Net Income From Continuing Operation Net Minority Interest": 596000000.0,
      "Reconciled Depreciation": 252000000.0,
      "Reconciled Cost Of Revenue": 2813000000.0,
      "EBITDA": 1129000000.0,
      "EBIT": 877000000.0,
      "Net Interest Income": 11000000.0,
      "Interest Expense": 29000000.0,
      "Interest Income": 40000000.0,
      "Normalized Income": 608108490.566038,
      "Net Income From Continuing And Discontinued Operation": 596000000.0,
      "Total Expenses": 2890000000.0,
      "Rent Expense Supplemental": null,
      "Total Operating Income As Reported": 836000000.0,
      "Diluted Average Shares": 1292841649.0,
      "Basic Average Shares": 1292841649.0,
      "Diluted EPS": 0.461,
      "Basic EPS": 0.461,
      "Diluted NI Availto Com Stockholders": 596000000.0,
      "Net Income Common Stockholders": 596000000.0,
      "Otherunder Preferred Stock Dividend": 0.0,
      "Net Income": 596000000.0,
      "Minority Interests": -7000000.0,
      "Net Income Including Noncontrolling Interests": 603000000.0,
      "Net Income Continuous Operations": 604000000.0,
      "Tax Provision": 244000000.0,
      "Pretax Income": 848000000.0,
      "Special Income Charges": -17000000.0,
      "Other Special Charges": null,
      "Write Off": 17000000.0,
      "Restructuring And Mergern Acquisition": null,
      "Net Non Operating Interest Income Expense": 11000000.0,
      "Total Other Finance Cost": null,
      "Interest Expense Non Operating": 29000000.0,
      "Interest Income Non Operating": 40000000.0,
      "Operating Income": 853000000.0,
      "Operating Expense": 77000000.0,
      "Other Operating Expenses": 77000000.0,
      "Selling General And Administration": null,
      "General And Administrative Expense": null,
      "Gross Profit": 930000000.0,
      "Cost Of Revenue": 2813000000.0,
      "Total Revenue": 3743000000.0,
      "Operating Revenue": 3743000000.0
    },
    "2025-06-30T00:00:00": {
      "Tax Effect Of Unusual Items": -48615120.274914,
      "Tax Rate For Calcs": 0.344788,
      "Normalized EBITDA": 1261000000.0,
      "Total Unusual Items": -141000000.0,
      "Total Unusual Items Excluding Goodwill": -141000000.0,
      "Net Income From Continuing Operation Net Minority Interest": 565000000.0,
      "Reconciled Depreciation": 238000000.0,
      "Reconciled Cost Of Revenue": 2125000000.0,
      "EBITDA": 1120000000.0,
      "EBIT": 882000000.0,
      "Net Interest Income": -48000000.0,
      "Interest Expense": 9000000.0,
      "Interest Income": -27000000.0,
      "Normalized Income": 657384879.725086,
      "Net Income From Continuing And Discontinued Operation": 565000000.0,
      "Total Expenses": 4479000000.0,
      "Rent Expense Supplemental": null,
      "Total Operating Income As Reported": 844000000.0,
      "Diluted Average Shares": 1294115890.0,
      "Basic Average Shares": 1294115890.0,
      "Diluted EPS": null,
      "Basic EPS": null,
      "Diluted NI Availto Com Stockholders": 565000000.0,
      "Net Income Common Stockholders": 565000000.0,
      "Otherunder Preferred Stock Dividend": 0.0,
      "Net Income": 565000000.0,
      "Minority Interests": -6000000.0,
      "Net Income Including Noncontrolling Interests": 573000000.0,
      "Net Income Continuous Operations": 572000000.0,
      "Tax Provision": 301000000.0,
      "Pretax Income": 873000000.0,
      "Special Income Charges": -141000000.0,
      "Other Special Charges": null,
      "Write Off": 6000000.0,
      "Restructuring And Mergern Acquisition": null,
      "Net Non Operating Interest Income Expense": -48000000.0,
      "Total Other Finance Cost": null,
      "Interest Expense Non Operating": 9000000.0,
      "Interest Income Non Operating": -27000000.0,
      "Operating Income": 972000000.0,
      "Operating Expense": 2354000000.0,
      "Other Operating Expenses": 1734000000.0,
      "Selling General And Administration": null,
      "General And Administrative Expense": null,
      "Gross Profit": 3326000000.0,
      "Cost Of Revenue": 2125000000.0,
      "Total Revenue": 5451000000.0,
      "Operating Revenue": 5451000000.0
    },
    "2025-03-31T00:00:00": {
      "Tax Effect Of Unusual Items": -3581310.679612,
      "Tax Rate For Calcs": 0.275485,
      "Normalized EBITDA": 1118000000.0,
      "Total Unusual Items": -13000000.0,
      "Total Unusual Items Excluding Goodwill": -13000000.0,
      "Net Income From Continuing Operation Net Minority Interest": 593000000.0,
      "Reconciled Depreciation": 248000000.0,
      "Reconciled Cost Of Revenue": 3435000000.0,
      "EBITDA": 1105000000.0,
      "EBIT": 857000000.0,
      "Net Interest Income": 39000000.0,
      "Interest Expense": 33000000.0,
      "Interest Income": 72000000.0,
      "Normalized Income": 602418689.320388,
      "Net Income From Continuing And Discontinued Operation": 593000000.0,
      "Total Expenses": 3511000000.0,
      "Rent Expense Supplemental": null,
      "Total Operating Income As Reported": 777000000.0,
      "Diluted Average Shares": 1294759825.0,
      "Basic Average Shares": 1294759825.0,
      "Diluted EPS": 0.458,
      "Basic EPS": 0.458,
      "Diluted NI Availto Com Stockholders": 593000000.0,
      "Net Income Common Stockholders": 593000000.0,
      "Otherunder Preferred Stock Dividend": 0.0,
      "Net Income": 593000000.0,
      "Minority Interests": -5000000.0,
      "Net Income Including Noncontrolling Interests": 597000000.0,
      "Net Income Continuous Operations": 597000000.0,
      "Tax Provision": 227000000.0,
      "Pretax Income": 824000000.0,
      "Special Income Charges": -13000000.0,
      "Other Special Charges": null,
      "Write Off": 13000000.0,
      "Restructuring And Mergern Acquisition": null,
      "Net Non Operating Interest Income Expense": 39000000.0,
      "Total Other Finance Cost": null,
      "Interest Expense Non Operating": 33000000.0,
      "Interest Income Non Operating": 72000000.0,
      "Operating Income": 790000000.0,
      "Operating Expense": 76000000.0,
      "Other Operating Expenses": 76000000.0,
      "Selling General And Administration": null,
      "General And Administrative Expense": null,
      "Gross Profit": 866000000.0,
      "Cost Of Revenue": 3435000000.0,
      "Total Revenue": 4301000000.0,
      "Operating Revenue": 4301000000.0
    },
    "2024-12-31T00:00:00": {
      "Tax Effect Of Unusual Items": -50160000.0,
      "Tax Rate For Calcs": 0.24,
      "Normalized EBITDA": 837000000.0,
      "Total Unusual Items": -209000000.0,
      "Total Unusual Items Excluding Goodwill": -209000000.0,
      "Net Income From Continuing Operation Net Minority Interest": 412000000.0,
      "Reconciled Depreciation": 240000000.0,
      "Reconciled Cost Of Revenue": 11501000000.0,
      "EBITDA": 628000000.0,
      "EBIT": 388000000.0,
      "Net Interest Income": -224000000.0,
      "Interest Expense": 14000000.0,
      "Interest Income": 137000000.0,
      "Normalized Income": 570840000.0,
      "Net Income From Continuing And Discontinued Operation": 412000000.0,
      "Total Expenses": 10857000000.0,
      "Rent Expense Supplemental": 54000000.0,
      "Total Operating Income As Reported": 325000000.0,
      "Diluted Average Shares": null,
      "Basic Average Shares": null,
      "Diluted EPS": null,
      "Basic EPS": null,
      "Diluted NI Availto Com Stockholders": 412000000.0,
      "Net Income Common Stockholders": 412000000.0,
      "Otherunder Preferred Stock Dividend": 0.0,
      "Net Income": 412000000.0,
      "Minority Interests": -5000000.0,
      "Net Income Including Noncontrolling Interests": 418000000.0,
      "Net Income Continuous Operations": 418000000.0,
      "Tax Provision": -44000000.0,
      "Pretax Income": 374000000.0,
      "Special Income Charges": -218000000.0,
      "Other Special Charges": 1000000.0,
      "Write Off": 392000000.0,
      "Restructuring And Mergern Acquisition": -178000000.0,
      "Net Non Operating Interest Income Expense": -224000000.0,
      "Total Other Finance Cost": 347000000.0,
      "Interest Expense Non Operating": 14000000.0,
      "Interest Income Non Operating": 137000000.0,
      "Operating Income": 902000000.0,
      "Operating Expense": -644000000.0,
      "Other Operating Expenses": -1012000000.0,
      "Selling General And Administration": 275000000.0,
      "General And Administrative Expense": 177000000.0,
      "Gross Profit": 258000000.0,
      "Cost Of Revenue": 11501000000.0,
      "Total Revenue": 11759000000.0,
      "Operating Revenue": 11759000000.0
    },
    "2024-09-30T00:00:00": {
      "Tax Effect Of Unusual Items": -8474148.802018,
      "Tax Rate For Calcs": 0.282472,
      "Normalized EBITDA": 1090000000.0,
      "Total Unusual Items": -30000000.0,
      "Total Unusual Items Excluding Goodwill": -30000000.0,
      "Net Income From Continuing Operation Net Minority Interest": 565000000.0,
      "Reconciled Depreciation": 236000000.0,
      "Reconciled Cost Of Revenue": 2705000000.0,
      "EBITDA": 1060000000.0,
      "EBIT": 824000000.0,
      "Net Interest Income": 14000000.0,
      "Interest Expense": 31000000.0,
      "Interest Income": 45000000.0,
      "Normalized Income": 586525851.197982,
      "Net Income From Continuing And Discontinued Operation": 565000000.0,
      "Total Expenses": 2767000000.0,
      "Rent Expense Supplemental": null,
      "Total Operating Income As Reported": 770000000.0,
      "Diluted Average Shares": 1295871560.0,
      "Basic Average Shares": 1295871560.0,
      "Diluted EPS": 0.436,
      "Basic EPS": 0.436,
      "Diluted NI Availto Com Stockholders": 565000000.0,
      "Net Income Common Stockholders": 565000000.0,
      "Otherunder Preferred Stock Dividend": 0.0,
      "Net Income": 565000000.0,
      "Minority Interests": -4000000.0,
      "Net Income Including Noncontrolling Interests": 569000000.0,
      "Net Income Continuous Operations": 569000000.0,
      "Tax Provision": 224000000.0,
      "Pretax Income": 793000000.0,
      "Special Income Charges": -30000000.0,
      "Other Special Charges": null,
      "Write Off": 30000000.0,
      "Restructuring And Mergern Acquisition": null,
      "Net Non Operating Interest Income Expense": 14000000.0,
      "Total Other Finance Cost": null,
      "Interest Expense Non Operating": 31000000.0,
      "Interest Income Non Operating": 45000000.0,
      "Operating Income": 799000000.0,
      "Operating Expense": 62000000.0,
      "Other Operating Expenses": 62000000.0,
      "Selling General And Administration": null,
      "General And Administrative Expense": null,
      "Gross Profit": 861000000.0,
      "Cost Of Revenue": 2705000000.0,
      "Total Revenue": 3566000000.0,
      "Operating Revenue": 3566000000.0
    }
  },
  "balance_sheet": {
    "2024-12-31T00:00:00": {
      "Treasury Shares Number": 11492604.0,
      "Ordinary Shares Number": 1294617396.0,
      "Share Issued": 1306110000.0,
      "Net Debt": null,
      "Total Debt": 9502000000.0,
      "Tangible Book Value": 9444000000.0,
      "Invested Capital": 19816000000.0,
      "Working Capital": -41244000000.0,
      "Net Tangible Assets": 9444000000.0,
      "Capital Lease Obligations": 1269000000.0,
      "Common Stock Equity": 11583000000.0,
      "Total Capitalization": 17771000000.0,
      "Total Equity Gross Minority Interest": 11710000000.0,
      "Minority Interest": 127000000.0,
      "Stockholders Equity": 11583000000.0,
      "Other Equity Interest": -1000000.0,
      "Treasury Stock": 109000000.0,
      "Retained Earnings": 8855000000.0,
      "Capital Stock": 1306000000.0,
      "Common Stock": 1306000000.0,
      "Total Liabilities Net Minority Interest": 265388000000.0,
      "Total Non Current Liabilities Net Minority Interest": 175141000000.0,
      "Other Non Current Liabilities": -2000000.0,
      "Derivative Product Liabilities": 1397000000.0,
      "Non Current Pension And Other Postretirement Benefit Plans": 591000000.0,
      "Non Current Accrued Expenses": 130000000.0,
      "Tradeand Other Payables Non Current": 1880000000.0,
      "Non Current Deferred Taxes Liabilities": 897000000.0,
      "Long Term Debt And Capital Lease Obligation": 7148000000.0,
      "Long Term Capital Lease Obligation": 960000000.0,
      "Long Term Debt": 6188000000.0,
      "Long Term Provisions": 162934000000.0,
      "Current Liabilities": 90247000000.0,
      "Other Current Liabilities": 10543000000.0,
      "Current Debt And Capital Lease Obligation": 2354000000.0,
      "Current Capital Lease Obligation": 309000000.0,
      "Current Debt": 2045000000.0,
      "Pensionand Other Post Retirement Benefit Plans Current": 685000000.0,
      "Current Provisions": 557000000.0,
      "Payables": 66874000000.0,
      "Other Payable": 64061000000.0,
      "Total Tax Payable": 1032000000.0,
      "Accounts Payable": 1781000000.0,
      "Total Assets": 277098000000.0,
      "Total Non Current Assets": 228095000000.0,
      "Other Non Current Assets": 324000000.0,
      "Non Current Prepaid Assets": 3909000000.0,
      "Non Current Deferred Taxes Assets": 1997000000.0,
      "Financial Assets": 2611000000.0,
      "Investmentin Financial Assets": 207518000000.0,
      "Available For Sale Securities": 160101000000.0,
      "Financial Assets Designatedas Fair Value Through Profitor Loss Total": 47417000000.0,
      "Long Term Equity Investment": 332000000.0,
      "Investmentsin Joint Venturesat Cost": 15000000.0,
      "Investmentsin Associatesat Cost": 318000000.0,
      "Investmentsin Subsidiariesat Cost": 0.0,
      "Investment Properties": 26000000.0,
      "Goodwill And Other Intangible Assets": 2139000000.0,
      "Other Intangible Assets": 1343000000.0,
      "Goodwill": 796000000.0,
      "Net PPE": 3971000000.0,
      "Accumulated Depreciation": -8500000000.0,
      "Gross PPE": 12471000000.0,
      "Construction In Progress": 197000000.0,
      "Other Properties": 6111000000.0,
      "Machinery Furniture Equipment": 3294000000.0,
      "Buildings And Improvements": 2784000000.0,
      "Land And Improvements": 85000000.0,
      "Properties": 0.0,
      "Current Assets": 49003000000.0,
      "Other Current Assets": null,
      "Hedging Assets Current": 137000000.0,
      "Restricted Cash": null,
      "Inventory": 177000000.0,
      "Other Inventories": null,
      "Finished Goods": 149000000.0,
      "Work In Process": 22000000.0,
      "Raw Materials": 6000000.0,
      "Other Receivables": 428000000.0,
      "Taxes Receivable": 2942000000.0,
      "Accounts Receivable": 2077000000.0,
      "Allowance For Doubtful Accounts Receivable": null,
      "Gross Accounts Receivable": 2077000000.0,
      "Cash Cash Equivalents And Short Term Investments": 43242000000.0,
      "Other Short Term Investments": 34405000000.0,
      "Cash And Cash Equivalents": 8837000000.0,
      "Cash Equivalents": 4631000000.0,
      "Cash Financial": 4206000000.0
    },
    "2023-12-31T00:00:00": {
      "Treasury Shares Number": 10675798.0,
      "Ordinary Shares Number": 1295434202.0,
      "Share Issued": 1306110000.0,
      "Net Debt": 2054000000.0,
      "Total Debt": 11513000000.0,
      "Tangible Book Value": 8260000000.0,
      "Invested Capital": 20496000000.0,
      "Working Capital": -44466000000.0,
      "Net Tangible Assets": 8260000000.0,
      "Capital Lease Obligations": 1339000000.0,
      "Common Stock Equity": 10322000000.0,
      "Total Capitalization": 18258000000.0,
      "Total Equity Gross Minority Interest": 10439000000.0,
      "Minority Interest": 117000000.0,
      "Stockholders Equity": 10322000000.0,
      "Other Equity Interest": null,
      "Treasury Stock": 94000000.0,
      "Retained Earnings": 8027000000.0,
      "Capital Stock": 1306000000.0,
      "Common Stock": 1306000000.0,
      "Total Liabilities Net Minority Interest": 260388000000.0,
      "Total Non Current Liabilities Net Minority Interest": 169959000000.0,
      "Other Non Current Liabilities": 2000000.0,
      "Derivative Product Liabilities": 1091000000.0,
      "Non Current Pension And Other Postretirement Benefit Plans": 647000000.0,
      "Non Current Accrued Expenses": 150000000.0,
      "Tradeand Other Payables Non Current": 1897000000.0,
      "Non Current Deferred Taxes Liabilities": 900000000.0,
      "Long Term Debt And Capital Lease Obligation": 8981000000.0,
      "Long Term Capital Lease Obligation": 1045000000.0,
      "Long Term Debt": 7936000000.0,
      "Long Term Provisions": 156120000000.0,
      "Current Liabilities": 90429000000.0,
      "Other Current Liabilities": 10039000000.0,
      "Current Debt And Capital Lease Obligation": 2532000000.0,
      "Current Capital Lease Obligation": 294000000.0,
      "Current Debt": 2238000000.0,
      "Pensionand Other Post Retirement Benefit Plans Current": 682000000.0,
      "Current Provisions": 554000000.0,
      "Payables": 65890000000.0,
      "Other Payable": 63006000000.0,
      "Total Tax Payable": 1195000000.0,
      "Accounts Payable": 1689000000.0,
      "Total Assets": 270827000000.0,
      "Total Non Current Assets": 224863000000.0,
      "Other Non Current Assets": 233000000.0,
      "Non Current Prepaid Assets": 4033000000.0,
      "Non Current Deferred Taxes Assets": 2109000000.0,
      "Financial Assets": 4180000000.0,
      "Investmentin Financial Assets": 201476000000.0,
      "Available For Sale Securities": 154418000000.0,
      "Financial Assets Designatedas Fair Value Through Profitor Loss Total": 47058000000.0,
      "Long Term Equity Investment": 294000000.0,
      "Investmentsin Joint Venturesat Cost": null,
      "Investmentsin Associatesat Cost": 290000000.0,
      "Investmentsin Subsidiariesat Cost": 4000000.0,
      "Investment Properties": 28000000.0,
      "Goodwill And Other Intangible Assets": 2062000000.0,
      "Other Intangible Assets": 1266000000.0,
      "Goodwill": 796000000.0,
      "Net PPE": 3810000000.0,
      "Accumulated Depreciation": -7963000000.0,
      "Gross PPE": 11773000000.0,
      "Construction In Progress": 203000000.0,
      "Other Properties": 5891000000.0,
      "Machinery Furniture Equipment": 3052000000.0,
      "Buildings And Improvements": 2542000000.0,
      "Land And Improvements": 85000000.0,
      "Properties": 0.0,
      "Current Assets": 45963000000.0,
      "Other Current Assets": null,
      "Hedging Assets Current": 77000000.0,
      "Restricted Cash": null,
      "Inventory": 172000000.0,
      "Other Inventories": null,
      "Finished Goods": 136000000.0,
      "Work In Process": 28000000.0,
      "Raw Materials": 8000000.0,
      "Other Receivables": 346000000.0,
      "Taxes Receivable": 2654000000.0,
      "Accounts Receivable": 2405000000.0,
      "Allowance For Doubtful Accounts Receivable": null,
      "Gross Accounts Receivable": 2405000000.0,
      "Cash Cash Equivalents And Short Term Investments": 40309000000.0,
      "Other Short Term Investments": 32189000000.0,
      "Cash And Cash Equivalents": 8120000000.0,
      "Cash Equivalents": 4143000000.0,
      "Cash Financial": 3977000000.0
    },
    "2022-12-31T00:00:00": {
      "Treasury Shares Number": 7535991.0,
      "Ordinary Shares Number": 1298574009.0,
      "Share Issued": 1306110000.0,
      "Net Debt": 3056000000.0,
      "Total Debt": 13406000000.0,
      "Tangible Book Value": 6017000000.0,
      "Invested Capital": 19834000000.0,
      "Working Capital": -47403000000.0,
      "Net Tangible Assets": 6017000000.0,
      "Capital Lease Obligations": 1406000000.0,
      "Common Stock Equity": 7834000000.0,
      "Total Capitalization": 16766000000.0,
      "Total Equity Gross Minority Interest": 7878000000.0,
      "Minority Interest": 44000000.0,
      "Stockholders Equity": 7834000000.0,
      "Other Equity Interest": 1000000.0,
      "Treasury Stock": 63000000.0,
      "Retained Earnings": 7100000000.0,
      "Capital Stock": 1306000000.0,
      "Common Stock": 1306000000.0,
      "Total Liabilities Net Minority Interest": 254196000000.0,
      "Total Non Current Liabilities Net Minority Interest": 156647000000.0,
      "Other Non Current Liabilities": -2000000.0,
      "Derivative Product Liabilities": 823000000.0,
      "Non Current Pension And Other Postretirement Benefit Plans": 715000000.0,
      "Non Current Accrued Expenses": 133000000.0,
      "Tradeand Other Payables Non Current": 1862000000.0,
      "Non Current Deferred Taxes Liabilities": 815000000.0,
      "Long Term Debt And Capital Lease Obligation": 10042000000.0,
      "Long Term Capital Lease Obligation": 1110000000.0,
      "Long Term Debt": 8932000000.0,
      "Long Term Provisions": 142184000000.0,
      "Current Liabilities": 97549000000.0,
      "Other Current Liabilities": 9270000000.0,
      "Current Debt And Capital Lease Obligation": 3364000000.0,
      "Current Capital Lease Obligation": 296000000.0,
      "Current Debt": 3068000000.0,
      "Pensionand Other Post Retirement Benefit Plans Current": 720000000.0,
      "Current Provisions": 551000000.0,
      "Payables": 72022000000.0,
      "Other Payable": 69518000000.0,
      "Total Tax Payable": 823000000.0,
      "Accounts Payable": 1681000000.0,
      "Total Assets": 262074000000.0,
      "Total Non Current Assets": 211929000000.0,
      "Other Non Current Assets": 44000000.0,
      "Non Current Prepaid Assets": 4060000000.0,
      "Non Current Deferred Taxes Assets": 2601000000.0,
      "Financial Assets": 5764000000.0,
      "Investmentin Financial Assets": 186087000000.0,
      "Available For Sale Securities": 143514000000.0,
      "Financial Assets Designatedas Fair Value Through Profitor Loss Total": 42573000000.0,
      "Long Term Equity Investment": 267000000.0,
      "Investmentsin Joint Venturesat Cost": null,
      "Investmentsin Associatesat Cost": 263000000.0,
      "Investmentsin Subsidiariesat Cost": 3000000.0,
      "Investment Properties": 31000000.0,
      "Goodwill And Other Intangible Assets": 1817000000.0,
      "Other Intangible Assets": 1146000000.0,
      "Goodwill": 671000000.0,
      "Net PPE": 3739000000.0,
      "Accumulated Depreciation": -7567000000.0,
      "Gross PPE": 11306000000.0,
      "Construction In Progress": 145000000.0,
      "Other Properties": 5751000000.0,
      "Machinery Furniture Equipment": 2946000000.0,
      "Buildings And Improvements": 2387000000.0,
      "Land And Improvements": 77000000.0,
      "Properties": 0.0,
      "Current Assets": 50146000000.0,
      "Other Current Assets": -4000000.0,
      "Hedging Assets Current": 346000000.0,
      "Restricted Cash": 3755000000.0,
      "Inventory": 157000000.0,
      "Other Inventories": -1000000.0,
      "Finished Goods": 129000000.0,
      "Work In Process": 20000000.0,
      "Raw Materials": 9000000.0,
      "Other Receivables": 316000000.0,
      "Taxes Receivable": 2376000000.0,
      "Accounts Receivable": 2178000000.0,
      "Allowance For Doubtful Accounts Receivable": null,
      "Gross Accounts Receivable": 2178000000.0,
      "Cash Cash Equivalents And Short Term Investments": 44777000000.0,
      "Other Short Term Investments": 35833000000.0,
      "Cash And Cash Equivalents": 8944000000.0,
      "Cash Equivalents": 4953000000.0,
      "Cash Financial": 3991000000.0
    },
    "2021-12-31T00:00:00": {
      "Treasury Shares Number": 5232921.0,
      "Ordinary Shares Number": 1300877079.0,
      "Share Issued": 1306110000.0,
      "Net Debt": 4738000000.0,
      "Total Debt": 16777000000.0,
      "Tangible Book Value": 11229000000.0,
      "Invested Capital": 27684000000.0,
      "Working Capital": -46014000000.0,
      "Net Tangible Assets": 11229000000.0,
      "Capital Lease Obligations": 1195000000.0,
      "Common Stock Equity": 12102000000.0,
      "Total Capitalization": 20823000000.0,
      "Total Equity Gross Minority Interest": 12110000000.0,
      "Minority Interest": 8000000.0,
      "Stockholders Equity": 12102000000.0,
      "Other Equity Interest": null,
      "Treasury Stock": 40000000.0,
      "Retained Earnings": 7237000000.0,
      "Capital Stock": 1306000000.0,
      "Common Stock": 1306000000.0,
      "Total Liabilities Net Minority Interest": 272618000000.0,
      "Total Non Current Liabilities Net Minority Interest": 178528000000.0,
      "Other Non Current Liabilities": 1749000000.0,
      "Derivative Product Liabilities": 5421000000.0,
      "Non Current Pension And Other Postretirement Benefit Plans": 942000000.0,
      "Non Current Accrued Expenses": 7000000.0,
      "Tradeand Other Payables Non Current": 1722000000.0,
      "Non Current Deferred Taxes Liabilities": 953000000.0,
      "Long Term Debt And Capital Lease Obligation": 9697000000.0,
      "Long Term Capital Lease Obligation": 976000000.0,
      "Long Term Debt": 8721000000.0,
      "Long Term Provisions": 159782000000.0,
      "Current Liabilities": 94090000000.0,
      "Other Current Liabilities": 8208000000.0,
      "Current Debt And Capital Lease Obligation": 7080000000.0,
      "Current Capital Lease Obligation": 219000000.0,
      "Current Debt": 6861000000.0,
      "Pensionand Other Post Retirement Benefit Plans Current": 719000000.0,
      "Current Provisions": 575000000.0,
      "Payables": 71706000000.0,
      "Other Payable": 69589000000.0,
      "Total Tax Payable": 693000000.0,
      "Accounts Payable": 1424000000.0,
      "Total Assets": 284728000000.0,
      "Total Non Current Assets": 236651000000.0,
      "Other Non Current Assets": 50000000.0,
      "Non Current Prepaid Assets": 3939000000.0,
      "Non Current Deferred Taxes Assets": 1245000000.0,
      "Financial Assets": 800000000.0,
      "Investmentin Financial Assets": 220426000000.0,
      "Available For Sale Securities": 176085000000.0,
      "Financial Assets Designatedas Fair Value Through Profitor Loss Total": 44341000000.0,
      "Long Term Equity Investment": 277000000.0,
      "Investmentsin Joint Venturesat Cost": null,
      "Investmentsin Associatesat Cost": 275000000.0,
      "Investmentsin Subsidiariesat Cost": 2000000.0,
      "Investment Properties": 32000000.0,
      "Goodwill And Other Intangible Assets": 873000000.0,
      "Other Intangible Assets": 798000000.0,
      "Goodwill": 75000000.0,
      "Net PPE": 3383000000.0,
      "Accumulated Depreciation": -7176000000.0,
      "Gross PPE": 10559000000.0,
      "Construction In Progress": 93000000.0,
      "Other Properties": 5643000000.0,
      "Machinery Furniture Equipment": 2599000000.0,
      "Buildings And Improvements": 2148000000.0,
      "Land And Improvements": 76000000.0,
      "Properties": 0.0,
      "Current Assets": 48076000000.0,
      "Other Current Assets": null,
      "Hedging Assets Current": 76000000.0,
      "Restricted Cash": 5369000000.0,
      "Inventory": 155000000.0,
      "Other Inventories": null,
      "Finished Goods": 128000000.0,
      "Work In Process": 11000000.0,
      "Raw Materials": 16000000.0,
      "Other Receivables": 455000000.0,
      "Taxes Receivable": 1711000000.0,
      "Accounts Receivable": 2508000000.0,
      "Allowance For Doubtful Accounts Receivable": -529000000.0,
      "Gross Accounts Receivable": 2508000000.0,
      "Cash Cash Equivalents And Short Term Investments": 43171000000.0,
      "Other Short Term Investments": 32327000000.0,
      "Cash And Cash Equivalents": 10844000000.0,
      "Cash Equivalents": 7931000000.0,
      "Cash Financial": 10844000000.0
    }
  },
  "cashflow": {
    "2024-12-31T00:00:00": {
      "Free Cash Flow": 1936000000.0,
      "Capital Expenditure": -965000000.0,
      "End Cash Position": 4680000000.0,
      "Beginning Cash Position": 4211000000.0,
      "Effect Of Exchange Rate Changes": 0.0,
      "Changes In Cash": 469000000.0,
      "Financing Cash Flow": -1446000000.0,
      "Net Other Financing Charges": -21000000.0,
      "Cash Dividends Paid": -1165000000.0,
      "Common Stock Dividend Paid": -1165000000.0,
      "Net Common Stock Issuance": -23000000.0,
      "Net Issuance Payments Of Debt": -237000000.0,
      "Net Short Term Debt Issuance": -803000000.0,
      "Net Long Term Debt Issuance": 566000000.0,
      "Investing Cash Flow": -986000000.0,
      "Net Investment Purchase And Sale": -32000000.0,
      "Sale Of Investment": 1000000.0,
      "Purchase Of Investment": -33000000.0,
      "Net Investment Properties Purchase And Sale": -1000000.0,
      "Purchase Of Investment Properties": -1000000.0,
      "Net Business Purchase And Sale": 3000000.0,
      "Sale Of Business": 3000000.0,
      "Purchase Of Business": 0.0,
      "Net Intangibles Purchase And Sale": -467000000.0,
      "Purchase Of Intangibles": -467000000.0,
      "Net PPE Purchase And Sale": -489000000.0,
      "Sale Of PPE": 9000000.0,
      "Purchase Of PPE": -498000000.0,
      "Operating Cash Flow": 2901000000.0,
      "Taxes Refund Paid": -866000000.0,
      "Interest Received Cfo": 201000000.0,
      "Interest Paid Cfo": -49000000.0,
      "Dividend Received Cfo": 0.0,
      "Change In Working Capital": 1933000000.0,
      "Change In Other Current Liabilities": 2284000000.0,
      "Change In Other Current Assets": -235000000.0,
      "Change In Payable": -154000000.0,
      "Change In Inventory": -5000000.0,
      "Change In Receivables": 43000000.0,
      "Other Non Cash Items": -2177000000.0,
      "Provisionand Write Offof Assets": 76000000.0,
      "Depreciation And Amortization": 924000000.0,
      "Amortization Cash Flow": 387000000.0,
      "Depreciation": 537000000.0,
      "Pension And Employee Benefit Expense": -74000000.0,
      "Gain Loss On Investment Securities": null,
      "Net Income From Continuing Operations": 2671000000.0
    },
    "2023-12-31T00:00:00": {
      "Free Cash Flow": 568000000.0,
      "Capital Expenditure": -846000000.0,
      "End Cash Position": 4211000000.0,
      "Beginning Cash Position": 4983000000.0,
      "Effect Of Exchange Rate Changes": 0.0,
      "Changes In Cash": -772000000.0,
      "Financing Cash Flow": -1192000000.0,
      "Net Other Financing Charges": -21000000.0,
      "Cash Dividends Paid": -883000000.0,
      "Common Stock Dividend Paid": -883000000.0,
      "Net Common Stock Issuance": -34000000.0,
      "Net Issuance Payments Of Debt": -254000000.0,
      "Net Short Term Debt Issuance": -380000000.0,
      "Net Long Term Debt Issuance": 126000000.0,
      "Investing Cash Flow": -994000000.0,
      "Net Investment Purchase And Sale": -66000000.0,
      "Sale Of Investment": 1000000.0,
      "Purchase Of Investment": -67000000.0,
      "Net Investment Properties Purchase And Sale": 0.0,
      "Purchase Of Investment Properties": 0.0,
      "Net Business Purchase And Sale": -95000000.0,
      "Sale Of Business": 0.0,
      "Purchase Of Business": -95000000.0,
      "Net Intangibles Purchase And Sale": -473000000.0,
      "Purchase Of Intangibles": -473000000.0,
      "Net PPE Purchase And Sale": -360000000.0,
      "Sale Of PPE": 13000000.0,
      "Purchase Of PPE": -373000000.0,
      "Operating Cash Flow": 1414000000.0,
      "Taxes Refund Paid": -191000000.0,
      "Interest Received Cfo": 168000000.0,
      "Interest Paid Cfo": -45000000.0,
      "Dividend Received Cfo": 4000000.0,
      "Change In Working Capital": 2261000000.0,
      "Change In Other Current Liabilities": -1129000000.0,
      "Change In Other Current Assets": 4029000000.0,
      "Change In Payable": 25000000.0,
      "Change In Inventory": -15000000.0,
      "Change In Receivables": -649000000.0,
      "Other Non Cash Items": -4189000000.0,
      "Provisionand Write Offof Assets": 348000000.0,
      "Depreciation And Amortization": 877000000.0,
      "Amortization Cash Flow": 366000000.0,
      "Depreciation": 511000000.0,
      "Pension And Employee Benefit Expense": -103000000.0,
      "Gain Loss On Investment Securities": -116000000.0,
      "Net Income From Continuing Operations": 2727000000.0
    },
    "2022-12-31T00:00:00": {
      "Free Cash Flow": -630000000.0,
      "Capital Expenditure": -810000000.0,
      "End Cash Position": 4983000000.0,
      "Beginning Cash Position": 7958000000.0,
      "Effect Of Exchange Rate Changes": 0.0,
      "Changes In Cash": -2975000000.0,
      "Financing Cash Flow": -1549000000.0,
      "Net Other Financing Charges": -21000000.0,
      "Cash Dividends Paid": -801000000.0,
      "Common Stock Dividend Paid": -801000000.0,
      "Net Common Stock Issuance": -25000000.0,
      "Net Issuance Payments Of Debt": -702000000.0,
      "Net Short Term Debt Issuance": -812000000.0,
      "Net Long Term Debt Issuance": 110000000.0,
      "Investing Cash Flow": -1606000000.0,
      "Net Investment Purchase And Sale": -123000000.0,
      "Sale Of Investment": 12000000.0,
      "Purchase Of Investment": -135000000.0,
      "Net Investment Properties Purchase And Sale": 0.0,
      "Purchase Of Investment Properties": 0.0,
      "Net Business Purchase And Sale": -678000000.0,
      "Sale Of Business": null,
      "Purchase Of Business": -678000000.0,
      "Net Intangibles Purchase And Sale": -469000000.0,
      "Purchase Of Intangibles": -469000000.0,
      "Net PPE Purchase And Sale": -336000000.0,
      "Sale Of PPE": 5000000.0,
      "Purchase Of PPE": -341000000.0,
      "Operating Cash Flow": 180000000.0,
      "Taxes Refund Paid": -509000000.0,
      "Interest Received Cfo": 146000000.0,
      "Interest Paid Cfo": -78000000.0,
      "Dividend Received Cfo": 0.0,
      "Change In Working Capital": -6306000000.0,
      "Change In Other Current Liabilities": 9220000000.0,
      "Change In Other Current Assets": -16144000000.0,
      "Change In Payable": 91000000.0,
      "Change In Inventory": 2000000.0,
      "Change In Receivables": 525000000.0,
      "Other Non Cash Items": 3600000000.0,
      "Provisionand Write Offof Assets": 439000000.0,
      "Depreciation And Amortization": 830000000.0,
      "Amortization Cash Flow": 354000000.0,
      "Depreciation": 830000000.0,
      "Pension And Employee Benefit Expense": -116000000.0,
      "Gain Loss On Investment Securities": -1000000.0,
      "Net Income From Continuing Operations": 2433000000.0
    },
    "2021-12-31T00:00:00": {
      "Free Cash Flow": 3430000000.0,
      "Capital Expenditure": -754000000.0,
      "End Cash Position": 7958000000.0,
      "Beginning Cash Position": 4516000000.0,
      "Effect Of Exchange Rate Changes": 1000000.0,
      "Changes In Cash": 3441000000.0,
      "Financing Cash Flow": -321000000.0,
      "Net Other Financing Charges": 794000000.0,
      "Cash Dividends Paid": -662000000.0,
      "Common Stock Dividend Paid": -662000000.0,
      "Net Common Stock Issuance": 0.0,
      "Net Issuance Payments Of Debt": -453000000.0,
      "Net Short Term Debt Issuance": -366000000.0,
      "Net Long Term Debt Issuance": -87000000.0,
      "Investing Cash Flow": -422000000.0,
      "Net Investment Purchase And Sale": 369000000.0,
      "Sale Of Investment": 423000000.0,
      "Purchase Of Investment": -54000000.0,
      "Net Investment Properties Purchase And Sale": 0.0,
      "Purchase Of Investment Properties": 0.0,
      "Net Business Purchase And Sale": -40000000.0,
      "Sale Of Business": null,
      "Purchase Of Business": -40000000.0,
      "Net Intangibles Purchase And Sale": -412000000.0,
      "Purchase Of Intangibles": -412000000.0,
      "Net PPE Purchase And Sale": -339000000.0,
      "Sale Of PPE": 3000000.0,
      "Purchase Of PPE": -342000000.0,
      "Operating Cash Flow": 4184000000.0,
      "Taxes Refund Paid": -394000000.0,
      "Interest Received Cfo": 133000000.0,
      "Interest Paid Cfo": -32000000.0,
      "Dividend Received Cfo": 0.0,
      "Change In Working Capital": 7482000000.0,
      "Change In Other Current Liabilities": 11057000000.0,
      "Change In Other Current Assets": -13294000000.0,
      "Change In Payable": 129000000.0,
      "Change In Inventory": 11000000.0,
      "Change In Receivables": -755000000.0,
      "Other Non Cash Items": -4239000000.0,
      "Provisionand Write Offof Assets": 363000000.0,
      "Depreciation And Amortization": 803000000.0,
      "Amortization Cash Flow": 345000000.0,
      "Depreciation": 458000000.0,
      "Pension And Employee Benefit Expense": -128000000.0,
      "Gain Loss On Investment Securities": 2000000.0,
      "Net Income From Continuing Operations": 2168000000.0
    }
  },
  "earnings_estimate": {
    "avg": {
      "0q": 0.35507,
      "+1q": 0.4716,
      "0y": 1.73429,
      "+1y": 1.81053
    },
    "low": {
      "0q": 0.35507,
      "+1q": 0.47,
      "0y": 1.68,
      "+1y": 1.67
    },
    "high": {
      "0q": 0.35507,
      "+1q": 0.47321,
      "0y": 1.78,
      "+1y": 1.98
    },
    "yearAgoEps": {
      "0q": 0.597,
      "+1q": 0.458,
      "0y": 1.7816,
      "+1y": 1.73429
    },
    "numberOfAnalysts": {
      "0q": 1,
      "+1q": 2,
      "0y": 12,
      "+1y": 12
    },
    "growth": {
      "0q": -0.4052,
      "+1q": 0.0297,
      "0y": -0.026600001,
      "+1y": 0.044
    }
  },
  "revenue_estimate": {
    "avg": {
      "0q": 3376672450,
      "+1q": 3281989170,
      "0y": 13036345150,
      "+1y": 13345271220
    },
    "low": {
      "0q": 3323169250,
      "+1q": 3281342340,
      "0y": 12963302840,
      "+1y": 13143000000
    },
    "high": {
      "0q": 3404193000,
      "+1q": 3282636000,
      "0y": 13088381770,
      "+1y": 13478488000
    },
    "numberOfAnalysts": {
      "0q": 5,
      "+1q": 2,
      "0y": 14,
      "+1y": 14
    },
    "yearAgoRevenue": {
      "0q": 3363000000,
      "+1q": 3198000000,
      "0y": 12589000000,
      "+1y": 13036345150
    },
    "growth": {
      "0q": 0.0041,
      "+1q": 0.026300002,
      "0y": 0.0355,
      "+1y": 0.023699999
    }
  },
  "growth_estimates": {
    "stockTrend": {
      "0q": -0.4052,
      "+1q": null,
      "0y": -0.026600001,
      "+1y": 0.044,
      "LTG": null
    },
    "indexTrend": {
      "0q": 0.1273,
      "+1q": 0.103599995,
      "0y": 0.14310001,
      "+1y": 0.1557,
      "LTG": 0.122
    }
  },
  "revenue_forecasts": null,
  "dividend_rate": 1.15,
  "trailing_dividend_rate": 1.15
}