{
  "ticker": "RACE.MI",
  "name": "Ferrari",
  "country": "italy",
  "currency": "EUR",
  "last_fetched": "2026-02-26T20:48:38.161313",
  "market_cap": 56596590592,
  "revenue": 7145767936,
  "net_income": 1596919040,
  "pe_ratio": 35.590202,
  "forward_pe": 30.632746,
  "dividend_yield": 1.13,
  "profit_margin": 0.22348,
  "roe": 0.42894,
  "debt_to_equity": 73.676,
  "beta": 0.52,
  "ev_to_ebitda": 24.138,
  "sector": "Consumer Cyclical",
  "industry": "Auto Manufacturers",
  "summary": "Ferrari N.V., through its subsidiaries, engages in design, engineering, production, and sale of luxury performance sports cars worldwide. It offers sports, track, one-off, and road cars, as well as supercars. The company also provides spare parts and engines, as well as after sales, repair, maintenance, and restoration services for cars; and licenses its Ferrari brand to various producers and retailers of luxury and lifestyle goods. In addition, it operates Ferrari museums in Modena and Maranello; Il Cavallino restaurant in Maranello; and theme parks in Abu Dhabi and Spain. Further, the company provides direct or indirect finance and leasing services; range of financial and ancillary services; special financing arrangements; and operates franchised and owned Ferrari stores. The company was founded in 1947 and is headquartered in Maranello, Italy.",
  "website": "https://www.ferrari.com",
  "employees": 5718,
  "target_high": 430.0,
  "target_low": 310.0,
  "target_mean": 369.69443,
  "target_median": 373.5,
  "recommendation": "buy",
  "num_analysts": 18,
  "income_stmt": {
    "2024-12-31T00:00:00": {
      "Tax Effect Of Unusual Items": -1350912.0,
      "Tax Rate For Calcs": 0.192,
      "Normalized EBITDA": 2602823000.0,
      "Total Unusual Items": -7036000.0,
      "Total Unusual Items Excluding Goodwill": -7036000.0,
      "Net Income From Continuing Operation Net Minority Interest": 1521877000.0,
      "Reconciled Depreciation": 666777000.0,
      "Reconciled Cost Of Revenue": 3329483000.0,
      "EBITDA": 2595787000.0,
      "EBIT": 1929010000.0,
      "Net Interest Income": 8241000.0,
      "Interest Expense": 40054000.0,
      "Interest Income": 31486000.0,
      "Normalized Income": 1527562088.0,
      "Net Income From Continuing And Discontinued Operation": 1521877000.0,
      "Total Expenses": 4797162000.0,
      "Total Operating Income As Reported": 1887751000.0,
      "Diluted Average Shares": 179992000.0,
      "Basic Average Shares": 179743000.0,
      "Diluted EPS": 8.46,
      "Basic EPS": 8.47,
      "Diluted NI Availto Com Stockholders": 1521877000.0,
      "Net Income Common Stockholders": 1521877000.0,
      "Net Income": 1521877000.0,
      "Minority Interests": -4036000.0,
      "Net Income Including Noncontrolling Interests": 1525913000.0,
      "Net Income Continuous Operations": 1525913000.0,
      "Tax Provision": 363043000.0,
      "Pretax Income": 1888956000.0,
      "Other Income Expense": 1209000.0,
      "Other Non Operating Income Expenses": null,
      "Earnings From Equity Interest": 8245000.0,
      "Gain On Sale Of Security": -7036000.0,
      "Net Non Operating Interest Income Expense": 8241000.0,
      "Total Other Finance Cost": -16809000.0,
      "Interest Expense Non Operating": 40054000.0,
      "Interest Income Non Operating": 31486000.0,
      "Operating Income": 1879506000.0,
      "Operating Expense": 1467679000.0,
      "Other Operating Expenses": 12443000.0,
      "Research And Development": 894092000.0,
      "Selling General And Administration": 561144000.0,
      "Selling And Marketing Expense": 288538000.0,
      "General And Administrative Expense": 272606000.0,
      "Other Gand A": 272606000.0,
      "Gross Profit": 3347185000.0,
      "Cost Of Revenue": 3329483000.0,
      "Total Revenue": 6676668000.0,
      "Operating Revenue": 6397464000.0
    },
    "2023-12-31T00:00:00": {
      "Tax Effect Of Unusual Items": -4342355.0,
      "Tax Rate For Calcs": 0.215,
      "Normalized EBITDA": 2314114000.0,
      "Total Unusual Items": -20197000.0,
      "Total Unusual Items Excluding Goodwill": -20197000.0,
      "Net Income From Continuing Operation Net Minority Interest": 1252048000.0,
      "Reconciled Depreciation": 662305000.0,
      "Reconciled Cost Of Revenue": 2995877000.0,
      "EBITDA": 2293917000.0,
      "EBIT": 1631612000.0,
      "Net Interest Income": 5182000.0,
      "Interest Expense": 29258000.0,
      "Interest Income": 25813000.0,
      "Normalized Income": 1267902645.0,
      "Net Income From Continuing And Discontinued Operation": 1252048000.0,
      "Total Expenses": 4358914000.0,
      "Total Operating Income As Reported": 1617369000.0,
      "Diluted Average Shares": 181511000.0,
      "Basic Average Shares": 181220000.0,
      "Diluted EPS": 6.9,
      "Basic EPS": 6.91,
      "Diluted NI Availto Com Stockholders": 1252048000.0,
      "Net Income Common Stockholders": 1252048000.0,
      "Net Income": 1252048000.0,
      "Minority Interests": -5409000.0,
      "Net Income Including Noncontrolling Interests": 1257457000.0,
      "Net Income Continuous Operations": 1257457000.0,
      "Tax Provision": 344897000.0,
      "Pretax Income": 1602354000.0,
      "Other Income Expense": -14060000.0,
      "Other Non Operating Income Expenses": null,
      "Earnings From Equity Interest": 6137000.0,
      "Gain On Sale Of Security": -20197000.0,
      "Net Non Operating Interest Income Expense": 5182000.0,
      "Total Other Finance Cost": -8627000.0,
      "Interest Expense Non Operating": 29258000.0,
      "Interest Income Non Operating": 25813000.0,
      "Operating Income": 1611232000.0,
      "Operating Expense": 1363037000.0,
      "Other Operating Expenses": 18898000.0,
      "Research And Development": 881559000.0,
      "Selling General And Administration": 462580000.0,
      "Selling And Marketing Expense": 236443000.0,
      "General And Administrative Expense": 226137000.0,
      "Other Gand A": 226137000.0,
      "Gross Profit": 2974269000.0,
      "Cost Of Revenue": 2995877000.0,
      "Total Revenue": 5970146000.0,
      "Operating Revenue": 5690940000.0
    },
    "2022-12-31T00:00:00": {
      "Tax Effect Of Unusual Items": -5236446.0,
      "Tax Rate For Calcs": 0.202,
      "Normalized EBITDA": 1775403000.0,
      "Total Unusual Items": -25923000.0,
      "Total Unusual Items Excluding Goodwill": -25923000.0,
      "Net Income From Continuing Operation Net Minority Interest": 932614000.0,
      "Reconciled Depreciation": 546225000.0,
      "Reconciled Cost Of Revenue": 2648953000.0,
      "EBITDA": 1749480000.0,
      "EBIT": 1203255000.0,
      "Net Interest Income": -23693000.0,
      "Interest Expense": 25489000.0,
      "Interest Income": 4150000.0,
      "Normalized Income": 953300554.0,
      "Net Income From Continuing And Discontinued Operation": 932614000.0,
      "Total Expenses": 3874047000.0,
      "Total Operating Income As Reported": 1227382000.0,
      "Diluted Average Shares": 183121000.0,
      "Basic Average Shares": 182836000.0,
      "Diluted EPS": 5.09,
      "Basic EPS": 5.11,
      "Diluted NI Availto Com Stockholders": 932614000.0,
      "Net Income Common Stockholders": 932614000.0,
      "Net Income": 932614000.0,
      "Minority Interests": -6680000.0,
      "Net Income Including Noncontrolling Interests": 939294000.0,
      "Net Income Continuous Operations": 939294000.0,
      "Tax Provision": 238472000.0,
      "Pretax Income": 1177766000.0,
      "Other Income Expense": -19748000.0,
      "Other Non Operating Income Expenses": -21548000.0,
      "Earnings From Equity Interest": 6175000.0,
      "Gain On Sale Of Security": -25923000.0,
      "Net Non Operating Interest Income Expense": -23693000.0,
      "Total Other Finance Cost": 2354000.0,
      "Interest Expense Non Operating": 25489000.0,
      "Interest Income Non Operating": 4150000.0,
      "Operating Income": 1221207000.0,
      "Operating Expense": 1225094000.0,
      "Other Operating Expenses": 21548000.0,
      "Research And Development": 775572000.0,
      "Selling General And Administration": 427974000.0,
      "Selling And Marketing Expense": 226988000.0,
      "General And Administrative Expense": 200986000.0,
      "Other Gand A": 200986000.0,
      "Gross Profit": 2446301000.0,
      "Cost Of Revenue": 2648953000.0,
      "Total Revenue": 5095254000.0,
      "Operating Revenue": 4819981000.0
    },
    "2021-12-31T00:00:00": {
      "Tax Effect Of Unusual Items": -2292807.0,
      "Tax Rate For Calcs": 0.201,
      "Normalized EBITDA": 1533296000.0,
      "Total Unusual Items": -11407000.0,
      "Total Unusual Items Excluding Goodwill": -11407000.0,
      "Net Income From Continuing Operation Net Minority Interest": 830767000.0,
      "Reconciled Depreciation": 455989000.0,
      "Reconciled Cost Of Revenue": 2080613000.0,
      "EBITDA": 1521889000.0,
      "EBIT": 1065900000.0,
      "Net Interest Income": -21850000.0,
      "Interest Expense": 23669000.0,
      "Interest Income": 1579000.0,
      "Normalized Income": 839881193.0,
      "Net Income From Continuing And Discontinued Operation": 830767000.0,
      "Total Expenses": 3202302000.0,
      "Total Operating Income As Reported": 1075488000.0,
      "Diluted Average Shares": 184771000.0,
      "Basic Average Shares": 184446000.0,
      "Diluted EPS": 4.5,
      "Basic EPS": 4.5,
      "Diluted NI Availto Com Stockholders": 830767000.0,
      "Net Income Common Stockholders": 830767000.0,
      "Net Income": 830767000.0,
      "Minority Interests": -2369000.0,
      "Net Income Including Noncontrolling Interests": 833136000.0,
      "Net Income Continuous Operations": 833136000.0,
      "Tax Provision": 209095000.0,
      "Pretax Income": 1042231000.0,
      "Other Income Expense": -4511000.0,
      "Other Non Operating Income Expenses": -5561000.0,
      "Earnings From Equity Interest": 6896000.0,
      "Gain On Sale Of Security": -11407000.0,
      "Net Non Operating Interest Income Expense": -21850000.0,
      "Total Other Finance Cost": -240000.0,
      "Interest Expense Non Operating": 23669000.0,
      "Interest Income Non Operating": 1579000.0,
      "Operating Income": 1068592000.0,
      "Operating Expense": 1121689000.0,
      "Other Operating Expenses": 5561000.0,
      "Research And Development": 768104000.0,
      "Selling General And Administration": 348024000.0,
      "Selling And Marketing Expense": 168466000.0,
      "General And Administrative Expense": 179558000.0,
      "Other Gand A": 179558000.0,
      "Gross Profit": 2190281000.0,
      "Cost Of Revenue": 2080613000.0,
      "Total Revenue": 4270894000.0,
      "Operating Revenue": 4193130000.0
    }
  },
  "quarterly_income": {
    "2025-12-31T00:00:00": {
      "Tax Effect Of Unusual Items": null,
      "Tax Rate For Calcs": null,
      "Normalized EBITDA": null,
      "Total Unusual Items": null,
      "Total Unusual Items Excluding Goodwill": null,
      "Net Income From Continuing Operation Net Minority Interest": null,
      "Reconciled Depreciation": null,
      "Reconciled Cost Of Revenue": null,
      "EBITDA": null,
      "EBIT": null,
      "Net Interest Income": null,
      "Interest Expense": null,
      "Interest Income": null,
      "Normalized Income": null,
      "Net Income From Continuing And Discontinued Operation": null,
      "Total Expenses": null,
      "Total Operating Income As Reported": null,
      "Diluted Average Shares": 177684000.0,
      "Basic Average Shares": 177488000.0,
      "Diluted EPS": 2.14,
      "Basic EPS": 2.14,
      "Diluted NI Availto Com Stockholders": null,
      "Net Income Common Stockholders": null,
      "Net Income": null,
      "Minority Interests": null,
      "Net Income Including Noncontrolling Interests": null,
      "Net Income Continuous Operations": null,
      "Tax Provision": null,
      "Pretax Income": null,
      "Other Income Expense": null,
      "Other Non Operating Income Expenses": null,
      "Earnings From Equity Interest": null,
      "Gain On Sale Of Security": null,
      "Net Non Operating Interest Income Expense": null,
      "Total Other Finance Cost": null,
      "Interest Expense Non Operating": null,
      "Interest Income Non Operating": null,
      "Operating Income": null,
      "Operating Expense": null,
      "Other Operating Expenses": null,
      "Research And Development": null,
      "Selling General And Administration": null,
      "Selling And Marketing Expense": null,
      "General And Administrative Expense": null,
      "Other Gand A": null,
      "Gross Profit": null,
      "Cost Of Revenue": null,
      "Total Revenue": null,
      "Operating Revenue": null
    },
    "2025-09-30T00:00:00": {
      "Tax Effect Of Unusual Items": -2255195.701482,
      "Tax Rate For Calcs": 0.219998,
      "Normalized EBITDA": 677579000.0,
      "Total Unusual Items": -10251000.0,
      "Total Unusual Items Excluding Goodwill": -10251000.0,
      "Net Income From Continuing Operation Net Minority Interest": 381324000.0,
      "Reconciled Depreciation": 167416000.0,
      "Reconciled Cost Of Revenue": 882180000.0,
      "EBITDA": 667328000.0,
      "EBIT": 499912000.0,
      "Net Interest Income": -2580000.0,
      "Interest Expense": 10534000.0,
      "Interest Income": 4757000.0,
      "Normalized Income": 389319804.298518,
      "Net Income From Continuing And Discontinued Operation": 381324000.0,
      "Total Expenses": 1266884000.0,
      "Total Operating Income As Reported": 502209000.0,
      "Diluted Average Shares": null,
      "Basic Average Shares": null,
      "Diluted EPS": null,
      "Basic EPS": null,
      "Diluted NI Availto Com Stockholders": 381324000.0,
      "Net Income Common Stockholders": 381324000.0,
      "Net Income": 381324000.0,
      "Minority Interests": -392000.0,
      "Net Income Including Noncontrolling Interests": 381716000.0,
      "Net Income Continuous Operations": 381716000.0,
      "Tax Provision": 107662000.0,
      "Pretax Income": 489378000.0,
      "Other Income Expense": -7314000.0,
      "Other Non Operating Income Expenses": null,
      "Earnings From Equity Interest": 2937000.0,
      "Gain On Sale Of Security": -10251000.0,
      "Net Non Operating Interest Income Expense": -2580000.0,
      "Total Other Finance Cost": -3197000.0,
      "Interest Expense Non Operating": 10534000.0,
      "Interest Income Non Operating": 4757000.0,
      "Operating Income": 499272000.0,
      "Operating Expense": 384704000.0,
      "Other Operating Expenses": 2200000.0,
      "Research And Development": 222172000.0,
      "Selling General And Administration": 160332000.0,
      "Selling And Marketing Expense": 87186000.0,
      "General And Administrative Expense": 73146000.0,
      "Other Gand A": 73146000.0,
      "Gross Profit": 883976000.0,
      "Cost Of Revenue": 882180000.0,
      "Total Revenue": 1766156000.0,
      "Operating Revenue": 1689921000.0
    },
    "2025-06-30T00:00:00": {
      "Tax Effect Of Unusual Items": -1424478.0,
      "Tax Rate For Calcs": 0.191,
      "Normalized EBITDA": 721247000.0,
      "Total Unusual Items": -7458000.0,
      "Total Unusual Items Excluding Goodwill": -7458000.0,
      "Net Income From Continuing Operation Net Minority Interest": 424266000.0,
      "Reconciled Depreciation": 156605000.0,
      "Reconciled Cost Of Revenue": 846590000.0,
      "EBITDA": 713789000.0,
      "EBIT": 557184000.0,
      "Net Interest Income": 86000.0,
      "Interest Expense": 12188000.0,
      "Interest Income": 5078000.0,
      "Normalized Income": 430299522.0,
      "Net Income From Continuing And Discontinued Operation": 424266000.0,
      "Total Expenses": 1238005000.0,
      "Total Operating Income As Reported": null,
      "Diluted Average Shares": 178427000.0,
      "Basic Average Shares": 178216000.0,
      "Diluted EPS": 2.38,
      "Basic EPS": 2.38,
      "Diluted NI Availto Com Stockholders": 424266000.0,
      "Net Income Common Stockholders": 424266000.0,
      "Net Income": 424266000.0,
      "Minority Interests": -830000.0,
      "Net Income Including Noncontrolling Interests": 425096000.0,
      "Net Income Continuous Operations": 425096000.0,
      "Tax Provision": 119900000.0,
      "Pretax Income": 544996000.0,
      "Other Income Expense": -4638000.0,
      "Other Non Operating Income Expenses": null,
      "Earnings From Equity Interest": 2820000.0,
      "Gain On Sale Of Security": -7458000.0,
      "Net Non Operating Interest Income Expense": 86000.0,
      "Total Other Finance Cost": -7196000.0,
      "Interest Expense Non Operating": 12188000.0,
      "Interest Income Non Operating": 5078000.0,
      "Operating Income": 549548000.0,
      "Operating Expense": 391415000.0,
      "Other Operating Expenses": 6454000.0,
      "Research And Development": 224991000.0,
      "Selling General And Administration": 159970000.0,
      "Selling And Marketing Expense": 94661000.0,
      "General And Administrative Expense": 65309000.0,
      "Other Gand A": 65309000.0,
      "Gross Profit": 940963000.0,
      "Cost Of Revenue": 846590000.0,
      "Total Revenue": 1787553000.0,
      "Operating Revenue": 1711333000.0
    },
    "2025-03-31T00:00:00": {
      "Tax Effect Of Unusual Items": -2856700.0,
      "Tax Rate For Calcs": 0.22,
      "Normalized EBITDA": 705061000.0,
      "Total Unusual Items": -12985000.0,
      "Total Unusual Items Excluding Goodwill": -12985000.0,
      "Net Income From Continuing Operation Net Minority Interest": 411643000.0,
      "Reconciled Depreciation": 150994000.0,
      "Reconciled Cost Of Revenue": 857491000.0,
      "EBITDA": 692076000.0,
      "EBIT": 541082000.0,
      "Net Interest Income": -1007000.0,
      "Interest Expense": 12812000.0,
      "Interest Income": 6280000.0,
      "Normalized Income": 421771300.0,
      "Net Income From Continuing And Discontinued Operation": 411643000.0,
      "Total Expenses": 1239351000.0,
      "Total Operating Income As Reported": null,
      "Diluted Average Shares": 178890000.0,
      "Basic Average Shares": 178651000.0,
      "Diluted EPS": 2.3,
      "Basic EPS": 2.3,
      "Diluted NI Availto Com Stockholders": 411643000.0,
      "Net Income Common Stockholders": 411643000.0,
      "Net Income": 411643000.0,
      "Minority Interests": -408000.0,
      "Net Income Including Noncontrolling Interests": 412051000.0,
      "Net Income Continuous Operations": 412051000.0,
      "Tax Provision": 116219000.0,
      "Pretax Income": 528270000.0,
      "Other Income Expense": -22122000.0,
      "Other Non Operating Income Expenses": -11735000.0,
      "Earnings From Equity Interest": 2598000.0,
      "Gain On Sale Of Security": -12985000.0,
      "Net Non Operating Interest Income Expense": -1007000.0,
      "Total Other Finance Cost": -5525000.0,
      "Interest Expense Non Operating": 12812000.0,
      "Interest Income Non Operating": 6280000.0,
      "Operating Income": 551399000.0,
      "Operating Expense": 381860000.0,
      "Other Operating Expenses": null,
      "Research And Development": 232791000.0,
      "Selling General And Administration": 149069000.0,
      "Selling And Marketing Expense": 82079000.0,
      "General And Administrative Expense": 66990000.0,
      "Other Gand A": 66990000.0,
      "Gross Profit": 933259000.0,
      "Cost Of Revenue": 857491000.0,
      "Total Revenue": 1790750000.0,
      "Operating Revenue": 1727655000.0
    },
    "2024-12-31T00:00:00": {
      "Tax Effect Of Unusual Items": 272532.834073,
      "Tax Rate For Calcs": 0.183771,
      "Normalized EBITDA": 652397000.0,
      "Total Unusual Items": 1483000.0,
      "Total Unusual Items Excluding Goodwill": 1483000.0,
      "Net Income From Continuing Operation Net Minority Interest": 384216000.0,
      "Reconciled Depreciation": 174364000.0,
      "Reconciled Cost Of Revenue": 864215000.0,
      "EBITDA": 653880000.0,
      "EBIT": 479516000.0,
      "Net Interest Income": 2882000.0,
      "Interest Expense": 7217000.0,
      "Interest Income": 7475000.0,
      "Normalized Income": 383005532.834073,
      "Net Income From Continuing And Discontinued Operation": 384216000.0,
      "Total Expenses": 1270209000.0,
      "Total Operating Income As Reported": 467934000.0,
      "Diluted Average Shares": null,
      "Basic Average Shares": null,
      "Diluted EPS": null,
      "Basic EPS": null,
      "Diluted NI Availto Com Stockholders": 384216000.0,
      "Net Income Common Stockholders": 384216000.0,
      "Net Income": 384216000.0,
      "Minority Interests": -1288000.0,
      "Net Income Including Noncontrolling Interests": 385504000.0,
      "Net Income Continuous Operations": 385504000.0,
      "Tax Provision": 86795000.0,
      "Pretax Income": 472299000.0,
      "Other Income Expense": 4085000.0,
      "Other Non Operating Income Expenses": null,
      "Earnings From Equity Interest": 2602000.0,
      "Gain On Sale Of Security": 1483000.0,
      "Net Non Operating Interest Income Expense": 2882000.0,
      "Total Other Finance Cost": -2624000.0,
      "Interest Expense Non Operating": 7217000.0,
      "Interest Income Non Operating": 7475000.0,
      "Operating Income": 465332000.0,
      "Operating Expense": 405994000.0,
      "Other Operating Expenses": 535000.0,
      "Research And Development": 246101000.0,
      "Selling General And Administration": 159358000.0,
      "Selling And Marketing Expense": 77156000.0,
      "General And Administrative Expense": 82202000.0,
      "Other Gand A": 82202000.0,
      "Gross Profit": 871326000.0,
      "Cost Of Revenue": 864215000.0,
      "Total Revenue": 1735541000.0,
      "Operating Revenue": 1654333000.0
    },
    "2024-09-30T00:00:00": {
      "Tax Effect Of Unusual Items": -264028.982458,
      "Tax Rate For Calcs": 0.194999,
      "Normalized EBITDA": 651087000.0,
      "Total Unusual Items": -1354000.0,
      "Total Unusual Items Excluding Goodwill": -1354000.0,
      "Net Income From Continuing Operation Net Minority Interest": 374173000.0,
      "Reconciled Depreciation": 171265000.0,
      "Reconciled Cost Of Revenue": 827074000.0,
      "EBITDA": 649733000.0,
      "EBIT": 478468000.0,
      "Net Interest Income": 467000.0,
      "Interest Expense": 12738000.0,
      "Interest Income": 8516000.0,
      "Normalized Income": 375262971.017542,
      "Net Income From Continuing And Discontinued Operation": 374173000.0,
      "Total Expenses": 1180018000.0,
      "Total Operating Income As Reported": 466617000.0,
      "Diluted Average Shares": 179840000.0,
      "Basic Average Shares": 179586000.0,
      "Diluted EPS": 2.08,
      "Basic EPS": 2.08,
      "Diluted NI Availto Com Stockholders": 374173000.0,
      "Net Income Common Stockholders": 374173000.0,
      "Net Income": 374173000.0,
      "Minority Interests": -740000.0,
      "Net Income Including Noncontrolling Interests": 374913000.0,
      "Net Income Continuous Operations": 374913000.0,
      "Tax Provision": 90817000.0,
      "Pretax Income": 465730000.0,
      "Other Income Expense": 842000.0,
      "Other Non Operating Income Expenses": null,
      "Earnings From Equity Interest": 2196000.0,
      "Gain On Sale Of Security": -1354000.0,
      "Net Non Operating Interest Income Expense": 467000.0,
      "Total Other Finance Cost": -4689000.0,
      "Interest Expense Non Operating": 12738000.0,
      "Interest Income Non Operating": 8516000.0,
      "Operating Income": 464421000.0,
      "Operating Expense": 352944000.0,
      "Other Operating Expenses": 5525000.0,
      "Research And Development": 212490000.0,
      "Selling General And Administration": 134929000.0,
      "Selling And Marketing Expense": 68234000.0,
      "General And Administrative Expense": 66695000.0,
      "Other Gand A": 66695000.0,
      "Gross Profit": 817365000.0,
      "Cost Of Revenue": 827074000.0,
      "Total Revenue": 1644439000.0,
      "Operating Revenue": 1574655000.0
    },
    "2024-06-30T00:00:00": {
      "Tax Effect Of Unusual Items": null,
      "Tax Rate For Calcs": null,
      "Normalized EBITDA": null,
      "Total Unusual Items": null,
      "Total Unusual Items Excluding Goodwill": null,
      "Net Income From Continuing Operation Net Minority Interest": null,
      "Reconciled Depreciation": null,
      "Reconciled Cost Of Revenue": null,
      "EBITDA": null,
      "EBIT": null,
      "Net Interest Income": null,
      "Interest Expense": null,
      "Interest Income": null,
      "Normalized Income": null,
      "Net Income From Continuing And Discontinued Operation": null,
      "Total Expenses": null,
      "Total Operating Income As Reported": null,
      "Diluted Average Shares": 180206000.0,
      "Basic Average Shares": 179952000.0,
      "Diluted EPS": 2.29,
      "Basic EPS": 2.29,
      "Diluted NI Availto Com Stockholders": null,
      "Net Income Common Stockholders": null,
      "Net Income": null,
      "Minority Interests": null,
      "Net Income Including Noncontrolling Interests": null,
      "Net Income Continuous Operations": null,
      "Tax Provision": null,
      "Pretax Income": null,
      "Other Income Expense": null,
      "Other Non Operating Income Expenses": null,
      "Earnings From Equity Interest": null,
      "Gain On Sale Of Security": null,
      "Net Non Operating Interest Income Expense": null,
      "Total Other Finance Cost": null,
      "Interest Expense Non Operating": null,
      "Interest Income Non Operating": null,
      "Operating Income": null,
      "Operating Expense": null,
      "Other Operating Expenses": -939000.0,
      "Research And Development": null,
      "Selling General And Administration": null,
      "Selling And Marketing Expense": null,
      "General And Administrative Expense": null,
      "Other Gand A": null,
      "Gross Profit": null,
      "Cost Of Revenue": null,
      "Total Revenue": null,
      "Operating Revenue": null
    }
  },
  "balance_sheet": {
    "2024-12-31T00:00:00": {
      "Treasury Shares Number": 14879168.0,
      "Ordinary Shares Number": 179044331.0,
      "Share Issued": 193923499.0,
      "Net Debt": 1483404000.0,
      "Total Debt": 3351888000.0,
      "Tangible Book Value": 1203100000.0,
      "Invested Capital": 6759564000.0,
      "Working Capital": 3528893000.0,
      "Net Tangible Assets": 1203100000.0,
      "Capital Lease Obligations": 126270000.0,
      "Common Stock Equity": 3533946000.0,
      "Total Capitalization": 6759564000.0,
      "Total Equity Gross Minority Interest": 3543238000.0,
      "Minority Interest": 9292000.0,
      "Stockholders Equity": 3533946000.0,
      "Gains Losses Not Affecting Retained Earnings": 13115000.0,
      "Other Equity Adjustments": -36848000.0,
      "Foreign Currency Translation Adjustments": 58648000.0,
      "Minimum Pension Liabilities": -8685000.0,
      "Retained Earnings": 3518258000.0,
      "Capital Stock": 2573000.0,
      "Common Stock": 2573000.0,
      "Total Liabilities Net Minority Interest": 5953908000.0,
      "Total Non Current Liabilities Net Minority Interest": 4462898000.0,
      "Other Non Current Liabilities": 44970000.0,
      "Derivative Product Liabilities": 61894000.0,
      "Employee Benefits": 134147000.0,
      "Tradeand Other Payables Non Current": null,
      "Non Current Deferred Liabilities": 663787000.0,
      "Non Current Deferred Revenue": null,
      "Non Current Deferred Taxes Liabilities": 110016000.0,
      "Long Term Debt And Capital Lease Obligation": 3351888000.0,
      "Long Term Capital Lease Obligation": 126270000.0,
      "Long Term Debt": 3225618000.0,
      "Long Term Provisions": 206212000.0,
      "Current Liabilities": 1491010000.0,
      "Current Deferred Liabilities": 335524000.0,
      "Current Deferred Revenue": 335524000.0,
      "Payables And Accrued Expenses": 1155486000.0,
      "Current Accrued Expenses": 100314000.0,
      "Payables": 1055172000.0,
      "Other Payable": 71642000.0,
      "Total Tax Payable": 37873000.0,
      "Accounts Payable": 945657000.0,
      "Total Assets": 9497146000.0,
      "Total Non Current Assets": 4477243000.0,
      "Non Current Deferred Assets": 236791000.0,
      "Non Current Deferred Taxes Assets": 236791000.0,
      "Investments And Advances": 80822000.0,
      "Investmentin Financial Assets": 17384000.0,
      "Available For Sale Securities": 17384000.0,
      "Long Term Equity Investment": 63438000.0,
      "Goodwill And Other Intangible Assets": 2330846000.0,
      "Other Intangible Assets": 1545664000.0,
      "Goodwill": 785182000.0,
      "Net PPE": 1828784000.0,
      "Accumulated Depreciation": -3147454000.0,
      "Gross PPE": 4976238000.0,
      "Construction In Progress": 499135000.0,
      "Other Properties": 316869000.0,
      "Machinery Furniture Equipment": 3349995000.0,
      "Buildings And Improvements": 657426000.0,
      "Land And Improvements": 152813000.0,
      "Properties": 0.0,
      "Current Assets": 5019903000.0,
      "Other Current Assets": 16943000.0,
      "Hedging Assets Current": 19350000.0,
      "Prepaid Assets": 63983000.0,
      "Inventory": 1088194000.0,
      "Finished Goods": 626563000.0,
      "Work In Process": 239388000.0,
      "Raw Materials": 222243000.0,
      "Receivables": 2083563000.0,
      "Taxes Receivable": 72755000.0,
      "Loans Receivable": 1661632000.0,
      "Accounts Receivable": 349176000.0,
      "Allowance For Doubtful Accounts Receivable": -33376000.0,
      "Gross Accounts Receivable": 382552000.0,
      "Cash Cash Equivalents And Short Term Investments": 1747870000.0,
      "Other Short Term Investments": 5656000.0,
      "Cash And Cash Equivalents": 1742214000.0
    },
    "2023-12-31T00:00:00": {
      "Treasury Shares Number": 13505409.0,
      "Ordinary Shares Number": 180418090.0,
      "Share Issued": 193923499.0,
      "Net Debt": 1282158000.0,
      "Total Debt": 2477186000.0,
      "Tangible Book Value": 856007000.0,
      "Invested Capital": 5465027000.0,
      "Working Capital": 2499451000.0,
      "Net Tangible Assets": 856007000.0,
      "Capital Lease Obligations": 73047000.0,
      "Common Stock Equity": 3060888000.0,
      "Total Capitalization": 5465027000.0,
      "Total Equity Gross Minority Interest": 3070622000.0,
      "Minority Interest": 9734000.0,
      "Stockholders Equity": 3060888000.0,
      "Gains Losses Not Affecting Retained Earnings": 64893000.0,
      "Other Equity Adjustments": 26352000.0,
      "Foreign Currency Translation Adjustments": 46710000.0,
      "Minimum Pension Liabilities": -8169000.0,
      "Retained Earnings": 2993422000.0,
      "Capital Stock": 2573000.0,
      "Common Stock": 2573000.0,
      "Total Liabilities Net Minority Interest": 4980690000.0,
      "Total Non Current Liabilities Net Minority Interest": 3494134000.0,
      "Other Non Current Liabilities": 40146000.0,
      "Derivative Product Liabilities": 13539000.0,
      "Employee Benefits": 123045000.0,
      "Tradeand Other Payables Non Current": 70737000.0,
      "Non Current Deferred Liabilities": 652942000.0,
      "Non Current Deferred Revenue": 295683000.0,
      "Non Current Deferred Taxes Liabilities": 136846000.0,
      "Long Term Debt And Capital Lease Obligation": 2477186000.0,
      "Long Term Capital Lease Obligation": 73047000.0,
      "Long Term Debt": 2404139000.0,
      "Long Term Provisions": 187276000.0,
      "Current Liabilities": 1486556000.0,
      "Current Deferred Liabilities": 295683000.0,
      "Current Deferred Revenue": 295683000.0,
      "Payables And Accrued Expenses": 1190873000.0,
      "Current Accrued Expenses": 100305000.0,
      "Payables": 1090568000.0,
      "Other Payable": 70737000.0,
      "Total Tax Payable": 89271000.0,
      "Accounts Payable": 930560000.0,
      "Total Assets": 8051312000.0,
      "Total Non Current Assets": 4065305000.0,
      "Non Current Deferred Assets": 217553000.0,
      "Non Current Deferred Taxes Assets": 217553000.0,
      "Investments And Advances": 67671000.0,
      "Investmentin Financial Assets": 12471000.0,
      "Available For Sale Securities": 12471000.0,
      "Long Term Equity Investment": 55200000.0,
      "Goodwill And Other Intangible Assets": 2204881000.0,
      "Other Intangible Assets": 1419699000.0,
      "Goodwill": 785182000.0,
      "Net PPE": 1575200000.0,
      "Accumulated Depreciation": -2961946000.0,
      "Gross PPE": 4537146000.0,
      "Construction In Progress": 391792000.0,
      "Other Properties": 265245000.0,
      "Machinery Furniture Equipment": 3205733000.0,
      "Buildings And Improvements": 523147000.0,
      "Land And Improvements": 151229000.0,
      "Properties": 0.0,
      "Current Assets": 3986007000.0,
      "Other Current Assets": 10853000.0,
      "Hedging Assets Current": 55562000.0,
      "Prepaid Assets": 53846000.0,
      "Inventory": 948514000.0,
      "Finished Goods": 515476000.0,
      "Work In Process": 229791000.0,
      "Raw Materials": 203247000.0,
      "Receivables": 1789683000.0,
      "Taxes Receivable": 77145000.0,
      "Loans Receivable": 1451158000.0,
      "Accounts Receivable": 261380000.0,
      "Allowance For Doubtful Accounts Receivable": -25418000.0,
      "Gross Accounts Receivable": 286798000.0,
      "Cash Cash Equivalents And Short Term Investments": 1127549000.0,
      "Other Short Term Investments": 5568000.0,
      "Cash And Cash Equivalents": 1121981000.0
    },
    "2022-12-31T00:00:00": {
      "Treasury Shares Number": 11970001.0,
      "Ordinary Shares Number": 181953498.0,
      "Share Issued": 193923499.0,
      "Net Debt": 1365455000.0,
      "Total Debt": 2811779000.0,
      "Tangible Book Value": 500287000.0,
      "Invested Capital": 5347213000.0,
      "Working Capital": 2539806000.0,
      "Net Tangible Assets": 500287000.0,
      "Capital Lease Obligations": 57423000.0,
      "Common Stock Equity": 2592857000.0,
      "Total Capitalization": 5347213000.0,
      "Total Equity Gross Minority Interest": 2602487000.0,
      "Minority Interest": 9630000.0,
      "Stockholders Equity": 2592857000.0,
      "Gains Losses Not Affecting Retained Earnings": 90513000.0,
      "Other Equity Adjustments": 46233000.0,
      "Foreign Currency Translation Adjustments": 52618000.0,
      "Minimum Pension Liabilities": -8338000.0,
      "Retained Earnings": 2499771000.0,
      "Capital Stock": 2573000.0,
      "Common Stock": 2573000.0,
      "Total Liabilities Net Minority Interest": 5163336000.0,
      "Total Non Current Liabilities Net Minority Interest": 3750630000.0,
      "Other Non Current Liabilities": 49684000.0,
      "Derivative Product Liabilities": 19993000.0,
      "Employee Benefits": 110807000.0,
      "Tradeand Other Payables Non Current": 82287000.0,
      "Non Current Deferred Liabilities": 577673000.0,
      "Non Current Deferred Revenue": 270353000.0,
      "Non Current Deferred Taxes Liabilities": 126507000.0,
      "Long Term Debt And Capital Lease Obligation": 2811779000.0,
      "Long Term Capital Lease Obligation": 57423000.0,
      "Long Term Debt": 2754356000.0,
      "Long Term Provisions": 180694000.0,
      "Current Liabilities": 1412706000.0,
      "Current Deferred Liabilities": 270353000.0,
      "Current Deferred Revenue": 270353000.0,
      "Payables And Accrued Expenses": 1142353000.0,
      "Current Accrued Expenses": 98535000.0,
      "Payables": 1043818000.0,
      "Other Payable": 82287000.0,
      "Total Tax Payable": 58563000.0,
      "Accounts Payable": 902968000.0,
      "Total Assets": 7765823000.0,
      "Total Non Current Assets": 3813311000.0,
      "Non Current Deferred Assets": 203382000.0,
      "Non Current Deferred Taxes Assets": 203382000.0,
      "Investments And Advances": 59534000.0,
      "Investmentin Financial Assets": 10447000.0,
      "Available For Sale Securities": 10447000.0,
      "Long Term Equity Investment": 49087000.0,
      "Goodwill And Other Intangible Assets": 2092570000.0,
      "Other Intangible Assets": 1307388000.0,
      "Goodwill": 785182000.0,
      "Net PPE": 1457825000.0,
      "Accumulated Depreciation": -2740038000.0,
      "Gross PPE": 4197863000.0,
      "Construction In Progress": 238614000.0,
      "Other Properties": 258673000.0,
      "Machinery Furniture Equipment": 3070534000.0,
      "Buildings And Improvements": 498052000.0,
      "Land And Improvements": 131990000.0,
      "Properties": 0.0,
      "Current Assets": 3952512000.0,
      "Other Current Assets": 30417000.0,
      "Hedging Assets Current": 80233000.0,
      "Prepaid Assets": 42908000.0,
      "Inventory": 674662000.0,
      "Finished Goods": 386773000.0,
      "Work In Process": 145459000.0,
      "Raw Materials": 142430000.0,
      "Receivables": 1728323000.0,
      "Taxes Receivable": 95912000.0,
      "Loans Receivable": 1399997000.0,
      "Accounts Receivable": 232414000.0,
      "Allowance For Doubtful Accounts Receivable": -25800000.0,
      "Gross Accounts Receivable": 258214000.0,
      "Cash Cash Equivalents And Short Term Investments": 1395969000.0,
      "Other Short Term Investments": 7068000.0,
      "Cash And Cash Equivalents": 1388901000.0
    },
    "2021-12-31T00:00:00": {
      "Treasury Shares Number": 10080103.0,
      "Ordinary Shares Number": 183843396.0,
      "Share Issued": 193923499.0,
      "Net Debt": 1229655000.0,
      "Total Debt": 2630011000.0,
      "Tangible Book Value": 282543000.0,
      "Invested Capital": 4779699000.0,
      "Working Capital": 2037612000.0,
      "Net Tangible Assets": 282543000.0,
      "Capital Lease Obligations": 56210000.0,
      "Common Stock Equity": 2205898000.0,
      "Total Capitalization": 4779699000.0,
      "Total Equity Gross Minority Interest": 2211416000.0,
      "Minority Interest": 5518000.0,
      "Stockholders Equity": 2205898000.0,
      "Gains Losses Not Affecting Retained Earnings": 10872000.0,
      "Other Equity Adjustments": -22006000.0,
      "Foreign Currency Translation Adjustments": 42518000.0,
      "Minimum Pension Liabilities": -9640000.0,
      "Retained Earnings": 2192453000.0,
      "Capital Stock": 2573000.0,
      "Common Stock": 2573000.0,
      "Total Liabilities Net Minority Interest": 4652089000.0,
      "Total Non Current Liabilities Net Minority Interest": 3325982000.0,
      "Other Non Current Liabilities": 70714000.0,
      "Derivative Product Liabilities": 36520000.0,
      "Employee Benefits": 101200000.0,
      "Tradeand Other Payables Non Current": 78372000.0,
      "Non Current Deferred Liabilities": 336669000.0,
      "Non Current Deferred Revenue": 256206000.0,
      "Non Current Deferred Taxes Liabilities": 95973000.0,
      "Long Term Debt And Capital Lease Obligation": 2630011000.0,
      "Long Term Capital Lease Obligation": 56210000.0,
      "Long Term Debt": 2573801000.0,
      "Long Term Provisions": 150868000.0,
      "Current Liabilities": 1326107000.0,
      "Current Deferred Liabilities": 256206000.0,
      "Current Deferred Revenue": 256206000.0,
      "Payables And Accrued Expenses": 1069901000.0,
      "Current Accrued Expenses": 80787000.0,
      "Payables": 989114000.0,
      "Other Payable": 78372000.0,
      "Total Tax Payable": 112910000.0,
      "Accounts Payable": 797832000.0,
      "Total Assets": 6863505000.0,
      "Total Non Current Assets": 3499786000.0,
      "Non Current Deferred Assets": 168757000.0,
      "Non Current Deferred Taxes Assets": 168757000.0,
      "Investments And Advances": 54509000.0,
      "Investmentin Financial Assets": 11582000.0,
      "Available For Sale Securities": 11582000.0,
      "Long Term Equity Investment": 42927000.0,
      "Goodwill And Other Intangible Assets": 1923355000.0,
      "Other Intangible Assets": 1138173000.0,
      "Goodwill": 785182000.0,
      "Net PPE": 1353165000.0,
      "Accumulated Depreciation": -2502285000.0,
      "Gross PPE": 3855450000.0,
      "Construction In Progress": 318900000.0,
      "Other Properties": 233094000.0,
      "Machinery Furniture Equipment": 2766723000.0,
      "Buildings And Improvements": 486677000.0,
      "Land And Improvements": 50056000.0,
      "Properties": 0.0,
      "Current Assets": 3363719000.0,
      "Other Current Assets": 24862000.0,
      "Hedging Assets Current": 11565000.0,
      "Prepaid Assets": 36084000.0,
      "Inventory": 540575000.0,
      "Finished Goods": 319992000.0,
      "Work In Process": 121201000.0,
      "Raw Materials": 99382000.0,
      "Receivables": 1404552000.0,
      "Taxes Receivable": 75584000.0,
      "Loans Receivable": 1143968000.0,
      "Accounts Receivable": 185000000.0,
      "Allowance For Doubtful Accounts Receivable": -25984000.0,
      "Gross Accounts Receivable": 210984000.0,
      "Cash Cash Equivalents And Short Term Investments": 1346081000.0,
      "Other Short Term Investments": 1935000.0,
      "Cash And Cash Equivalents": 1344146000.0
    }
  },
  "cashflow": {
    "2024-12-31T00:00:00": {
      "Free Cash Flow": 937505000.0,
      "Repurchase Of Capital Stock": -581084000.0,
      "Repayment Of Debt": -411637000.0,
      "Issuance Of Debt": 1112666000.0,
      "Capital Expenditure": -989151000.0,
      "End Cash Position": 1742214000.0,
      "Beginning Cash Position": 1121981000.0,
      "Effect Of Exchange Rate Changes": 5448000.0,
      "Changes In Cash": 614785000.0,
      "Financing Cash Flow": -324761000.0,
      "Cash Flow From Continuing Financing Activities": -324761000.0,
      "Net Other Financing Charges": -4788000.0,
      "Cash Dividends Paid": -439918000.0,
      "Common Stock Dividend Paid": -439918000.0,
      "Net Common Stock Issuance": -581084000.0,
      "Common Stock Payments": -581084000.0,
      "Net Issuance Payments Of Debt": 701029000.0,
      "Net Long Term Debt Issuance": 701029000.0,
      "Long Term Debt Payments": -411637000.0,
      "Long Term Debt Issuance": 1112666000.0,
      "Investing Cash Flow": -987110000.0,
      "Cash Flow From Continuing Investing Activities": -987110000.0,
      "Net Business Purchase And Sale": 0.0,
      "Purchase Of Business": 0.0,
      "Net Intangibles Purchase And Sale": -506874000.0,
      "Purchase Of Intangibles": -506874000.0,
      "Net PPE Purchase And Sale": -480236000.0,
      "Sale Of PPE": 2041000.0,
      "Purchase Of PPE": -482277000.0,
      "Operating Cash Flow": 1926656000.0,
      "Cash Flow From Continuing Operating Activities": 1926656000.0,
      "Taxes Refund Paid": -409786000.0,
      "Interest Received Cfo": 49673000.0,
      "Interest Paid Cfo": -50354000.0,
      "Change In Working Capital": -382615000.0,
      "Change In Other Working Capital": -20045000.0,
      "Change In Payables And Accrued Expense": 7672000.0,
      "Change In Payable": 7672000.0,
      "Change In Account Payable": 7672000.0,
      "Change In Inventory": -157526000.0,
      "Change In Receivables": -212716000.0,
      "Changes In Account Receivables": -94029000.0,
      "Other Non Cash Items": 83668000.0,
      "Provisionand Write Offof Assets": 81546000.0,
      "Deferred Tax": 363043000.0,
      "Deferred Income Tax": 363043000.0,
      "Depreciation Amortization Depletion": 666777000.0,
      "Depreciation And Amortization": 666777000.0,
      "Amortization Cash Flow": 367139000.0,
      "Amortization Of Intangibles": 367139000.0,
      "Depreciation": 299638000.0,
      "Operating Gains Losses": -1209000.0,
      "Earnings Losses From Equity Investments": -8245000.0,
      "Gain Loss On Investment Securities": null,
      "Net Foreign Currency Exchange Gain Loss": 7036000.0,
      "Net Income From Continuing Operations": 1525913000.0
    },
    "2023-12-31T00:00:00": {
      "Free Cash Flow": 847727000.0,
      "Repurchase Of Capital Stock": -460629000.0,
      "Repayment Of Debt": -751070000.0,
      "Issuance Of Debt": 435813000.0,
      "Capital Expenditure": -868910000.0,
      "End Cash Position": 1121981000.0,
      "Beginning Cash Position": 1388901000.0,
      "Effect Of Exchange Rate Changes": -7698000.0,
      "Changes In Cash": -259222000.0,
      "Financing Cash Flow": -1109407000.0,
      "Cash Flow From Continuing Financing Activities": -1109407000.0,
      "Net Other Financing Charges": -4890000.0,
      "Cash Dividends Paid": -328631000.0,
      "Common Stock Dividend Paid": -328631000.0,
      "Net Common Stock Issuance": -460629000.0,
      "Common Stock Payments": -460629000.0,
      "Net Issuance Payments Of Debt": -315257000.0,
      "Net Long Term Debt Issuance": -315257000.0,
      "Long Term Debt Payments": -751070000.0,
      "Long Term Debt Issuance": 435813000.0,
      "Investing Cash Flow": -866452000.0,
      "Cash Flow From Continuing Investing Activities": -866452000.0,
      "Net Business Purchase And Sale": 0.0,
      "Purchase Of Business": 0.0,
      "Net Intangibles Purchase And Sale": -487148000.0,
      "Purchase Of Intangibles": -487148000.0,
      "Net PPE Purchase And Sale": -379304000.0,
      "Sale Of PPE": 2458000.0,
      "Purchase Of PPE": -381762000.0,
      "Operating Cash Flow": 1716637000.0,
      "Cash Flow From Continuing Operating Activities": 1716637000.0,
      "Taxes Refund Paid": -292463000.0,
      "Interest Received Cfo": 32432000.0,
      "Interest Paid Cfo": -83243000.0,
      "Change In Working Capital": -358273000.0,
      "Change In Other Working Capital": 48642000.0,
      "Change In Payables And Accrued Expense": 43277000.0,
      "Change In Payable": 43277000.0,
      "Change In Account Payable": 43277000.0,
      "Change In Inventory": -309564000.0,
      "Change In Receivables": -140628000.0,
      "Changes In Account Receivables": -33381000.0,
      "Other Non Cash Items": 74631000.0,
      "Provisionand Write Offof Assets": 64834000.0,
      "Deferred Tax": 344897000.0,
      "Deferred Income Tax": 344897000.0,
      "Depreciation Amortization Depletion": 662305000.0,
      "Depreciation And Amortization": 662305000.0,
      "Amortization Cash Flow": 372101000.0,
      "Amortization Of Intangibles": 372101000.0,
      "Depreciation": 290204000.0,
      "Operating Gains Losses": 14060000.0,
      "Earnings Losses From Equity Investments": -6137000.0,
      "Gain Loss On Investment Securities": null,
      "Net Foreign Currency Exchange Gain Loss": 20197000.0,
      "Net Income From Continuing Operations": 1257457000.0
    },
    "2022-12-31T00:00:00": {
      "Free Cash Flow": 598721000.0,
      "Repurchase Of Capital Stock": -396522000.0,
      "Repayment Of Debt": -167539000.0,
      "Issuance Of Debt": 262289000.0,
      "Capital Expenditure": -804619000.0,
      "End Cash Position": 1388901000.0,
      "Beginning Cash Position": 1344146000.0,
      "Effect Of Exchange Rate Changes": 383000.0,
      "Changes In Cash": 44372000.0,
      "Financing Cash Flow": -553560000.0,
      "Cash Flow From Continuing Financing Activities": -553560000.0,
      "Net Other Financing Charges": -2266000.0,
      "Cash Dividends Paid": -249522000.0,
      "Common Stock Dividend Paid": -249522000.0,
      "Net Common Stock Issuance": -396522000.0,
      "Common Stock Payments": -396522000.0,
      "Net Issuance Payments Of Debt": 94750000.0,
      "Net Long Term Debt Issuance": 94750000.0,
      "Long Term Debt Payments": -167539000.0,
      "Long Term Debt Issuance": 262289000.0,
      "Investing Cash Flow": -805408000.0,
      "Cash Flow From Continuing Investing Activities": -805408000.0,
      "Net Business Purchase And Sale": -1367000.0,
      "Purchase Of Business": -1367000.0,
      "Net Intangibles Purchase And Sale": -456894000.0,
      "Purchase Of Intangibles": -456894000.0,
      "Net PPE Purchase And Sale": -347147000.0,
      "Sale Of PPE": 578000.0,
      "Purchase Of PPE": -347725000.0,
      "Operating Cash Flow": 1403340000.0,
      "Cash Flow From Continuing Operating Activities": 1403340000.0,
      "Taxes Refund Paid": -304692000.0,
      "Interest Received Cfo": 5158000.0,
      "Interest Paid Cfo": -37351000.0,
      "Change In Working Capital": -146191000.0,
      "Change In Other Working Capital": 140008000.0,
      "Change In Payables And Accrued Expense": 103981000.0,
      "Change In Payable": 103981000.0,
      "Change In Account Payable": 103981000.0,
      "Change In Inventory": -153890000.0,
      "Change In Receivables": -236290000.0,
      "Changes In Account Receivables": -48400000.0,
      "Other Non Cash Items": 70346000.0,
      "Provisionand Write Offof Assets": 72331000.0,
      "Deferred Tax": 238472000.0,
      "Deferred Income Tax": 238472000.0,
      "Depreciation Amortization Depletion": 546225000.0,
      "Depreciation And Amortization": 546225000.0,
      "Amortization Cash Flow": 286376000.0,
      "Amortization Of Intangibles": 286376000.0,
      "Depreciation": 259849000.0,
      "Operating Gains Losses": 19748000.0,
      "Earnings Losses From Equity Investments": -6175000.0,
      "Gain Loss On Investment Securities": null,
      "Net Foreign Currency Exchange Gain Loss": 25923000.0,
      "Net Income From Continuing Operations": 939294000.0
    },
    "2021-12-31T00:00:00": {
      "Free Cash Flow": 545583000.0,
      "Repurchase Of Capital Stock": -230899000.0,
      "Repayment Of Debt": -745136000.0,
      "Issuance Of Debt": 557818000.0,
      "Capital Expenditure": -737143000.0,
      "End Cash Position": 1344146000.0,
      "Beginning Cash Position": 1362406000.0,
      "Effect Of Exchange Rate Changes": 11424000.0,
      "Changes In Cash": -29684000.0,
      "Financing Cash Flow": -579672000.0,
      "Cash Flow From Continuing Financing Activities": -579672000.0,
      "Net Other Financing Charges": -1354000.0,
      "Cash Dividends Paid": -160101000.0,
      "Common Stock Dividend Paid": -160101000.0,
      "Net Common Stock Issuance": -230899000.0,
      "Common Stock Payments": -230899000.0,
      "Net Issuance Payments Of Debt": -187318000.0,
      "Net Long Term Debt Issuance": -187318000.0,
      "Long Term Debt Payments": -745136000.0,
      "Long Term Debt Issuance": 557818000.0,
      "Investing Cash Flow": -732738000.0,
      "Cash Flow From Continuing Investing Activities": -732738000.0,
      "Net Business Purchase And Sale": 0.0,
      "Purchase Of Business": 0.0,
      "Net Intangibles Purchase And Sale": -384827000.0,
      "Purchase Of Intangibles": -384827000.0,
      "Net PPE Purchase And Sale": -347911000.0,
      "Sale Of PPE": 4405000.0,
      "Purchase Of PPE": -352316000.0,
      "Operating Cash Flow": 1282726000.0,
      "Cash Flow From Continuing Operating Activities": 1282726000.0,
      "Taxes Refund Paid": -109001000.0,
      "Interest Received Cfo": 1679000.0,
      "Interest Paid Cfo": -29202000.0,
      "Change In Working Capital": -159556000.0,
      "Change In Other Working Capital": -29840000.0,
      "Change In Payables And Accrued Expense": 72568000.0,
      "Change In Payable": 72568000.0,
      "Change In Account Payable": 72568000.0,
      "Change In Inventory": -81309000.0,
      "Change In Receivables": -120975000.0,
      "Changes In Account Receivables": 1771000.0,
      "Other Non Cash Items": 45791000.0,
      "Provisionand Write Offof Assets": 30284000.0,
      "Deferred Tax": 209095000.0,
      "Deferred Income Tax": 209095000.0,
      "Depreciation Amortization Depletion": 455989000.0,
      "Depreciation And Amortization": 455989000.0,
      "Amortization Cash Flow": 225892000.0,
      "Amortization Of Intangibles": 225892000.0,
      "Depreciation": 230097000.0,
      "Operating Gains Losses": 4511000.0,
      "Earnings Losses From Equity Investments": -6896000.0,
      "Gain Loss On Investment Securities": -6896000.0,
      "Net Foreign Currency Exchange Gain Loss": 11407000.0,
      "Net Income From Continuing Operations": 833136000.0
    }
  },
  "earnings_estimate": {
    "avg": {
      "0q": 2.11,
      "+1q": 2.33,
      "0y": 9.53015,
      "+1y": 10.43026
    },
    "low": {
      "0q": 2.1,
      "+1q": 2.22,
      "0y": 8.96558,
      "+1y": 9.24995
    },
    "high": {
      "0q": 2.12,
      "+1q": 2.44,
      "0y": 9.94,
      "+1y": 11.22
    },
    "yearAgoEps": {
      "0q": 2.3,
      "+1q": 2.38,
      "0y": 8.96,
      "+1y": 9.53405
    },
    "numberOfAnalysts": {
      "0q": 2,
      "+1q": 2,
      "0y": 18,
      "+1y": 14
    },
    "growth": {
      "0q": -0.082600005,
      "+1q": -0.021,
      "0y": 0.0636,
      "+1y": 0.094
    }
  },
  "revenue_estimate": {
    "avg": {
      "0q": 1768994990,
      "+1q": 1861485740,
      "0y": 7546381800,
      "+1y": 8087694930
    },
    "low": {
      "0q": 1731000000,
      "+1q": 1805000000,
      "0y": 7363290830,
      "+1y": 7570234260
    },
    "high": {
      "0q": 1850578960,
      "+1q": 1921364000,
      "0y": 7645596000,
      "+1y": 8385096369
    },
    "numberOfAnalysts": {
      "0q": 4,
      "+1q": 4,
      "0y": 22,
      "+1y": 22
    },
    "yearAgoRevenue": {
      "0q": 1791000000,
      "+1q": 1787000000,
      "0y": 7146000000,
      "+1y": 7546381800
    },
    "growth": {
      "0q": -0.0123000005,
      "+1q": 0.0417,
      "0y": 0.055999998,
      "+1y": 0.0717
    }
  },
  "growth_estimates": {
    "stockTrend": {
      "0q": -0.082600005,
      "+1q": -0.021,
      "0y": 0.0636,
      "+1y": 0.094799995,
      "LTG": null
    },
    "indexTrend": {
      "0q": 0.1273,
      "+1q": 0.103599995,
      "0y": 0.14310001,
      "+1y": 0.1557,
      "LTG": 0.122
    }
  },
  "revenue_forecasts": null,
  "dividend_rate": 3.62,
  "trailing_dividend_rate": 3.615
}