{
  "ticker": "REC.MI",
  "name": "Recordati",
  "country": "italy",
  "currency": "EUR",
  "last_fetched": "2026-02-26T20:49:36.351226",
  "market_cap": 9856233472,
  "revenue": 2554640896,
  "net_income": 404393984,
  "pe_ratio": 25.025908,
  "forward_pe": 15.108622,
  "dividend_yield": 2.68,
  "profit_margin": 0.1583,
  "roe": 0.21261999,
  "debt_to_equity": 130.448,
  "beta": 0.607,
  "ev_to_ebitda": 13.712,
  "sector": "Healthcare",
  "industry": "Drug Manufacturers - General",
  "summary": "Recordati Industria Chimica e Farmaceutica S.p.A., together with its subsidiaries, researches, develops, produces, and sells pharmaceuticals in Italy, the United States, Spain, France, Germany, Russia, Ukraine, Turkey, Portugal, North Africa, and internationally. It operates through Specialty and Primary Care; and Rare Diseases segments. The company develops REC 0545 for acute decompensation in maple syrup urine diseases; Isturia for endogenous Cushing's syndrome; Cystadrops for corneal cystine crystal deposits; Carbaglu for hyperammonemia due to n-acetyl glutamate synthase deficiency; Qarziba for neuroblastoma patients and patients with relapsed or refractory neuroblastoma; and Fortivda for renal cell carcinoma. It also develops Sylvant for idiopathic multicentric castleman diseases; Caphosol for oral mucositis; ENJAYMO for hemolysis in adults with cold agglutinin disease; Zanidip, Zanipress, and Logimax for hypertension; Urorec and Avodart for symptoms of benign prostatic hyperplasia; and Livazo for dyslipidemia; Seloken for angina pectoris, myocardial infarction and cardiac rhythm disorders, as well as hypertension and functional heart disorders. In addition, the company offers Procto-Glyveno for internal and external hemorrhoids; Polydexa, Isofra, and Otofa for ear, nose and throat infections; Tergynan, an anti-infective for gynecological infections; CitraFleet and Phosphosoda as bowel cleansers; Lomexin for gynecological and dermatological infections; Hexaspray, a throat spray; Magnesio Supremo, a dietary supplement; Reaglia for schizophrenia; Eligard for hormone-dependent prostate cancer; REC 0559 for neurotrophic keratitis; and pasireotide in Phase II trial for patients with post-bariatric hypoglycemia, as well as other products. Recordati Industria Chimica e Farmaceutica S.p.A. was founded in 1926 and is headquartered in Milan, Italy.",
  "website": "https://recordati.com",
  "employees": 4450,
  "target_high": 71.0,
  "target_low": 48.0,
  "target_mean": 59.40909,
  "target_median": 57.5,
  "recommendation": "buy",
  "num_analysts": 11,
  "income_stmt": {
    "2024-12-31T00:00:00": {
      "Tax Effect Of Unusual Items": -6634640.0,
      "Tax Rate For Calcs": 0.239,
      "Normalized EBITDA": 823130000.0,
      "Total Unusual Items": -27760000.0,
      "Total Unusual Items Excluding Goodwill": -27760000.0,
      "Net Income From Continuing Operation Net Minority Interest": 416508000.0,
      "Reconciled Depreciation": 167025000.0,
      "Reconciled Cost Of Revenue": 741287000.0,
      "EBITDA": 795370000.0,
      "EBIT": 628345000.0,
      "Net Interest Income": -75584000.0,
      "Interest Expense": 81161000.0,
      "Normalized Income": 437633360.0,
      "Net Income From Continuing And Discontinued Operation": 416508000.0,
      "Total Expenses": 1681689000.0,
      "Total Operating Income As Reported": 638857000.0,
      "Diluted Average Shares": 209090361.0,
      "Basic Average Shares": 206294205.0,
      "Diluted EPS": 1.992,
      "Basic EPS": 2.019,
      "Diluted NI Availto Com Stockholders": 416508000.0,
      "Net Income Common Stockholders": 416508000.0,
      "Otherunder Preferred Stock Dividend": 0.0,
      "Net Income": 416508000.0,
      "Minority Interests": 0.0,
      "Net Income Including Noncontrolling Interests": 416508000.0,
      "Net Income Continuous Operations": 416508000.0,
      "Tax Provision": 130676000.0,
      "Pretax Income": 547184000.0,
      "Other Non Operating Income Expenses": 1365000.0,
      "Special Income Charges": -27760000.0,
      "Other Special Charges": 5509000.0,
      "Impairment Of Capital Assets": 14330000.0,
      "Restructuring And Mergern Acquisition": 7921000.0,
      "Net Non Operating Interest Income Expense": -75584000.0,
      "Total Other Finance Cost": -5577000.0,
      "Interest Expense Non Operating": 81161000.0,
      "Operating Income": 659870000.0,
      "Operating Expense": 940402000.0,
      "Research And Development": 286026000.0,
      "Selling General And Administration": 654376000.0,
      "Selling And Marketing Expense": 497728000.0,
      "General And Administrative Expense": 156648000.0,
      "Gross Profit": 1600272000.0,
      "Cost Of Revenue": 741287000.0,
      "Total Revenue": 2341559000.0,
      "Operating Revenue": 2341559000.0
    },
    "2023-12-31T00:00:00": {
      "Tax Effect Of Unusual Items": -1286091.0,
      "Tax Rate For Calcs": 0.207,
      "Normalized EBITDA": 714374000.0,
      "Total Unusual Items": -6213000.0,
      "Total Unusual Items Excluding Goodwill": -6213000.0,
      "Net Income From Continuing Operation Net Minority Interest": 389214000.0,
      "Reconciled Depreciation": 142670000.0,
      "Reconciled Cost Of Revenue": 659707000.0,
      "EBITDA": 708161000.0,
      "EBIT": 565491000.0,
      "Net Interest Income": -70676000.0,
      "Interest Expense": 74455000.0,
      "Normalized Income": 394140909.0,
      "Net Income From Continuing And Discontinued Operation": 389214000.0,
      "Total Expenses": 1516564000.0,
      "Total Operating Income As Reported": 558008000.0,
      "Diluted Average Shares": 209142397.0,
      "Basic Average Shares": 205606973.0,
      "Diluted EPS": 1.861,
      "Basic EPS": 1.893,
      "Diluted NI Availto Com Stockholders": 389214000.0,
      "Net Income Common Stockholders": 389214000.0,
      "Otherunder Preferred Stock Dividend": 0.0,
      "Net Income": 389214000.0,
      "Minority Interests": 0.0,
      "Net Income Including Noncontrolling Interests": 389214000.0,
      "Net Income Continuous Operations": 389214000.0,
      "Tax Provision": 101822000.0,
      "Pretax Income": 491036000.0,
      "Other Non Operating Income Expenses": 2248000.0,
      "Special Income Charges": -6213000.0,
      "Other Special Charges": -3157000.0,
      "Impairment Of Capital Assets": 369000.0,
      "Restructuring And Mergern Acquisition": 9001000.0,
      "Net Non Operating Interest Income Expense": -70676000.0,
      "Total Other Finance Cost": -3779000.0,
      "Interest Expense Non Operating": 74455000.0,
      "Operating Income": 565767000.0,
      "Operating Expense": 856857000.0,
      "Research And Development": 255747000.0,
      "Selling General And Administration": 601110000.0,
      "Selling And Marketing Expense": 472857000.0,
      "General And Administrative Expense": 128253000.0,
      "Gross Profit": 1422624000.0,
      "Cost Of Revenue": 659707000.0,
      "Total Revenue": 2082331000.0,
      "Operating Revenue": 2082331000.0
    },
    "2022-12-31T00:00:00": {
      "Tax Effect Of Unusual Items": -11495120.0,
      "Tax Rate For Calcs": 0.208,
      "Normalized EBITDA": 614614000.0,
      "Total Unusual Items": -55265000.0,
      "Total Unusual Items Excluding Goodwill": -55265000.0,
      "Net Income From Continuing Operation Net Minority Interest": 312336000.0,
      "Reconciled Depreciation": 125756000.0,
      "Reconciled Cost Of Revenue": 566737000.0,
      "EBITDA": 559349000.0,
      "EBIT": 433593000.0,
      "Net Interest Income": -32158000.0,
      "Interest Expense": 32158000.0,
      "Normalized Income": 356105880.0,
      "Net Income From Continuing And Discontinued Operation": 312336000.0,
      "Total Expenses": 1359142000.0,
      "Total Operating Income As Reported": 437326000.0,
      "Diluted Average Shares": 209125156.0,
      "Basic Average Shares": 205582127.0,
      "Diluted EPS": 1.494,
      "Basic EPS": 1.519,
      "Diluted NI Availto Com Stockholders": 312336000.0,
      "Net Income Common Stockholders": 312336000.0,
      "Otherunder Preferred Stock Dividend": 0.0,
      "Net Income": 312336000.0,
      "Minority Interests": 0.0,
      "Net Income Including Noncontrolling Interests": 312336000.0,
      "Net Income Continuous Operations": 312336000.0,
      "Tax Provision": 89099000.0,
      "Pretax Income": 401435000.0,
      "Other Non Operating Income Expenses": 497000.0,
      "Special Income Charges": -52975000.0,
      "Other Special Charges": -1616000.0,
      "Impairment Of Capital Assets": 10934000.0,
      "Restructuring And Mergern Acquisition": 43657000.0,
      "Net Non Operating Interest Income Expense": -32158000.0,
      "Total Other Finance Cost": -4506000.0,
      "Interest Expense Non Operating": 32158000.0,
      "Operating Income": 494165000.0,
      "Operating Expense": 792405000.0,
      "Research And Development": 220102000.0,
      "Selling General And Administration": 572158000.0,
      "Selling And Marketing Expense": 462665000.0,
      "General And Administrative Expense": 109493000.0,
      "Gross Profit": 1286570000.0,
      "Cost Of Revenue": 566737000.0,
      "Total Revenue": 1853307000.0,
      "Operating Revenue": 1853307000.0
    },
    "2021-12-31T00:00:00": {
      "Tax Effect Of Unusual Items": -2999153.0,
      "Tax Rate For Calcs": 0.167,
      "Normalized EBITDA": 596313000.0,
      "Total Unusual Items": -17959000.0,
      "Total Unusual Items Excluding Goodwill": -17959000.0,
      "Net Income From Continuing Operation Net Minority Interest": 385966000.0,
      "Reconciled Depreciation": 97585000.0,
      "Reconciled Cost Of Revenue": 427727000.0,
      "EBITDA": 578354000.0,
      "EBIT": 480769000.0,
      "Net Interest Income": -17420000.0,
      "Interest Expense": 17420000.0,
      "Normalized Income": 400925847.0,
      "Net Income From Continuing And Discontinued Operation": 385966000.0,
      "Total Expenses": 1074877000.0,
      "Total Operating Income As Reported": 490190000.0,
      "Diluted Average Shares": 209082340.0,
      "Basic Average Shares": 206011089.0,
      "Diluted EPS": 1.846,
      "Basic EPS": 1.874,
      "Diluted NI Availto Com Stockholders": 385966000.0,
      "Net Income Common Stockholders": 385966000.0,
      "Otherunder Preferred Stock Dividend": 0.0,
      "Net Income": 385966000.0,
      "Minority Interests": 0.0,
      "Net Income Including Noncontrolling Interests": 385966000.0,
      "Net Income Continuous Operations": 385966000.0,
      "Tax Provision": 77383000.0,
      "Pretax Income": 463349000.0,
      "Other Non Operating Income Expenses": -652000.0,
      "Special Income Charges": -14478000.0,
      "Other Special Charges": 2453000.0,
      "Impairment Of Capital Assets": 52000.0,
      "Restructuring And Mergern Acquisition": 11973000.0,
      "Net Non Operating Interest Income Expense": -17420000.0,
      "Total Other Finance Cost": 123000.0,
      "Interest Expense Non Operating": 17420000.0,
      "Operating Income": 505197000.0,
      "Operating Expense": 647150000.0,
      "Research And Development": 166138000.0,
      "Selling General And Administration": 480889000.0,
      "Selling And Marketing Expense": 396394000.0,
      "General And Administrative Expense": 84495000.0,
      "Gross Profit": 1152347000.0,
      "Cost Of Revenue": 427727000.0,
      "Total Revenue": 1580074000.0,
      "Operating Revenue": 1580074000.0
    }
  },
  "quarterly_income": {
    "2025-09-30T00:00:00": {
      "Tax Effect Of Unusual Items": -598495.305245,
      "Tax Rate For Calcs": 0.239974,
      "Normalized EBITDA": 221812000.0,
      "Total Unusual Items": -2494000.0,
      "Total Unusual Items Excluding Goodwill": -2494000.0,
      "Net Income From Continuing Operation Net Minority Interest": 110165000.0,
      "Reconciled Depreciation": 51137000.0,
      "Reconciled Cost Of Revenue": 199913000.0,
      "EBITDA": 219318000.0,
      "EBIT": 168181000.0,
      "Net Interest Income": -22601000.0,
      "Interest Expense": 23232000.0,
      "Normalized Income": 112060504.694755,
      "Net Income From Continuing And Discontinued Operation": 110165000.0,
      "Total Expenses": 451340000.0,
      "Total Operating Income As Reported": 165642000.0,
      "Diluted Average Shares": null,
      "Basic Average Shares": null,
      "Diluted EPS": null,
      "Basic EPS": null,
      "Diluted NI Availto Com Stockholders": 110165000.0,
      "Net Income Common Stockholders": 110165000.0,
      "Otherunder Preferred Stock Dividend": 0.0,
      "Net Income": 110165000.0,
      "Minority Interests": 0.0,
      "Net Income Including Noncontrolling Interests": 110165000.0,
      "Net Income Continuous Operations": 110165000.0,
      "Tax Provision": 34784000.0,
      "Pretax Income": 144949000.0,
      "Other Non Operating Income Expenses": -14430000.0,
      "Special Income Charges": -3123000.0,
      "Other Special Charges": 2005000.0,
      "Impairment Of Capital Assets": 0.0,
      "Restructuring And Mergern Acquisition": 1118000.0,
      "Net Non Operating Interest Income Expense": -22601000.0,
      "Total Other Finance Cost": -631000.0,
      "Interest Expense Non Operating": 23232000.0,
      "Operating Income": 180981000.0,
      "Operating Expense": 251427000.0,
      "Research And Development": 79812000.0,
      "Selling General And Administration": 171379000.0,
      "Selling And Marketing Expense": 131287000.0,
      "General And Administrative Expense": 40092000.0,
      "Gross Profit": 432408000.0,
      "Cost Of Revenue": 199913000.0,
      "Total Revenue": 632321000.0,
      "Operating Revenue": 632321000.0
    },
    "2025-06-30T00:00:00": {
      "Tax Effect Of Unusual Items": -3868466.830138,
      "Tax Rate For Calcs": 0.237767,
      "Normalized EBITDA": 210919000.0,
      "Total Unusual Items": -16270000.0,
      "Total Unusual Items Excluding Goodwill": -16270000.0,
      "Net Income From Continuing Operation Net Minority Interest": 91080000.0,
      "Reconciled Depreciation": 50721000.0,
      "Reconciled Cost Of Revenue": 220032000.0,
      "EBITDA": 194649000.0,
      "EBIT": 143928000.0,
      "Net Interest Income": -24598000.0,
      "Interest Expense": 24437000.0,
      "Normalized Income": 103481533.169862,
      "Net Income From Continuing And Discontinued Operation": 91080000.0,
      "Total Expenses": 493931000.0,
      "Total Operating Income As Reported": 135265000.0,
      "Diluted Average Shares": null,
      "Basic Average Shares": null,
      "Diluted EPS": null,
      "Basic EPS": null,
      "Diluted NI Availto Com Stockholders": 91080000.0,
      "Net Income Common Stockholders": 91080000.0,
      "Otherunder Preferred Stock Dividend": 0.0,
      "Net Income": 91080000.0,
      "Minority Interests": 0.0,
      "Net Income Including Noncontrolling Interests": 91080000.0,
      "Net Income Continuous Operations": 91080000.0,
      "Tax Provision": 28411000.0,
      "Pretax Income": 119491000.0,
      "Other Non Operating Income Expenses": 1124000.0,
      "Special Income Charges": -16213000.0,
      "Other Special Charges": 497000.0,
      "Impairment Of Capital Assets": 0.0,
      "Restructuring And Mergern Acquisition": 15716000.0,
      "Net Non Operating Interest Income Expense": -24598000.0,
      "Total Other Finance Cost": null,
      "Interest Expense Non Operating": 24437000.0,
      "Operating Income": 149951000.0,
      "Operating Expense": 273899000.0,
      "Research And Development": 87001000.0,
      "Selling General And Administration": 186982000.0,
      "Selling And Marketing Expense": 144987000.0,
      "General And Administrative Expense": 41995000.0,
      "Gross Profit": 423850000.0,
      "Cost Of Revenue": 220032000.0,
      "Total Revenue": 643882000.0,
      "Operating Revenue": 643882000.0
    },
    "2025-03-31T00:00:00": {
      "Tax Effect Of Unusual Items": -877976.0,
      "Tax Rate For Calcs": 0.242,
      "Normalized EBITDA": 245800000.0,
      "Total Unusual Items": -3628000.0,
      "Total Unusual Items Excluding Goodwill": -3628000.0,
      "Net Income From Continuing Operation Net Minority Interest": 125041000.0,
      "Reconciled Depreciation": 50922000.0,
      "Reconciled Cost Of Revenue": 221188000.0,
      "EBITDA": 242172000.0,
      "EBIT": 191250000.0,
      "Net Interest Income": -26390000.0,
      "Interest Expense": 26390000.0,
      "Normalized Income": 127791024.0,
      "Net Income From Continuing And Discontinued Operation": 125041000.0,
      "Total Expenses": 482779000.0,
      "Total Operating Income As Reported": 195766000.0,
      "Diluted Average Shares": 209098662.0,
      "Basic Average Shares": 206355324.0,
      "Diluted EPS": 0.598,
      "Basic EPS": 0.606,
      "Diluted NI Availto Com Stockholders": 125041000.0,
      "Net Income Common Stockholders": 125041000.0,
      "Otherunder Preferred Stock Dividend": 0.0,
      "Net Income": 125041000.0,
      "Minority Interests": 0.0,
      "Net Income Including Noncontrolling Interests": 125041000.0,
      "Net Income Continuous Operations": 125041000.0,
      "Tax Provision": 39819000.0,
      "Pretax Income": 164860000.0,
      "Other Non Operating Income Expenses": -472000.0,
      "Special Income Charges": -3056000.0,
      "Other Special Charges": 2029000.0,
      "Impairment Of Capital Assets": 0.0,
      "Restructuring And Mergern Acquisition": 1027000.0,
      "Net Non Operating Interest Income Expense": -26390000.0,
      "Total Other Finance Cost": 10000.0,
      "Interest Expense Non Operating": 26390000.0,
      "Operating Income": 197181000.0,
      "Operating Expense": 261591000.0,
      "Research And Development": 80117000.0,
      "Selling General And Administration": 181390000.0,
      "Selling And Marketing Expense": 139742000.0,
      "General And Administrative Expense": 41648000.0,
      "Gross Profit": 458772000.0,
      "Cost Of Revenue": 221188000.0,
      "Total Revenue": 679960000.0,
      "Operating Revenue": 679960000.0
    },
    "2024-12-31T00:00:00": {
      "Tax Effect Of Unusual Items": -4209339.575921,
      "Tax Rate For Calcs": 0.258973,
      "Normalized EBITDA": 188637000.0,
      "Total Unusual Items": -16254000.0,
      "Total Unusual Items Excluding Goodwill": -16254000.0,
      "Net Income From Continuing Operation Net Minority Interest": 78108000.0,
      "Reconciled Depreciation": 45431000.0,
      "Reconciled Cost Of Revenue": 185116000.0,
      "EBITDA": 172383000.0,
      "EBIT": 126952000.0,
      "Net Interest Income": -15970000.0,
      "Interest Expense": 21547000.0,
      "Normalized Income": 90152660.424079,
      "Net Income From Continuing And Discontinued Operation": 78108000.0,
      "Total Expenses": 449681000.0,
      "Total Operating Income As Reported": 134759000.0,
      "Diluted Average Shares": null,
      "Basic Average Shares": null,
      "Diluted EPS": null,
      "Basic EPS": null,
      "Diluted NI Availto Com Stockholders": 78108000.0,
      "Net Income Common Stockholders": 78108000.0,
      "Otherunder Preferred Stock Dividend": 0.0,
      "Net Income": 78108000.0,
      "Minority Interests": 0.0,
      "Net Income Including Noncontrolling Interests": 78108000.0,
      "Net Income Continuous Operations": 78108000.0,
      "Tax Provision": 27297000.0,
      "Pretax Income": 105405000.0,
      "Other Non Operating Income Expenses": -3292000.0,
      "Special Income Charges": -11963000.0,
      "Other Special Charges": 1604000.0,
      "Impairment Of Capital Assets": 9777000.0,
      "Restructuring And Mergern Acquisition": 582000.0,
      "Net Non Operating Interest Income Expense": -15970000.0,
      "Total Other Finance Cost": null,
      "Interest Expense Non Operating": 21547000.0,
      "Operating Income": 148797000.0,
      "Operating Expense": 264565000.0,
      "Research And Development": 81177000.0,
      "Selling General And Administration": 183653000.0,
      "Selling And Marketing Expense": 137019000.0,
      "General And Administrative Expense": 46634000.0,
      "Gross Profit": 413362000.0,
      "Cost Of Revenue": 185116000.0,
      "Total Revenue": 598478000.0,
      "Operating Revenue": 598478000.0
    },
    "2024-09-30T00:00:00": {
      "Tax Effect Of Unusual Items": -1622561.573531,
      "Tax Rate For Calcs": 0.246627,
      "Normalized EBITDA": 216199000.0,
      "Total Unusual Items": -6579000.0,
      "Total Unusual Items Excluding Goodwill": -6579000.0,
      "Net Income From Continuing Operation Net Minority Interest": 113030000.0,
      "Reconciled Depreciation": 41130000.0,
      "Reconciled Cost Of Revenue": 172290000.0,
      "EBITDA": 209620000.0,
      "EBIT": 168490000.0,
      "Net Interest Income": -18458000.0,
      "Interest Expense": 18458000.0,
      "Normalized Income": 117986438.426469,
      "Net Income From Continuing And Discontinued Operation": 113030000.0,
      "Total Expenses": 387430000.0,
      "Total Operating Income As Reported": 165564000.0,
      "Diluted Average Shares": null,
      "Basic Average Shares": null,
      "Diluted EPS": null,
      "Basic EPS": null,
      "Diluted NI Availto Com Stockholders": 113030000.0,
      "Net Income Common Stockholders": 113030000.0,
      "Otherunder Preferred Stock Dividend": 0.0,
      "Net Income": 113030000.0,
      "Minority Interests": 0.0,
      "Net Income Including Noncontrolling Interests": 113030000.0,
      "Net Income Continuous Operations": 113030000.0,
      "Tax Provision": 37002000.0,
      "Pretax Income": 150032000.0,
      "Other Non Operating Income Expenses": 416000.0,
      "Special Income Charges": -7808000.0,
      "Other Special Charges": 2884000.0,
      "Impairment Of Capital Assets": 7000.0,
      "Restructuring And Mergern Acquisition": 4917000.0,
      "Net Non Operating Interest Income Expense": -18458000.0,
      "Total Other Finance Cost": 88000.0,
      "Interest Expense Non Operating": 18458000.0,
      "Operating Income": 169984000.0,
      "Operating Expense": 215140000.0,
      "Research And Development": 65714000.0,
      "Selling General And Administration": 149338000.0,
      "Selling And Marketing Expense": 113006000.0,
      "General And Administrative Expense": 36332000.0,
      "Gross Profit": 385124000.0,
      "Cost Of Revenue": 172290000.0,
      "Total Revenue": 557414000.0,
      "Operating Revenue": 557414000.0
    },
    "2024-06-30T00:00:00": {
      "Tax Effect Of Unusual Items": null,
      "Tax Rate For Calcs": null,
      "Normalized EBITDA": null,
      "Total Unusual Items": null,
      "Total Unusual Items Excluding Goodwill": null,
      "Net Income From Continuing Operation Net Minority Interest": null,
      "Reconciled Depreciation": null,
      "Reconciled Cost Of Revenue": null,
      "EBITDA": null,
      "EBIT": null,
      "Net Interest Income": null,
      "Interest Expense": null,
      "Normalized Income": null,
      "Net Income From Continuing And Discontinued Operation": null,
      "Total Expenses": null,
      "Total Operating Income As Reported": null,
      "Diluted Average Shares": null,
      "Basic Average Shares": null,
      "Diluted EPS": null,
      "Basic EPS": null,
      "Diluted NI Availto Com Stockholders": null,
      "Net Income Common Stockholders": null,
      "Otherunder Preferred Stock Dividend": null,
      "Net Income": null,
      "Minority Interests": null,
      "Net Income Including Noncontrolling Interests": null,
      "Net Income Continuous Operations": null,
      "Tax Provision": null,
      "Pretax Income": null,
      "Other Non Operating Income Expenses": null,
      "Special Income Charges": null,
      "Other Special Charges": null,
      "Impairment Of Capital Assets": null,
      "Restructuring And Mergern Acquisition": null,
      "Net Non Operating Interest Income Expense": null,
      "Total Other Finance Cost": 89000.0,
      "Interest Expense Non Operating": null,
      "Operating Income": null,
      "Operating Expense": null,
      "Research And Development": null,
      "Selling General And Administration": null,
      "Selling And Marketing Expense": null,
      "General And Administrative Expense": null,
      "Gross Profit": null,
      "Cost Of Revenue": null,
      "Total Revenue": null,
      "Operating Revenue": null
    }
  },
  "balance_sheet": {
    "2024-12-31T00:00:00": {
      "Treasury Shares Number": 2828921.0,
      "Ordinary Shares Number": 206296235.0,
      "Share Issued": 209125156.0,
      "Net Debt": null,
      "Total Debt": 2484427000.0,
      "Tangible Book Value": -1433428000.0,
      "Invested Capital": 1899654000.0,
      "Working Capital": 562341000.0,
      "Net Tangible Assets": -1433428000.0,
      "Common Stock Equity": 1876809000.0,
      "Total Capitalization": 1876809000.0,
      "Total Equity Gross Minority Interest": 1876809000.0,
      "Minority Interest": 0.0,
      "Stockholders Equity": 1876809000.0,
      "Other Equity Interest": null,
      "Treasury Stock": 131570000.0,
      "Retained Earnings": 2234547000.0,
      "Additional Paid In Capital": 83719000.0,
      "Capital Stock": 26141000.0,
      "Common Stock": 26141000.0,
      "Total Liabilities Net Minority Interest": 3257646000.0,
      "Total Non Current Liabilities Net Minority Interest": 2328587000.0,
      "Non Current Pension And Other Postretirement Benefit Plans": 21355000.0,
      "Non Current Deferred Taxes Liabilities": 133422000.0,
      "Long Term Debt And Capital Lease Obligation": 2173810000.0,
      "Current Liabilities": 929059000.0,
      "Other Current Liabilities": 4693000.0,
      "Current Debt And Capital Lease Obligation": 310617000.0,
      "Current Debt": 22845000.0,
      "Pensionand Other Post Retirement Benefit Plans Current": 169398000.0,
      "Current Provisions": 22092000.0,
      "Payables": 416626000.0,
      "Other Payable": 25987000.0,
      "Total Tax Payable": 93941000.0,
      "Accounts Payable": 296698000.0,
      "Total Assets": 5134455000.0,
      "Total Non Current Assets": 3643055000.0,
      "Other Non Current Assets": 12786000.0,
      "Non Current Deferred Taxes Assets": 94527000.0,
      "Long Term Equity Investment": 17385000.0,
      "Investments In Other Ventures Under Equity Method": 17385000.0,
      "Goodwill And Other Intangible Assets": 3310237000.0,
      "Other Intangible Assets": 2513159000.0,
      "Goodwill": 797078000.0,
      "Net PPE": 206700000.0,
      "Accumulated Depreciation": -395652000.0,
      "Gross PPE": 602352000.0,
      "Construction In Progress": 30201000.0,
      "Other Properties": 122456000.0,
      "Machinery Furniture Equipment": 309637000.0,
      "Properties": 140058000.0,
      "Current Assets": 1491400000.0,
      "Other Current Assets": 21387000.0,
      "Hedging Assets Current": 15376000.0,
      "Assets Held For Sale Current": null,
      "Prepaid Assets": 3369000.0,
      "Inventory": 506447000.0,
      "Finished Goods": 312883000.0,
      "Work In Process": 92658000.0,
      "Raw Materials": 100906000.0,
      "Other Receivables": 26638000.0,
      "Taxes Receivable": 79017000.0,
      "Accounts Receivable": 516743000.0,
      "Allowance For Doubtful Accounts Receivable": -14717000.0,
      "Gross Accounts Receivable": 531460000.0,
      "Cash Cash Equivalents And Short Term Investments": 322423000.0,
      "Cash And Cash Equivalents": 322423000.0,
      "Cash Equivalents": 28930000.0,
      "Cash Financial": 293493000.0
    },
    "2023-12-31T00:00:00": {
      "Treasury Shares Number": 3119044.0,
      "Ordinary Shares Number": 206006112.0,
      "Share Issued": 209125156.0,
      "Net Debt": null,
      "Total Debt": 1808900000.0,
      "Tangible Book Value": -1030155000.0,
      "Invested Capital": 1786324000.0,
      "Working Capital": 199164000.0,
      "Net Tangible Assets": -1030155000.0,
      "Common Stock Equity": 1686392000.0,
      "Total Capitalization": 1686392000.0,
      "Total Equity Gross Minority Interest": 1686392000.0,
      "Minority Interest": 0.0,
      "Stockholders Equity": 1686392000.0,
      "Other Equity Interest": null,
      "Treasury Stock": 127970000.0,
      "Retained Earnings": 2025665000.0,
      "Additional Paid In Capital": 83719000.0,
      "Capital Stock": 26141000.0,
      "Common Stock": 26141000.0,
      "Total Liabilities Net Minority Interest": 2521739000.0,
      "Total Non Current Liabilities Net Minority Interest": 1518663000.0,
      "Non Current Pension And Other Postretirement Benefit Plans": 21239000.0,
      "Non Current Deferred Taxes Liabilities": 144208000.0,
      "Long Term Debt And Capital Lease Obligation": 1353216000.0,
      "Current Liabilities": 1003076000.0,
      "Other Current Liabilities": 5309000.0,
      "Current Debt And Capital Lease Obligation": 455684000.0,
      "Current Debt": 99932000.0,
      "Pensionand Other Post Retirement Benefit Plans Current": 149035000.0,
      "Current Provisions": 16596000.0,
      "Payables": 356459000.0,
      "Other Payable": 25370000.0,
      "Total Tax Payable": 67110000.0,
      "Accounts Payable": 263979000.0,
      "Total Assets": 4208131000.0,
      "Total Non Current Assets": 3005891000.0,
      "Other Non Current Assets": 12458000.0,
      "Non Current Deferred Taxes Assets": 76674000.0,
      "Long Term Equity Investment": 21555000.0,
      "Investments In Other Ventures Under Equity Method": 21555000.0,
      "Goodwill And Other Intangible Assets": 2716547000.0,
      "Other Intangible Assets": 1938197000.0,
      "Goodwill": 778350000.0,
      "Net PPE": 178657000.0,
      "Accumulated Depreciation": -374161000.0,
      "Gross PPE": 552818000.0,
      "Construction In Progress": 48149000.0,
      "Other Properties": 111821000.0,
      "Machinery Furniture Equipment": 269201000.0,
      "Properties": 123647000.0,
      "Current Assets": 1202240000.0,
      "Other Current Assets": 19924000.0,
      "Hedging Assets Current": 11079000.0,
      "Assets Held For Sale Current": null,
      "Prepaid Assets": 2796000.0,
      "Inventory": 404831000.0,
      "Finished Goods": 232530000.0,
      "Work In Process": 85345000.0,
      "Raw Materials": 86956000.0,
      "Other Receivables": 24097000.0,
      "Taxes Receivable": 72508000.0,
      "Accounts Receivable": 445193000.0,
      "Allowance For Doubtful Accounts Receivable": -15654000.0,
      "Gross Accounts Receivable": 460847000.0,
      "Cash Cash Equivalents And Short Term Investments": 221812000.0,
      "Cash And Cash Equivalents": 221812000.0,
      "Cash Equivalents": 26808000.0,
      "Cash Financial": 195004000.0
    },
    "2022-12-31T00:00:00": {
      "Treasury Shares Number": 3684033.0,
      "Ordinary Shares Number": 205441123.0,
      "Share Issued": 209125156.0,
      "Net Debt": 90237000.0,
      "Total Debt": 1716520000.0,
      "Tangible Book Value": -991982000.0,
      "Invested Capital": 1629673000.0,
      "Working Capital": 249874000.0,
      "Net Tangible Assets": -991982000.0,
      "Common Stock Equity": 1546248000.0,
      "Total Capitalization": 1546248000.0,
      "Total Equity Gross Minority Interest": 1546248000.0,
      "Minority Interest": 0.0,
      "Stockholders Equity": 1546248000.0,
      "Other Equity Interest": -112979000.0,
      "Treasury Stock": 149559000.0,
      "Retained Earnings": 1836435000.0,
      "Additional Paid In Capital": 83719000.0,
      "Capital Stock": 26141000.0,
      "Common Stock": 26141000.0,
      "Total Liabilities Net Minority Interest": 2452575000.0,
      "Total Non Current Liabilities Net Minority Interest": 1528832000.0,
      "Non Current Pension And Other Postretirement Benefit Plans": 19418000.0,
      "Non Current Deferred Taxes Liabilities": 167865000.0,
      "Long Term Debt And Capital Lease Obligation": 1341549000.0,
      "Current Liabilities": 923743000.0,
      "Other Current Liabilities": 5740000.0,
      "Current Debt And Capital Lease Obligation": 374971000.0,
      "Current Debt": 83425000.0,
      "Pensionand Other Post Retirement Benefit Plans Current": 82960000.0,
      "Current Provisions": 16209000.0,
      "Payables": 426494000.0,
      "Other Payable": 168176000.0,
      "Total Tax Payable": 33615000.0,
      "Accounts Payable": 224703000.0,
      "Total Assets": 3998823000.0,
      "Total Non Current Assets": 2825206000.0,
      "Other Non Current Assets": 9556000.0,
      "Non Current Deferred Taxes Assets": 76895000.0,
      "Long Term Equity Investment": 28871000.0,
      "Investments In Other Ventures Under Equity Method": 28871000.0,
      "Goodwill And Other Intangible Assets": 2538230000.0,
      "Other Intangible Assets": 1758173000.0,
      "Goodwill": 780057000.0,
      "Net PPE": 159184000.0,
      "Accumulated Depreciation": -361986000.0,
      "Gross PPE": 521170000.0,
      "Construction In Progress": 40890000.0,
      "Other Properties": 106914000.0,
      "Machinery Furniture Equipment": 258107000.0,
      "Properties": 115259000.0,
      "Current Assets": 1173617000.0,
      "Other Current Assets": 15388000.0,
      "Hedging Assets Current": 23603000.0,
      "Assets Held For Sale Current": 12470000.0,
      "Prepaid Assets": 1751000.0,
      "Inventory": 424080000.0,
      "Finished Goods": 253170000.0,
      "Work In Process": 78830000.0,
      "Raw Materials": 92080000.0,
      "Other Receivables": 12810000.0,
      "Taxes Receivable": 49353000.0,
      "Accounts Receivable": 361898000.0,
      "Allowance For Doubtful Accounts Receivable": -17722000.0,
      "Gross Accounts Receivable": 379620000.0,
      "Cash Cash Equivalents And Short Term Investments": 284734000.0,
      "Cash And Cash Equivalents": 284734000.0,
      "Cash Equivalents": 122098000.0,
      "Cash Financial": 162636000.0
    },
    "2021-12-31T00:00:00": {
      "Treasury Shares Number": 3214300.0,
      "Ordinary Shares Number": 205910856.0,
      "Share Issued": 209125156.0,
      "Net Debt": null,
      "Total Debt": 992191000.0,
      "Tangible Book Value": -310370000.0,
      "Invested Capital": 1613343000.0,
      "Working Capital": 223685000.0,
      "Net Tangible Assets": -310370000.0,
      "Common Stock Equity": 1381625000.0,
      "Total Capitalization": 1381625000.0,
      "Total Equity Gross Minority Interest": 1381625000.0,
      "Minority Interest": 0.0,
      "Stockholders Equity": 1381625000.0,
      "Other Equity Interest": -109329000.0,
      "Treasury Stock": 126981000.0,
      "Retained Earnings": 1661928000.0,
      "Additional Paid In Capital": 83719000.0,
      "Capital Stock": 26141000.0,
      "Common Stock": 26141000.0,
      "Total Liabilities Net Minority Interest": 1434574000.0,
      "Total Non Current Liabilities Net Minority Interest": 808158000.0,
      "Non Current Pension And Other Postretirement Benefit Plans": 21010000.0,
      "Non Current Deferred Taxes Liabilities": 26675000.0,
      "Long Term Debt And Capital Lease Obligation": 760473000.0,
      "Current Liabilities": 626416000.0,
      "Other Current Liabilities": 6508000.0,
      "Current Debt And Capital Lease Obligation": 231718000.0,
      "Current Debt": 231718000.0,
      "Pensionand Other Post Retirement Benefit Plans Current": 56191000.0,
      "Current Provisions": 21396000.0,
      "Payables": 296447000.0,
      "Other Payable": 88979000.0,
      "Total Tax Payable": 29543000.0,
      "Accounts Payable": 177925000.0,
      "Total Assets": 2816199000.0,
      "Total Non Current Assets": 1966098000.0,
      "Other Non Current Assets": 32937000.0,
      "Non Current Deferred Taxes Assets": 75922000.0,
      "Long Term Equity Investment": 34124000.0,
      "Investments In Other Ventures Under Equity Method": 34124000.0,
      "Goodwill And Other Intangible Assets": 1691995000.0,
      "Other Intangible Assets": 1138786000.0,
      "Goodwill": 553209000.0,
      "Net PPE": 131120000.0,
      "Accumulated Depreciation": -331705000.0,
      "Gross PPE": 462825000.0,
      "Construction In Progress": 27155000.0,
      "Other Properties": 99736000.0,
      "Machinery Furniture Equipment": 243540000.0,
      "Properties": 92394000.0,
      "Current Assets": 850101000.0,
      "Other Current Assets": 12984000.0,
      "Hedging Assets Current": 11149000.0,
      "Assets Held For Sale Current": 0.0,
      "Prepaid Assets": 2323000.0,
      "Inventory": 228732000.0,
      "Finished Goods": 117477000.0,
      "Work In Process": 44053000.0,
      "Raw Materials": 67202000.0,
      "Other Receivables": 7614000.0,
      "Taxes Receivable": 34943000.0,
      "Accounts Receivable": 307778000.0,
      "Allowance For Doubtful Accounts Receivable": -14200000.0,
      "Gross Accounts Receivable": 321978000.0,
      "Cash Cash Equivalents And Short Term Investments": 244578000.0,
      "Cash And Cash Equivalents": 244578000.0,
      "Cash Equivalents": 13654000.0,
      "Cash Financial": 230924000.0
    }
  },
  "cashflow": {
    "2024-12-31T00:00:00": {
      "Free Cash Flow": -281243000.0,
      "Repurchase Of Capital Stock": -119023000.0,
      "Repayment Of Debt": -350739000.0,
      "Issuance Of Debt": 1092200000.0,
      "Issuance Of Capital Stock": 92670000.0,
      "Capital Expenditure": -851161000.0,
      "End Cash Position": 322423000.0,
      "Other Cash Adjustment Outside Changein Cash": null,
      "Beginning Cash Position": 221812000.0,
      "Effect Of Exchange Rate Changes": 3521000.0,
      "Changes In Cash": 97090000.0,
      "Financing Cash Flow": 372114000.0,
      "Cash Dividends Paid": -253718000.0,
      "Common Stock Dividend Paid": -253718000.0,
      "Net Common Stock Issuance": -26353000.0,
      "Common Stock Payments": -119023000.0,
      "Common Stock Issuance": 92670000.0,
      "Net Issuance Payments Of Debt": 663766000.0,
      "Net Short Term Debt Issuance": -77695000.0,
      "Net Long Term Debt Issuance": 741461000.0,
      "Long Term Debt Payments": -350739000.0,
      "Long Term Debt Issuance": 1092200000.0,
      "Investing Cash Flow": -844942000.0,
      "Net Other Investing Changes": 2000000.0,
      "Net Business Purchase And Sale": null,
      "Sale Of Business": null,
      "Purchase Of Business": null,
      "Net Intangibles Purchase And Sale": -812147000.0,
      "Sale Of Intangibles": 2367000.0,
      "Purchase Of Intangibles": -814514000.0,
      "Net PPE Purchase And Sale": -34795000.0,
      "Sale Of PPE": 1852000.0,
      "Purchase Of PPE": -36647000.0,
      "Operating Cash Flow": 569918000.0,
      "Taxes Refund Paid": -144371000.0,
      "Interest Received Cfo": 4834000.0,
      "Interest Paid Cfo": -79504000.0,
      "Change In Working Capital": -112519000.0,
      "Change In Payable": 30021000.0,
      "Change In Inventory": -55758000.0,
      "Change In Receivables": -86782000.0,
      "Other Non Cash Items": 156419000.0,
      "Stock Based Compensation": 16520000.0,
      "Deferred Tax": 130676000.0,
      "Depreciation And Amortization": 167025000.0,
      "Amortization Cash Flow": 133600000.0,
      "Depreciation": 33425000.0,
      "Net Income From Continuing Operations": 416508000.0
    },
    "2023-12-31T00:00:00": {
      "Free Cash Flow": 102055000.0,
      "Repurchase Of Capital Stock": -22710000.0,
      "Repayment Of Debt": -280234000.0,
      "Issuance Of Debt": 347611000.0,
      "Issuance Of Capital Stock": 30097000.0,
      "Capital Expenditure": -383264000.0,
      "End Cash Position": 221812000.0,
      "Other Cash Adjustment Outside Changein Cash": null,
      "Beginning Cash Position": 284734000.0,
      "Effect Of Exchange Rate Changes": 291000.0,
      "Changes In Cash": -63213000.0,
      "Financing Cash Flow": -168914000.0,
      "Cash Dividends Paid": -245958000.0,
      "Common Stock Dividend Paid": -245958000.0,
      "Net Common Stock Issuance": 7387000.0,
      "Common Stock Payments": -22710000.0,
      "Common Stock Issuance": 30097000.0,
      "Net Issuance Payments Of Debt": 79829000.0,
      "Net Short Term Debt Issuance": 12452000.0,
      "Net Long Term Debt Issuance": 67377000.0,
      "Long Term Debt Payments": -280234000.0,
      "Long Term Debt Issuance": 347611000.0,
      "Investing Cash Flow": -379618000.0,
      "Net Other Investing Changes": 3000000.0,
      "Net Business Purchase And Sale": 0.0,
      "Sale Of Business": null,
      "Purchase Of Business": 0.0,
      "Net Intangibles Purchase And Sale": -353260000.0,
      "Sale Of Intangibles": 317000.0,
      "Purchase Of Intangibles": -353577000.0,
      "Net PPE Purchase And Sale": -29358000.0,
      "Sale Of PPE": 329000.0,
      "Purchase Of PPE": -29687000.0,
      "Operating Cash Flow": 485319000.0,
      "Taxes Refund Paid": -105394000.0,
      "Interest Received Cfo": 5103000.0,
      "Interest Paid Cfo": -70339000.0,
      "Change In Working Capital": -110633000.0,
      "Change In Payable": 40269000.0,
      "Change In Inventory": -50337000.0,
      "Change In Receivables": -100565000.0,
      "Other Non Cash Items": 121638000.0,
      "Stock Based Compensation": 10870000.0,
      "Deferred Tax": 101822000.0,
      "Depreciation And Amortization": 142670000.0,
      "Amortization Cash Flow": 113795000.0,
      "Depreciation": 28875000.0,
      "Net Income From Continuing Operations": 389214000.0
    },
    "2022-12-31T00:00:00": {
      "Free Cash Flow": 365352000.0,
      "Repurchase Of Capital Stock": -52267000.0,
      "Repayment Of Debt": -803543000.0,
      "Issuance Of Debt": 1356970000.0,
      "Issuance Of Capital Stock": 13648000.0,
      "Capital Expenditure": -96339000.0,
      "End Cash Position": 284734000.0,
      "Other Cash Adjustment Outside Changein Cash": null,
      "Beginning Cash Position": 244578000.0,
      "Effect Of Exchange Rate Changes": 4312000.0,
      "Changes In Cash": 35844000.0,
      "Financing Cash Flow": 341277000.0,
      "Cash Dividends Paid": -230602000.0,
      "Common Stock Dividend Paid": -230602000.0,
      "Net Common Stock Issuance": -38619000.0,
      "Common Stock Payments": -52267000.0,
      "Common Stock Issuance": 13648000.0,
      "Net Issuance Payments Of Debt": 620723000.0,
      "Net Short Term Debt Issuance": 67296000.0,
      "Net Long Term Debt Issuance": 553427000.0,
      "Long Term Debt Payments": -803543000.0,
      "Long Term Debt Issuance": 1356970000.0,
      "Investing Cash Flow": -767124000.0,
      "Net Other Investing Changes": null,
      "Net Business Purchase And Sale": -673259000.0,
      "Sale Of Business": null,
      "Purchase Of Business": -673259000.0,
      "Net Intangibles Purchase And Sale": -71134000.0,
      "Sale Of Intangibles": 1318000.0,
      "Purchase Of Intangibles": -72452000.0,
      "Net PPE Purchase And Sale": -22731000.0,
      "Sale Of PPE": 1156000.0,
      "Purchase Of PPE": -23887000.0,
      "Operating Cash Flow": 461691000.0,
      "Taxes Refund Paid": -89764000.0,
      "Interest Received Cfo": 1938000.0,
      "Interest Paid Cfo": -20093000.0,
      "Change In Working Capital": -61387000.0,
      "Change In Payable": 25589000.0,
      "Change In Inventory": -65801000.0,
      "Change In Receivables": -21175000.0,
      "Other Non Cash Items": 84619000.0,
      "Stock Based Compensation": 8251000.0,
      "Deferred Tax": 89101000.0,
      "Depreciation And Amortization": 125756000.0,
      "Amortization Cash Flow": 98467000.0,
      "Depreciation": 27289000.0,
      "Net Income From Continuing Operations": 312336000.0
    },
    "2021-12-31T00:00:00": {
      "Free Cash Flow": 404290000.0,
      "Repurchase Of Capital Stock": -101820000.0,
      "Repayment Of Debt": -288546000.0,
      "Issuance Of Debt": 219065000.0,
      "Issuance Of Capital Stock": 42512000.0,
      "Capital Expenditure": -87360000.0,
      "End Cash Position": 244578000.0,
      "Other Cash Adjustment Outside Changein Cash": 479000.0,
      "Beginning Cash Position": 188230000.0,
      "Effect Of Exchange Rate Changes": 7661000.0,
      "Changes In Cash": 48208000.0,
      "Financing Cash Flow": -355943000.0,
      "Cash Dividends Paid": -216742000.0,
      "Common Stock Dividend Paid": -216742000.0,
      "Net Common Stock Issuance": -59308000.0,
      "Common Stock Payments": -101820000.0,
      "Common Stock Issuance": 42512000.0,
      "Net Issuance Payments Of Debt": -70740000.0,
      "Net Short Term Debt Issuance": -1259000.0,
      "Net Long Term Debt Issuance": -69481000.0,
      "Long Term Debt Payments": -288546000.0,
      "Long Term Debt Issuance": 219065000.0,
      "Investing Cash Flow": -87499000.0,
      "Net Other Investing Changes": null,
      "Net Business Purchase And Sale": -304000.0,
      "Sale Of Business": 0.0,
      "Purchase Of Business": -304000.0,
      "Net Intangibles Purchase And Sale": -65504000.0,
      "Sale Of Intangibles": 4000.0,
      "Purchase Of Intangibles": -65508000.0,
      "Net PPE Purchase And Sale": -21691000.0,
      "Sale Of PPE": 161000.0,
      "Purchase Of PPE": -21852000.0,
      "Operating Cash Flow": 491650000.0,
      "Taxes Refund Paid": -91646000.0,
      "Interest Received Cfo": 291000.0,
      "Interest Paid Cfo": -18279000.0,
      "Change In Working Capital": 20055000.0,
      "Change In Payable": 46335000.0,
      "Change In Inventory": 17506000.0,
      "Change In Receivables": -43786000.0,
      "Other Non Cash Items": 15161000.0,
      "Stock Based Compensation": 5082000.0,
      "Deferred Tax": 77383000.0,
      "Depreciation And Amortization": 97585000.0,
      "Amortization Cash Flow": 72291000.0,
      "Depreciation": 25294000.0,
      "Net Income From Continuing Operations": 385966000.0
    }
  },
  "earnings_estimate": {
    "avg": {
      "0q": 0.76,
      "+1q": null,
      "0y": 3.06702,
      "+1y": 2.54214
    },
    "low": {
      "0q": 0.76,
      "+1q": null,
      "0y": 2.96,
      "+1y": 2.28369
    },
    "high": {
      "0q": 0.76,
      "+1q": null,
      "0y": 3.12743,
      "+1y": 2.75917
    },
    "yearAgoEps": {
      "0q": 0.5905,
      "+1q": null,
      "0y": 2.72,
      "+1y": 2.23299
    },
    "numberOfAnalysts": {
      "0q": 1.0,
      "+1q": null,
      "0y": 7.0,
      "+1y": 8.0
    },
    "growth": {
      "0q": 0.287,
      "+1q": null,
      "0y": 0.1276,
      "+1y": 0.1384
    }
  },
  "revenue_estimate": {
    "avg": {
      "0q": 666266670,
      "+1q": 0,
      "0y": 2620296180,
      "+1y": 2783751380
    },
    "low": {
      "0q": 664000000,
      "+1q": 0,
      "0y": 2598507150,
      "+1y": 2757512440
    },
    "high": {
      "0q": 669800000,
      "+1q": 0,
      "0y": 2656000000,
      "+1y": 2822200000
    },
    "numberOfAnalysts": {
      "0q": 3,
      "+1q": 0,
      "0y": 9,
      "+1y": 9
    },
    "yearAgoRevenue": {
      "0q": 598519000.0,
      "+1q": null,
      "0y": 2341600000.0,
      "+1y": 2620296180.0
    },
    "growth": {
      "0q": 0.113199994,
      "+1q": null,
      "0y": 0.118999995,
      "+1y": 0.0624
    }
  },
  "growth_estimates": {
    "stockTrend": {
      "0q": 0.287,
      "+1q": null,
      "0y": 0.1276,
      "+1y": 0.0423,
      "LTG": null
    },
    "indexTrend": {
      "0q": 0.1273,
      "+1q": 0.103599995,
      "0y": 0.14310001,
      "+1y": 0.1557,
      "LTG": 0.122
    }
  },
  "revenue_forecasts": null,
  "dividend_rate": 1.3,
  "trailing_dividend_rate": 1.3
}