{
  "ticker": "RHM.DE",
  "name": "Rheinmetall",
  "country": "germany",
  "currency": "EUR",
  "last_fetched": "2026-02-26T20:47:23.915930",
  "market_cap": 76601450496,
  "revenue": 10997999616,
  "net_income": 862000000,
  "pe_ratio": 88.8535,
  "forward_pe": 42.526283,
  "dividend_yield": 0.48,
  "profit_margin": 0.07638,
  "roe": 0.22417,
  "debt_to_equity": 47.166,
  "beta": 0.396,
  "ev_to_ebitda": 41.136,
  "sector": "Industrials",
  "industry": "Aerospace & Defense",
  "summary": "Rheinmetall AG provides mobility and security technologies in Germany, Rest of Europe, North, Middle, and South America, Asia and the Near East, and internationally. It operates through the Vehicle Systems, Weapon and Ammunition, Electronic Solutions, Power Systems, and Others segments. The Vehicle Systems segment offers combat, logistics, support, and special vehicles, including armored tracked vehicles, CBRN protection systems, artillery, turret systems, and wheeled logistics and tactical vehicles. The Weapon and Ammunition segment provides firepower and protection solutions, such as weapons and ammunition, protection systems, propellants, and international projects and services. The Electronic Solutions segment offers a chain of systems network, such as sensors, networking platforms, automated connected effectors for soldiers, cyberspace protection solutions, and training and simulation solutions. Its products include air defense, soldier, and fire control systems; radar technology; and command, control and reconnaissance systems, as well as simulations for the army, air force, navy, and civil applications. The Power Systems segment offers mobility solutions, control technologies, and digital applications for the automotive and energy industry, including air management, thermal management, e-mobility and digitization, hydrogen technology, metallic plain bearings, composite materials and lightweight construction. Its products include emissions reduction; actuators; solenoid valves; water, oil, and vacuum pumps; engine blocks, structural components, and cylinder heads; plain bearings and bushes; and global replacement parts. It also engages in the aftermarket activities. The company was formerly known as Rheinmetall Berlin AG and changed its name to Rheinmetall AG in 1996. Rheinmetall AG was founded in 1889 and is headquartered in DÃ¼sseldorf, Germany.",
  "website": "https://www.rheinmetall.com",
  "employees": 31537,
  "target_high": 2500.0,
  "target_low": 1700.0,
  "target_mean": 2127.2524,
  "target_median": 2115.0,
  "recommendation": "buy",
  "num_analysts": 20,
  "income_stmt": {
    "2024-12-31T00:00:00": {
      "Tax Effect Of Unusual Items": -6231895.850285,
      "Tax Rate For Calcs": 0.270952,
      "Normalized EBITDA": 1790000000.0,
      "Total Unusual Items": -23000000.0,
      "Total Unusual Items Excluding Goodwill": -23000000.0,
      "Net Income From Continuing Operation Net Minority Interest": 804000000.0,
      "Reconciled Depreciation": 403000000.0,
      "Reconciled Cost Of Revenue": 4692000000.0,
      "EBITDA": 1767000000.0,
      "EBIT": 1364000000.0,
      "Net Interest Income": -126000000.0,
      "Interest Expense": 135000000.0,
      "Interest Income": 19000000.0,
      "Normalized Income": 820768104.149715,
      "Net Income From Continuing And Discontinued Operation": 717000000.0,
      "Total Expenses": 8344000000.0,
      "Rent Expense Supplemental": 30000000.0,
      "Diluted Average Shares": 46660000.0,
      "Basic Average Shares": 43430000.0,
      "Diluted EPS": 15.96,
      "Basic EPS": 16.51,
      "Diluted NI Availto Com Stockholders": 717000000.0,
      "Net Income Common Stockholders": 717000000.0,
      "Otherunder Preferred Stock Dividend": 0.0,
      "Net Income": 717000000.0,
      "Minority Interests": -91000000.0,
      "Net Income Including Noncontrolling Interests": 808000000.0,
      "Net Income Discontinuous Operations": -87000000.0,
      "Net Income Continuous Operations": 896000000.0,
      "Tax Provision": 333000000.0,
      "Pretax Income": 1229000000.0,
      "Other Non Operating Income Expenses": 6000000.0,
      "Special Income Charges": -23000000.0,
      "Other Special Charges": 19000000.0,
      "Write Off": 4000000.0,
      "Impairment Of Capital Assets": null,
      "Net Non Operating Interest Income Expense": -126000000.0,
      "Total Other Finance Cost": 10000000.0,
      "Interest Expense Non Operating": 135000000.0,
      "Interest Income Non Operating": 19000000.0,
      "Operating Income": 1407000000.0,
      "Operating Expense": 3652000000.0,
      "Other Operating Expenses": 593000000.0,
      "Depreciation And Amortization In Income Statement": 403000000.0,
      "Amortization": 149000000.0,
      "Depreciation Income Statement": 254000000.0,
      "Selling General And Administration": 319000000.0,
      "Selling And Marketing Expense": 143000000.0,
      "General And Administrative Expense": 176000000.0,
      "Rent And Landing Fees": 30000000.0,
      "Gross Profit": 5059000000.0,
      "Cost Of Revenue": 4692000000.0,
      "Total Revenue": 9751000000.0,
      "Operating Revenue": 9751000000.0
    },
    "2023-12-31T00:00:00": {
      "Tax Effect Of Unusual Items": -3404907.97546,
      "Tax Rate For Calcs": 0.226994,
      "Normalized EBITDA": 1249000000.0,
      "Total Unusual Items": -15000000.0,
      "Total Unusual Items Excluding Goodwill": -15000000.0,
      "Net Income From Continuing Operation Net Minority Interest": 579000000.0,
      "Reconciled Depreciation": 308000000.0,
      "Reconciled Cost Of Revenue": 3239000000.0,
      "EBITDA": 1234000000.0,
      "EBIT": 926000000.0,
      "Net Interest Income": -88000000.0,
      "Interest Expense": 111000000.0,
      "Interest Income": 29000000.0,
      "Normalized Income": 590595092.02454,
      "Net Income From Continuing And Discontinued Operation": 535000000.0,
      "Total Expenses": 6322000000.0,
      "Rent Expense Supplemental": 31000000.0,
      "Diluted Average Shares": 46340000.0,
      "Basic Average Shares": 43410000.0,
      "Diluted EPS": 12.07,
      "Basic EPS": 12.32,
      "Diluted NI Availto Com Stockholders": 535000000.0,
      "Net Income Common Stockholders": 535000000.0,
      "Otherunder Preferred Stock Dividend": 0.0,
      "Net Income": 535000000.0,
      "Minority Interests": -51000000.0,
      "Net Income Including Noncontrolling Interests": 586000000.0,
      "Net Income Discontinuous Operations": -44000000.0,
      "Net Income Continuous Operations": 630000000.0,
      "Tax Provision": 185000000.0,
      "Pretax Income": 815000000.0,
      "Other Non Operating Income Expenses": 8000000.0,
      "Special Income Charges": -15000000.0,
      "Other Special Charges": 8000000.0,
      "Write Off": 7000000.0,
      "Impairment Of Capital Assets": 6000000.0,
      "Net Non Operating Interest Income Expense": -88000000.0,
      "Total Other Finance Cost": 6000000.0,
      "Interest Expense Non Operating": 111000000.0,
      "Interest Income Non Operating": 29000000.0,
      "Operating Income": 854000000.0,
      "Operating Expense": 3083000000.0,
      "Other Operating Expenses": 452000000.0,
      "Depreciation And Amortization In Income Statement": 308000000.0,
      "Amortization": 87000000.0,
      "Depreciation Income Statement": 221000000.0,
      "Selling General And Administration": 264000000.0,
      "Selling And Marketing Expense": 117000000.0,
      "General And Administrative Expense": 147000000.0,
      "Rent And Landing Fees": 31000000.0,
      "Gross Profit": 3937000000.0,
      "Cost Of Revenue": 3239000000.0,
      "Total Revenue": 7176000000.0,
      "Operating Revenue": 7176000000.0
    },
    "2022-12-31T00:00:00": {
      "Tax Effect Of Unusual Items": -3823119.777159,
      "Tax Rate For Calcs": 0.254875,
      "Normalized EBITDA": 1015000000.0,
      "Total Unusual Items": -15000000.0,
      "Total Unusual Items Excluding Goodwill": -15000000.0,
      "Net Income From Continuing Operation Net Minority Interest": 468000000.0,
      "Reconciled Depreciation": 250000000.0,
      "Reconciled Cost Of Revenue": 3031000000.0,
      "EBITDA": 1000000000.0,
      "EBIT": 750000000.0,
      "Net Interest Income": -68000000.0,
      "Interest Expense": 32000000.0,
      "Interest Income": 12000000.0,
      "Normalized Income": 479176880.222841,
      "Net Income From Continuing And Discontinued Operation": 474000000.0,
      "Total Expenses": 5656000000.0,
      "Rent Expense Supplemental": 23000000.0,
      "Diluted Average Shares": 43360000.0,
      "Basic Average Shares": 43360000.0,
      "Diluted EPS": 10.94,
      "Basic EPS": 10.94,
      "Diluted NI Availto Com Stockholders": 474000000.0,
      "Net Income Common Stockholders": 474000000.0,
      "Otherunder Preferred Stock Dividend": 0.0,
      "Net Income": 474000000.0,
      "Minority Interests": -66000000.0,
      "Net Income Including Noncontrolling Interests": 540000000.0,
      "Net Income Discontinuous Operations": 6000000.0,
      "Net Income Continuous Operations": 534000000.0,
      "Tax Provision": 183000000.0,
      "Pretax Income": 718000000.0,
      "Other Non Operating Income Expenses": 6000000.0,
      "Special Income Charges": -15000000.0,
      "Other Special Charges": -8000000.0,
      "Write Off": 23000000.0,
      "Impairment Of Capital Assets": 0.0,
      "Net Non Operating Interest Income Expense": -68000000.0,
      "Total Other Finance Cost": 48000000.0,
      "Interest Expense Non Operating": 32000000.0,
      "Interest Income Non Operating": 12000000.0,
      "Operating Income": 754000000.0,
      "Operating Expense": 2625000000.0,
      "Other Operating Expenses": 332000000.0,
      "Depreciation And Amortization In Income Statement": 250000000.0,
      "Amortization": 45000000.0,
      "Depreciation Income Statement": 205000000.0,
      "Selling General And Administration": 234000000.0,
      "Selling And Marketing Expense": 109000000.0,
      "General And Administrative Expense": 125000000.0,
      "Rent And Landing Fees": 23000000.0,
      "Gross Profit": 3379000000.0,
      "Cost Of Revenue": 3031000000.0,
      "Total Revenue": 6410000000.0,
      "Operating Revenue": 6410000000.0
    },
    "2021-12-31T00:00:00": {
      "Tax Effect Of Unusual Items": -1804123.71134,
      "Tax Rate For Calcs": 0.257732,
      "Normalized EBITDA": 874000000.0,
      "Total Unusual Items": -7000000.0,
      "Total Unusual Items Excluding Goodwill": -7000000.0,
      "Net Income From Continuing Operation Net Minority Interest": 391000000.0,
      "Reconciled Depreciation": 254000000.0,
      "Reconciled Cost Of Revenue": 2628000000.0,
      "EBITDA": 867000000.0,
      "EBIT": 613000000.0,
      "Net Interest Income": -44000000.0,
      "Interest Expense": 31000000.0,
      "Interest Income": 4000000.0,
      "Normalized Income": 396195876.28866,
      "Net Income From Continuing And Discontinued Operation": 291000000.0,
      "Total Expenses": 5044000000.0,
      "Rent Expense Supplemental": 21000000.0,
      "Diluted Average Shares": 43280000.0,
      "Basic Average Shares": 43280000.0,
      "Diluted EPS": 6.72,
      "Basic EPS": 6.72,
      "Diluted NI Availto Com Stockholders": 291000000.0,
      "Net Income Common Stockholders": 291000000.0,
      "Otherunder Preferred Stock Dividend": 0.0,
      "Net Income": 291000000.0,
      "Minority Interests": -41000000.0,
      "Net Income Including Noncontrolling Interests": 332000000.0,
      "Net Income Discontinuous Operations": -100000000.0,
      "Net Income Continuous Operations": 432000000.0,
      "Tax Provision": 150000000.0,
      "Pretax Income": 582000000.0,
      "Other Non Operating Income Expenses": 6000000.0,
      "Special Income Charges": -7000000.0,
      "Other Special Charges": -2000000.0,
      "Write Off": 9000000.0,
      "Impairment Of Capital Assets": 15000000.0,
      "Net Non Operating Interest Income Expense": -44000000.0,
      "Total Other Finance Cost": 17000000.0,
      "Interest Expense Non Operating": 31000000.0,
      "Interest Income Non Operating": 4000000.0,
      "Operating Income": 614000000.0,
      "Operating Expense": 2416000000.0,
      "Other Operating Expenses": 360000000.0,
      "Depreciation And Amortization In Income Statement": 251000000.0,
      "Amortization": 48000000.0,
      "Depreciation Income Statement": 203000000.0,
      "Selling General And Administration": 158000000.0,
      "Selling And Marketing Expense": 93000000.0,
      "General And Administrative Expense": 65000000.0,
      "Rent And Landing Fees": 21000000.0,
      "Gross Profit": 3030000000.0,
      "Cost Of Revenue": 2628000000.0,
      "Total Revenue": 5658000000.0,
      "Operating Revenue": 5658000000.0
    }
  },
  "quarterly_income": {
    "2025-09-30T00:00:00": {
      "Tax Effect Of Unusual Items": 0.0,
      "Tax Rate For Calcs": 0.296552,
      "Normalized EBITDA": 434000000.0,
      "Net Income From Continuing Operation Net Minority Interest": 151000000.0,
      "Reconciled Depreciation": 116000000.0,
      "Reconciled Cost Of Revenue": 1369000000.0,
      "EBITDA": 434000000.0,
      "EBIT": 317000000.0,
      "Net Interest Income": -29000000.0,
      "Interest Expense": 27000000.0,
      "Interest Income": 2000000.0,
      "Normalized Income": 151000000.0,
      "Net Income From Continuing And Discontinued Operation": 152000000.0,
      "Total Expenses": 2456000000.0,
      "Diluted Average Shares": 45921450.0,
      "Basic Average Shares": 45508982.0,
      "Diluted EPS": 3.31,
      "Basic EPS": 3.34,
      "Diluted NI Availto Com Stockholders": 152000000.0,
      "Average Dilution Earnings": null,
      "Net Income Common Stockholders": 152000000.0,
      "Otherunder Preferred Stock Dividend": 0.0,
      "Net Income": 152000000.0,
      "Minority Interests": -51000000.0,
      "Net Income Including Noncontrolling Interests": 204000000.0,
      "Net Income Discontinuous Operations": 1000000.0,
      "Net Income Continuous Operations": 203000000.0,
      "Tax Provision": 86000000.0,
      "Pretax Income": 290000000.0,
      "Net Non Operating Interest Income Expense": -29000000.0,
      "Total Other Finance Cost": 4000000.0,
      "Interest Expense Non Operating": 27000000.0,
      "Interest Income Non Operating": 2000000.0,
      "Operating Income": 324000000.0,
      "Operating Expense": 1087000000.0,
      "Other Operating Expenses": 321000000.0,
      "Depreciation And Amortization In Income Statement": 117000000.0,
      "Depreciation Income Statement": 117000000.0,
      "Gross Profit": 1411000000.0,
      "Cost Of Revenue": 1369000000.0,
      "Total Revenue": 2780000000.0,
      "Operating Revenue": 2780000000.0
    },
    "2025-06-30T00:00:00": {
      "Tax Effect Of Unusual Items": 0.0,
      "Tax Rate For Calcs": 0.240909,
      "Normalized EBITDA": 367000000.0,
      "Net Income From Continuing Operation Net Minority Interest": 140000000.0,
      "Reconciled Depreciation": 127000000.0,
      "Reconciled Cost Of Revenue": 1132000000.0,
      "EBITDA": 367000000.0,
      "EBIT": 240000000.0,
      "Net Interest Income": -9000000.0,
      "Interest Expense": 20000000.0,
      "Interest Income": 4000000.0,
      "Normalized Income": 140000000.0,
      "Net Income From Continuing And Discontinued Operation": 131000000.0,
      "Total Expenses": 2201000000.0,
      "Diluted Average Shares": 46289753.0,
      "Basic Average Shares": 45172414.0,
      "Diluted EPS": 2.83,
      "Basic EPS": 2.9,
      "Diluted NI Availto Com Stockholders": 131000000.0,
      "Average Dilution Earnings": null,
      "Net Income Common Stockholders": 131000000.0,
      "Otherunder Preferred Stock Dividend": 0.0,
      "Net Income": 131000000.0,
      "Minority Interests": -27000000.0,
      "Net Income Including Noncontrolling Interests": 159000000.0,
      "Net Income Discontinuous Operations": -9000000.0,
      "Net Income Continuous Operations": 167000000.0,
      "Tax Provision": 53000000.0,
      "Pretax Income": 220000000.0,
      "Net Non Operating Interest Income Expense": -9000000.0,
      "Total Other Finance Cost": -7000000.0,
      "Interest Expense Non Operating": 20000000.0,
      "Interest Income Non Operating": 4000000.0,
      "Operating Income": 229000000.0,
      "Operating Expense": 1069000000.0,
      "Other Operating Expenses": 289000000.0,
      "Depreciation And Amortization In Income Statement": 127000000.0,
      "Depreciation Income Statement": 127000000.0,
      "Gross Profit": 1298000000.0,
      "Cost Of Revenue": 1132000000.0,
      "Total Revenue": 2430000000.0,
      "Operating Revenue": 2430000000.0
    },
    "2025-03-31T00:00:00": {
      "Tax Effect Of Unusual Items": 0.0,
      "Tax Rate For Calcs": 0.265306,
      "Normalized EBITDA": 292000000.0,
      "Net Income From Continuing Operation Net Minority Interest": 84000000.0,
      "Reconciled Depreciation": 112000000.0,
      "Reconciled Cost Of Revenue": 1067000000.0,
      "EBITDA": 292000000.0,
      "EBIT": 180000000.0,
      "Net Interest Income": -30000000.0,
      "Interest Expense": 33000000.0,
      "Interest Income": 6000000.0,
      "Normalized Income": 84000000.0,
      "Net Income From Continuing And Discontinued Operation": 84000000.0,
      "Total Expenses": 2126000000.0,
      "Diluted Average Shares": 46670000.0,
      "Basic Average Shares": 43840000.0,
      "Diluted EPS": 1.91,
      "Basic EPS": 1.92,
      "Diluted NI Availto Com Stockholders": 89000000.0,
      "Average Dilution Earnings": 6000000.0,
      "Net Income Common Stockholders": 84000000.0,
      "Otherunder Preferred Stock Dividend": 0.0,
      "Net Income": 84000000.0,
      "Minority Interests": -24000000.0,
      "Net Income Including Noncontrolling Interests": 108000000.0,
      "Net Income Discontinuous Operations": 0.0,
      "Net Income Continuous Operations": 108000000.0,
      "Tax Provision": 39000000.0,
      "Pretax Income": 147000000.0,
      "Net Non Operating Interest Income Expense": -30000000.0,
      "Total Other Finance Cost": 3000000.0,
      "Interest Expense Non Operating": 33000000.0,
      "Interest Income Non Operating": 6000000.0,
      "Operating Income": 179000000.0,
      "Operating Expense": 1059000000.0,
      "Other Operating Expenses": 287000000.0,
      "Depreciation And Amortization In Income Statement": 112000000.0,
      "Depreciation Income Statement": 112000000.0,
      "Gross Profit": 1238000000.0,
      "Cost Of Revenue": 1067000000.0,
      "Total Revenue": 2305000000.0,
      "Operating Revenue": 2305000000.0
    },
    "2024-12-31T00:00:00": {
      "Tax Effect Of Unusual Items": 0.0,
      "Tax Rate For Calcs": 0.25,
      "Normalized EBITDA": 863000000.0,
      "Net Income From Continuing Operation Net Minority Interest": 486000000.0,
      "Reconciled Depreciation": 126000000.0,
      "Reconciled Cost Of Revenue": 1698000000.0,
      "EBITDA": 863000000.0,
      "EBIT": 737000000.0,
      "Net Interest Income": -36000000.0,
      "Interest Expense": 49000000.0,
      "Interest Income": 5000000.0,
      "Normalized Income": 486000000.0,
      "Net Income From Continuing And Discontinued Operation": 472000000.0,
      "Total Expenses": 2724000000.0,
      "Diluted Average Shares": null,
      "Basic Average Shares": null,
      "Diluted EPS": null,
      "Basic EPS": null,
      "Diluted NI Availto Com Stockholders": 472000000.0,
      "Average Dilution Earnings": null,
      "Net Income Common Stockholders": 472000000.0,
      "Otherunder Preferred Stock Dividend": 0.0,
      "Net Income": 472000000.0,
      "Minority Interests": -30000000.0,
      "Net Income Including Noncontrolling Interests": 502000000.0,
      "Net Income Discontinuous Operations": -14000000.0,
      "Net Income Continuous Operations": 517000000.0,
      "Tax Provision": 172000000.0,
      "Pretax Income": 688000000.0,
      "Net Non Operating Interest Income Expense": -36000000.0,
      "Total Other Finance Cost": -8000000.0,
      "Interest Expense Non Operating": 49000000.0,
      "Interest Income Non Operating": 5000000.0,
      "Operating Income": 759000000.0,
      "Operating Expense": 1026000000.0,
      "Other Operating Expenses": -158000000.0,
      "Depreciation And Amortization In Income Statement": 126000000.0,
      "Depreciation Income Statement": -23000000.0,
      "Gross Profit": 1785000000.0,
      "Cost Of Revenue": 1698000000.0,
      "Total Revenue": 3483000000.0,
      "Operating Revenue": 3483000000.0
    },
    "2024-09-30T00:00:00": {
      "Tax Effect Of Unusual Items": 0.0,
      "Tax Rate For Calcs": 0.299595,
      "Normalized EBITDA": 371000000.0,
      "Net Income From Continuing Operation Net Minority Interest": 135000000.0,
      "Reconciled Depreciation": 96000000.0,
      "Reconciled Cost Of Revenue": 1300000000.0,
      "EBITDA": 371000000.0,
      "EBIT": 275000000.0,
      "Net Interest Income": -31000000.0,
      "Interest Expense": 28000000.0,
      "Interest Income": 5000000.0,
      "Normalized Income": 135000000.0,
      "Net Income From Continuing And Discontinued Operation": 135000000.0,
      "Total Expenses": 2163000000.0,
      "Diluted Average Shares": 44262295.0,
      "Basic Average Shares": 43408360.0,
      "Diluted EPS": 3.05,
      "Basic EPS": 3.11,
      "Diluted NI Availto Com Stockholders": 135000000.0,
      "Average Dilution Earnings": null,
      "Net Income Common Stockholders": 135000000.0,
      "Otherunder Preferred Stock Dividend": 0.0,
      "Net Income": 135000000.0,
      "Minority Interests": -38000000.0,
      "Net Income Including Noncontrolling Interests": 173000000.0,
      "Net Income Discontinuous Operations": 0.0,
      "Net Income Continuous Operations": 173000000.0,
      "Tax Provision": 74000000.0,
      "Pretax Income": 247000000.0,
      "Net Non Operating Interest Income Expense": -31000000.0,
      "Total Other Finance Cost": 8000000.0,
      "Interest Expense Non Operating": 28000000.0,
      "Interest Income Non Operating": 5000000.0,
      "Operating Income": 290000000.0,
      "Operating Expense": 863000000.0,
      "Other Operating Expenses": 247000000.0,
      "Depreciation And Amortization In Income Statement": 95000000.0,
      "Depreciation Income Statement": 95000000.0,
      "Gross Profit": 1153000000.0,
      "Cost Of Revenue": 1300000000.0,
      "Total Revenue": 2453000000.0,
      "Operating Revenue": 2453000000.0
    },
    "2024-06-30T00:00:00": {
      "Tax Effect Of Unusual Items": null,
      "Tax Rate For Calcs": null,
      "Normalized EBITDA": null,
      "Net Income From Continuing Operation Net Minority Interest": null,
      "Reconciled Depreciation": null,
      "Reconciled Cost Of Revenue": null,
      "EBITDA": null,
      "EBIT": null,
      "Net Interest Income": null,
      "Interest Expense": null,
      "Interest Income": null,
      "Normalized Income": null,
      "Net Income From Continuing And Discontinued Operation": null,
      "Total Expenses": null,
      "Diluted Average Shares": 43356643.0,
      "Basic Average Shares": 43356643.0,
      "Diluted EPS": 1.43,
      "Basic EPS": 1.43,
      "Diluted NI Availto Com Stockholders": null,
      "Average Dilution Earnings": null,
      "Net Income Common Stockholders": null,
      "Otherunder Preferred Stock Dividend": null,
      "Net Income": null,
      "Minority Interests": null,
      "Net Income Including Noncontrolling Interests": null,
      "Net Income Discontinuous Operations": null,
      "Net Income Continuous Operations": null,
      "Tax Provision": null,
      "Pretax Income": null,
      "Net Non Operating Interest Income Expense": null,
      "Total Other Finance Cost": null,
      "Interest Expense Non Operating": null,
      "Interest Income Non Operating": null,
      "Operating Income": null,
      "Operating Expense": null,
      "Other Operating Expenses": null,
      "Depreciation And Amortization In Income Statement": null,
      "Depreciation Income Statement": null,
      "Gross Profit": null,
      "Cost Of Revenue": null,
      "Total Revenue": null,
      "Operating Revenue": null
    }
  },
  "balance_sheet": {
    "2024-12-31T00:00:00": {
      "Treasury Shares Number": 121504.0,
      "Ordinary Shares Number": 43437346.0,
      "Share Issued": 43558850.0,
      "Net Debt": 912000000.0,
      "Total Debt": 2423000000.0,
      "Tangible Book Value": 1248000000.0,
      "Invested Capital": 6146000000.0,
      "Working Capital": 1449000000.0,
      "Net Tangible Assets": 1248000000.0,
      "Capital Lease Obligations": 327000000.0,
      "Common Stock Equity": 4050000000.0,
      "Total Capitalization": 5647000000.0,
      "Total Equity Gross Minority Interest": 4464000000.0,
      "Minority Interest": 414000000.0,
      "Stockholders Equity": 4050000000.0,
      "Other Equity Interest": -1000000.0,
      "Treasury Stock": 4000000.0,
      "Retained Earnings": 3247000000.0,
      "Additional Paid In Capital": 696000000.0,
      "Capital Stock": 112000000.0,
      "Common Stock": 112000000.0,
      "Total Liabilities Net Minority Interest": 9880000000.0,
      "Total Non Current Liabilities Net Minority Interest": 3098000000.0,
      "Other Non Current Liabilities": 32000000.0,
      "Derivative Product Liabilities": 9000000.0,
      "Non Current Pension And Other Postretirement Benefit Plans": 527000000.0,
      "Tradeand Other Payables Non Current": 2000000.0,
      "Non Current Deferred Taxes Liabilities": 356000000.0,
      "Long Term Debt And Capital Lease Obligation": 1871000000.0,
      "Long Term Capital Lease Obligation": 274000000.0,
      "Long Term Debt": 1597000000.0,
      "Long Term Provisions": 285000000.0,
      "Current Liabilities": 6782000000.0,
      "Other Current Liabilities": 112000000.0,
      "Current Debt And Capital Lease Obligation": 552000000.0,
      "Current Capital Lease Obligation": 53000000.0,
      "Current Debt": 499000000.0,
      "Pensionand Other Post Retirement Benefit Plans Current": 0.0,
      "Current Provisions": 807000000.0,
      "Payables": 1369000000.0,
      "Total Tax Payable": 218000000.0,
      "Accounts Payable": 1151000000.0,
      "Total Assets": 14344000000.0,
      "Total Non Current Assets": 6112000000.0,
      "Other Non Current Assets": 9000000.0,
      "Defined Pension Benefit": 275000000.0,
      "Non Current Prepaid Assets": 26000000.0,
      "Non Current Deferred Assets": 183000000.0,
      "Non Current Deferred Taxes Assets": 172000000.0,
      "Financial Assets": 9000000.0,
      "Investmentin Financial Assets": 69000000.0,
      "Held To Maturity Securities": 19000000.0,
      "Available For Sale Securities": 50000000.0,
      "Long Term Equity Investment": 346000000.0,
      "Investment Properties": 20000000.0,
      "Goodwill And Other Intangible Assets": 2802000000.0,
      "Other Intangible Assets": 1376000000.0,
      "Goodwill": 1426000000.0,
      "Net PPE": 2188000000.0,
      "Accumulated Depreciation": -3524000000.0,
      "Gross PPE": 5712000000.0,
      "Construction In Progress": 539000000.0,
      "Other Properties": 34000000.0,
      "Machinery Furniture Equipment": 3327000000.0,
      "Buildings And Improvements": 458000000.0,
      "Land And Improvements": 1354000000.0,
      "Properties": 0.0,
      "Current Assets": 8231000000.0,
      "Other Current Assets": 54000000.0,
      "Hedging Assets Current": 32000000.0,
      "Assets Held For Sale Current": null,
      "Current Deferred Assets": 0.0,
      "Prepaid Assets": 516000000.0,
      "Inventory": 3528000000.0,
      "Finished Goods": 384000000.0,
      "Work In Process": 1486000000.0,
      "Raw Materials": 1658000000.0,
      "Other Receivables": 707000000.0,
      "Taxes Receivable": 169000000.0,
      "Accounts Receivable": 1971000000.0,
      "Cash Cash Equivalents And Short Term Investments": 1253000000.0,
      "Other Short Term Investments": 69000000.0,
      "Cash And Cash Equivalents": 1184000000.0,
      "Cash Equivalents": 0.0,
      "Cash Financial": 1184000000.0
    },
    "2023-12-31T00:00:00": {
      "Treasury Shares Number": 141356.0,
      "Ordinary Shares Number": 43417494.0,
      "Share Issued": 43558850.0,
      "Net Debt": 792000000.0,
      "Total Debt": 1914000000.0,
      "Tangible Book Value": 1238000000.0,
      "Invested Capital": 4958000000.0,
      "Working Capital": 1633000000.0,
      "Net Tangible Assets": 1238000000.0,
      "Capital Lease Obligations": 272000000.0,
      "Common Stock Equity": 3316000000.0,
      "Total Capitalization": 4593000000.0,
      "Total Equity Gross Minority Interest": 3643000000.0,
      "Minority Interest": 327000000.0,
      "Stockholders Equity": 3316000000.0,
      "Other Equity Interest": null,
      "Treasury Stock": 5000000.0,
      "Retained Earnings": 2533000000.0,
      "Additional Paid In Capital": 676000000.0,
      "Capital Stock": 112000000.0,
      "Common Stock": 112000000.0,
      "Total Liabilities Net Minority Interest": 8064000000.0,
      "Total Non Current Liabilities Net Minority Interest": 2605000000.0,
      "Other Non Current Liabilities": 24000000.0,
      "Derivative Product Liabilities": 8000000.0,
      "Non Current Pension And Other Postretirement Benefit Plans": 562000000.0,
      "Tradeand Other Payables Non Current": null,
      "Non Current Deferred Taxes Liabilities": 260000000.0,
      "Long Term Debt And Capital Lease Obligation": 1503000000.0,
      "Long Term Capital Lease Obligation": 226000000.0,
      "Long Term Debt": 1277000000.0,
      "Long Term Provisions": 230000000.0,
      "Current Liabilities": 5459000000.0,
      "Other Current Liabilities": 65000000.0,
      "Current Debt And Capital Lease Obligation": 411000000.0,
      "Current Capital Lease Obligation": 46000000.0,
      "Current Debt": 365000000.0,
      "Pensionand Other Post Retirement Benefit Plans Current": 0.0,
      "Current Provisions": 690000000.0,
      "Payables": 1442000000.0,
      "Total Tax Payable": 220000000.0,
      "Accounts Payable": 1222000000.0,
      "Total Assets": 11707000000.0,
      "Total Non Current Assets": 4615000000.0,
      "Other Non Current Assets": 14000000.0,
      "Defined Pension Benefit": 99000000.0,
      "Non Current Prepaid Assets": 18000000.0,
      "Non Current Deferred Assets": 134000000.0,
      "Non Current Deferred Taxes Assets": 164000000.0,
      "Financial Assets": 7000000.0,
      "Investmentin Financial Assets": 34000000.0,
      "Held To Maturity Securities": 11000000.0,
      "Available For Sale Securities": 23000000.0,
      "Long Term Equity Investment": 373000000.0,
      "Investment Properties": 22000000.0,
      "Goodwill And Other Intangible Assets": 2078000000.0,
      "Other Intangible Assets": 953000000.0,
      "Goodwill": 1125000000.0,
      "Net PPE": 1641000000.0,
      "Accumulated Depreciation": -3247000000.0,
      "Gross PPE": 4888000000.0,
      "Construction In Progress": 226000000.0,
      "Other Properties": 31000000.0,
      "Machinery Furniture Equipment": 2942000000.0,
      "Buildings And Improvements": 373000000.0,
      "Land And Improvements": 1316000000.0,
      "Properties": 0.0,
      "Current Assets": 7092000000.0,
      "Other Current Assets": 25000000.0,
      "Hedging Assets Current": 18000000.0,
      "Assets Held For Sale Current": 196000000.0,
      "Current Deferred Assets": 0.0,
      "Prepaid Assets": 342000000.0,
      "Inventory": 2951000000.0,
      "Finished Goods": 455000000.0,
      "Work In Process": 1251000000.0,
      "Raw Materials": 1245000000.0,
      "Other Receivables": 528000000.0,
      "Taxes Receivable": 83000000.0,
      "Accounts Receivable": 2033000000.0,
      "Cash Cash Equivalents And Short Term Investments": 915000000.0,
      "Other Short Term Investments": 65000000.0,
      "Cash And Cash Equivalents": 850000000.0,
      "Cash Equivalents": 0.0,
      "Cash Financial": 850000000.0
    },
    "2022-12-31T00:00:00": {
      "Treasury Shares Number": 177184.0,
      "Ordinary Shares Number": 43381666.0,
      "Share Issued": 43558850.0,
      "Net Debt": 216000000.0,
      "Total Debt": 972000000.0,
      "Tangible Book Value": 1998000000.0,
      "Invested Capital": 3580000000.0,
      "Working Capital": 1513000000.0,
      "Net Tangible Assets": 1998000000.0,
      "Capital Lease Obligations": 211000000.0,
      "Common Stock Equity": 2819000000.0,
      "Total Capitalization": 3165000000.0,
      "Total Equity Gross Minority Interest": 3090000000.0,
      "Minority Interest": 271000000.0,
      "Stockholders Equity": 2819000000.0,
      "Other Equity Interest": null,
      "Treasury Stock": 6000000.0,
      "Retained Earnings": 2147000000.0,
      "Additional Paid In Capital": 566000000.0,
      "Capital Stock": 112000000.0,
      "Common Stock": 112000000.0,
      "Total Liabilities Net Minority Interest": 5006000000.0,
      "Total Non Current Liabilities Net Minority Interest": 1341000000.0,
      "Other Non Current Liabilities": 30000000.0,
      "Derivative Product Liabilities": 6000000.0,
      "Non Current Pension And Other Postretirement Benefit Plans": 484000000.0,
      "Tradeand Other Payables Non Current": null,
      "Non Current Deferred Taxes Liabilities": 78000000.0,
      "Long Term Debt And Capital Lease Obligation": 518000000.0,
      "Long Term Capital Lease Obligation": 172000000.0,
      "Long Term Debt": 346000000.0,
      "Long Term Provisions": 205000000.0,
      "Current Liabilities": 3665000000.0,
      "Other Current Liabilities": 44000000.0,
      "Current Debt And Capital Lease Obligation": 454000000.0,
      "Current Capital Lease Obligation": 39000000.0,
      "Current Debt": 415000000.0,
      "Pensionand Other Post Retirement Benefit Plans Current": 0.0,
      "Current Provisions": 674000000.0,
      "Payables": 1099000000.0,
      "Total Tax Payable": 168000000.0,
      "Accounts Payable": 931000000.0,
      "Total Assets": 8096000000.0,
      "Total Non Current Assets": 2918000000.0,
      "Other Non Current Assets": 7000000.0,
      "Defined Pension Benefit": 0.0,
      "Non Current Prepaid Assets": 11000000.0,
      "Non Current Deferred Assets": 100000000.0,
      "Non Current Deferred Taxes Assets": 98000000.0,
      "Financial Assets": 10000000.0,
      "Investmentin Financial Assets": 32000000.0,
      "Held To Maturity Securities": 11000000.0,
      "Available For Sale Securities": 21000000.0,
      "Long Term Equity Investment": 442000000.0,
      "Investment Properties": 24000000.0,
      "Goodwill And Other Intangible Assets": 821000000.0,
      "Other Intangible Assets": 338000000.0,
      "Goodwill": 483000000.0,
      "Net PPE": 1347000000.0,
      "Accumulated Depreciation": -2945000000.0,
      "Gross PPE": 4292000000.0,
      "Construction In Progress": 162000000.0,
      "Other Properties": 15000000.0,
      "Machinery Furniture Equipment": 2637000000.0,
      "Buildings And Improvements": 295000000.0,
      "Land And Improvements": 1183000000.0,
      "Properties": 0.0,
      "Current Assets": 5178000000.0,
      "Other Current Assets": 30000000.0,
      "Hedging Assets Current": 31000000.0,
      "Assets Held For Sale Current": 349000000.0,
      "Current Deferred Assets": 0.0,
      "Prepaid Assets": 135000000.0,
      "Inventory": 1879000000.0,
      "Finished Goods": 245000000.0,
      "Work In Process": 814000000.0,
      "Raw Materials": 820000000.0,
      "Other Receivables": 375000000.0,
      "Taxes Receivable": 122000000.0,
      "Accounts Receivable": 1560000000.0,
      "Cash Cash Equivalents And Short Term Investments": 696000000.0,
      "Other Short Term Investments": 151000000.0,
      "Cash And Cash Equivalents": 545000000.0,
      "Cash Equivalents": 0.0,
      "Cash Financial": 545000000.0
    },
    "2021-12-31T00:00:00": {
      "Treasury Shares Number": 255201.0,
      "Ordinary Shares Number": 43303649.0,
      "Share Issued": 43558850.0,
      "Net Debt": null,
      "Total Debt": 921000000.0,
      "Tangible Book Value": 1651000000.0,
      "Invested Capital": 3119000000.0,
      "Working Capital": 1641000000.0,
      "Net Tangible Assets": 1651000000.0,
      "Capital Lease Obligations": 220000000.0,
      "Common Stock Equity": 2418000000.0,
      "Total Capitalization": 2944000000.0,
      "Total Equity Gross Minority Interest": 2621000000.0,
      "Minority Interest": 203000000.0,
      "Stockholders Equity": 2418000000.0,
      "Other Equity Interest": -1000000.0,
      "Treasury Stock": 9000000.0,
      "Retained Earnings": 1755000000.0,
      "Additional Paid In Capital": 561000000.0,
      "Capital Stock": 112000000.0,
      "Common Stock": 112000000.0,
      "Total Liabilities Net Minority Interest": 5113000000.0,
      "Total Non Current Liabilities Net Minority Interest": 1772000000.0,
      "Other Non Current Liabilities": 36000000.0,
      "Derivative Product Liabilities": 4000000.0,
      "Non Current Pension And Other Postretirement Benefit Plans": 773000000.0,
      "Tradeand Other Payables Non Current": null,
      "Non Current Deferred Taxes Liabilities": 38000000.0,
      "Long Term Debt And Capital Lease Obligation": 707000000.0,
      "Long Term Capital Lease Obligation": 181000000.0,
      "Long Term Debt": 526000000.0,
      "Long Term Provisions": 210000000.0,
      "Current Liabilities": 3341000000.0,
      "Other Current Liabilities": 55000000.0,
      "Current Debt And Capital Lease Obligation": 214000000.0,
      "Current Capital Lease Obligation": 39000000.0,
      "Current Debt": 175000000.0,
      "Pensionand Other Post Retirement Benefit Plans Current": 0.0,
      "Current Provisions": 677000000.0,
      "Payables": 958000000.0,
      "Total Tax Payable": 149000000.0,
      "Accounts Payable": 809000000.0,
      "Total Assets": 7734000000.0,
      "Total Non Current Assets": 2752000000.0,
      "Other Non Current Assets": 10000000.0,
      "Defined Pension Benefit": 136000000.0,
      "Non Current Prepaid Assets": 10000000.0,
      "Non Current Deferred Assets": 107000000.0,
      "Non Current Deferred Taxes Assets": 147000000.0,
      "Financial Assets": 10000000.0,
      "Investmentin Financial Assets": 32000000.0,
      "Held To Maturity Securities": 3000000.0,
      "Available For Sale Securities": 29000000.0,
      "Long Term Equity Investment": 201000000.0,
      "Investment Properties": 30000000.0,
      "Goodwill And Other Intangible Assets": 767000000.0,
      "Other Intangible Assets": 286000000.0,
      "Goodwill": 481000000.0,
      "Net PPE": 1270000000.0,
      "Accumulated Depreciation": -2777000000.0,
      "Gross PPE": 4047000000.0,
      "Construction In Progress": 148000000.0,
      "Other Properties": 14000000.0,
      "Machinery Furniture Equipment": 2491000000.0,
      "Buildings And Improvements": 276000000.0,
      "Land And Improvements": 1118000000.0,
      "Properties": 0.0,
      "Current Assets": 4982000000.0,
      "Other Current Assets": 40000000.0,
      "Hedging Assets Current": 31000000.0,
      "Assets Held For Sale Current": 334000000.0,
      "Current Deferred Assets": 0.0,
      "Prepaid Assets": 104000000.0,
      "Inventory": 1579000000.0,
      "Finished Goods": 295000000.0,
      "Work In Process": 687000000.0,
      "Raw Materials": 597000000.0,
      "Other Receivables": 423000000.0,
      "Taxes Receivable": 60000000.0,
      "Accounts Receivable": 1176000000.0,
      "Cash Cash Equivalents And Short Term Investments": 1218000000.0,
      "Other Short Term Investments": 179000000.0,
      "Cash And Cash Equivalents": 1039000000.0,
      "Cash Equivalents": 0.0,
      "Cash Financial": 1039000000.0
    }
  },
  "cashflow": {
    "2024-12-31T00:00:00": {
      "Free Cash Flow": 988000000.0,
      "Repayment Of Debt": -773000000.0,
      "Issuance Of Debt": 793000000.0,
      "Capital Expenditure": -732000000.0,
      "End Cash Position": 1184000000.0,
      "Other Cash Adjustment Outside Changein Cash": -1000000.0,
      "Beginning Cash Position": 873000000.0,
      "Effect Of Exchange Rate Changes": -2000000.0,
      "Changes In Cash": 314000000.0,
      "Other Cash Adjustment Inside Changein Cash": null,
      "Financing Cash Flow": -234000000.0,
      "Net Other Financing Charges": -6000000.0,
      "Cash Dividends Paid": -248000000.0,
      "Net Issuance Payments Of Debt": 20000000.0,
      "Net Long Term Debt Issuance": 20000000.0,
      "Long Term Debt Payments": -773000000.0,
      "Long Term Debt Issuance": 793000000.0,
      "Investing Cash Flow": -1172000000.0,
      "Net Other Investing Changes": 34000000.0,
      "Net Investment Purchase And Sale": 0.0,
      "Sale Of Investment": null,
      "Purchase Of Investment": null,
      "Net Business Purchase And Sale": -484000000.0,
      "Sale Of Business": 24000000.0,
      "Purchase Of Business": -508000000.0,
      "Net PPE Purchase And Sale": -722000000.0,
      "Sale Of PPE": 10000000.0,
      "Purchase Of PPE": -732000000.0,
      "Operating Cash Flow": 1720000000.0,
      "Dividend Received Cfo": 16000000.0,
      "Change In Working Capital": 434000000.0,
      "Change In Other Current Assets": 407000000.0,
      "Change In Receivables": -102000000.0,
      "Other Non Cash Items": -42000000.0,
      "Depreciation And Amortization": 403000000.0,
      "Amortization Cash Flow": 149000000.0,
      "Depreciation": 254000000.0,
      "Pension And Employee Benefit Expense": -18000000.0,
      "Gain Loss On Investment Securities": 103000000.0,
      "Net Income From Continuing Operations": 808000000.0
    },
    "2023-12-31T00:00:00": {
      "Free Cash Flow": 345000000.0,
      "Repayment Of Debt": -485000000.0,
      "Issuance Of Debt": 1407000000.0,
      "Capital Expenditure": -398000000.0,
      "End Cash Position": 873000000.0,
      "Other Cash Adjustment Outside Changein Cash": null,
      "Beginning Cash Position": 568000000.0,
      "Effect Of Exchange Rate Changes": -9000000.0,
      "Changes In Cash": 314000000.0,
      "Other Cash Adjustment Inside Changein Cash": null,
      "Financing Cash Flow": 746000000.0,
      "Net Other Financing Charges": 18000000.0,
      "Cash Dividends Paid": -187000000.0,
      "Net Issuance Payments Of Debt": 922000000.0,
      "Net Long Term Debt Issuance": 922000000.0,
      "Long Term Debt Payments": -485000000.0,
      "Long Term Debt Issuance": 1407000000.0,
      "Investing Cash Flow": -1175000000.0,
      "Net Other Investing Changes": null,
      "Net Investment Purchase And Sale": 130000000.0,
      "Sale Of Investment": 130000000.0,
      "Purchase Of Investment": -1064000000.0,
      "Net Business Purchase And Sale": -909000000.0,
      "Sale Of Business": 155000000.0,
      "Purchase Of Business": -1064000000.0,
      "Net PPE Purchase And Sale": -396000000.0,
      "Sale Of PPE": 2000000.0,
      "Purchase Of PPE": -398000000.0,
      "Operating Cash Flow": 743000000.0,
      "Dividend Received Cfo": 29000000.0,
      "Change In Working Capital": -197000000.0,
      "Change In Other Current Assets": -217000000.0,
      "Change In Receivables": 39000000.0,
      "Other Non Cash Items": 91000000.0,
      "Depreciation And Amortization": 308000000.0,
      "Amortization Cash Flow": 87000000.0,
      "Depreciation": 221000000.0,
      "Pension And Employee Benefit Expense": -12000000.0,
      "Gain Loss On Investment Securities": -59000000.0,
      "Net Income From Continuing Operations": 586000000.0
    },
    "2022-12-31T00:00:00": {
      "Free Cash Flow": -175000000.0,
      "Repayment Of Debt": -232000000.0,
      "Issuance Of Debt": 249000000.0,
      "Capital Expenditure": -349000000.0,
      "End Cash Position": 568000000.0,
      "Other Cash Adjustment Outside Changein Cash": null,
      "Beginning Cash Position": 1058000000.0,
      "Effect Of Exchange Rate Changes": 1000000.0,
      "Changes In Cash": -491000000.0,
      "Other Cash Adjustment Inside Changein Cash": -23000000.0,
      "Financing Cash Flow": -131000000.0,
      "Net Other Financing Charges": -5000000.0,
      "Cash Dividends Paid": -143000000.0,
      "Net Issuance Payments Of Debt": 17000000.0,
      "Net Long Term Debt Issuance": 17000000.0,
      "Long Term Debt Payments": -232000000.0,
      "Long Term Debt Issuance": 249000000.0,
      "Investing Cash Flow": -534000000.0,
      "Net Other Investing Changes": -1000000.0,
      "Net Investment Purchase And Sale": -205000000.0,
      "Sale Of Investment": 0.0,
      "Purchase Of Investment": -205000000.0,
      "Net Business Purchase And Sale": 2000000.0,
      "Sale Of Business": 2000000.0,
      "Purchase Of Business": null,
      "Net PPE Purchase And Sale": -330000000.0,
      "Sale Of PPE": 19000000.0,
      "Purchase Of PPE": -349000000.0,
      "Operating Cash Flow": 174000000.0,
      "Dividend Received Cfo": 17000000.0,
      "Change In Working Capital": -573000000.0,
      "Change In Other Current Assets": -507000000.0,
      "Change In Receivables": -39000000.0,
      "Other Non Cash Items": 46000000.0,
      "Depreciation And Amortization": 250000000.0,
      "Amortization Cash Flow": 45000000.0,
      "Depreciation": 205000000.0,
      "Pension And Employee Benefit Expense": -62000000.0,
      "Gain Loss On Investment Securities": -5000000.0,
      "Net Income From Continuing Operations": 540000000.0
    },
    "2021-12-31T00:00:00": {
      "Free Cash Flow": 419000000.0,
      "Repayment Of Debt": -231000000.0,
      "Issuance Of Debt": 122000000.0,
      "Capital Expenditure": -271000000.0,
      "End Cash Position": 1039000000.0,
      "Other Cash Adjustment Outside Changein Cash": 1000000.0,
      "Beginning Cash Position": 1027000000.0,
      "Effect Of Exchange Rate Changes": 4000000.0,
      "Changes In Cash": 7000000.0,
      "Other Cash Adjustment Inside Changein Cash": -19000000.0,
      "Financing Cash Flow": -202000000.0,
      "Net Other Financing Charges": -6000000.0,
      "Cash Dividends Paid": -87000000.0,
      "Net Issuance Payments Of Debt": -109000000.0,
      "Net Long Term Debt Issuance": -109000000.0,
      "Long Term Debt Payments": -231000000.0,
      "Long Term Debt Issuance": 122000000.0,
      "Investing Cash Flow": -462000000.0,
      "Net Other Investing Changes": null,
      "Net Investment Purchase And Sale": -195000000.0,
      "Sale Of Investment": null,
      "Purchase Of Investment": -195000000.0,
      "Net Business Purchase And Sale": 1000000.0,
      "Sale Of Business": 1000000.0,
      "Purchase Of Business": -35000000.0,
      "Net PPE Purchase And Sale": -268000000.0,
      "Sale Of PPE": 3000000.0,
      "Purchase Of PPE": -271000000.0,
      "Operating Cash Flow": 690000000.0,
      "Dividend Received Cfo": 30000000.0,
      "Change In Working Capital": 17000000.0,
      "Change In Other Current Assets": 22000000.0,
      "Change In Receivables": 63000000.0,
      "Other Non Cash Items": 107000000.0,
      "Depreciation And Amortization": 254000000.0,
      "Amortization Cash Flow": 254000000.0,
      "Depreciation": 254000000.0,
      "Pension And Employee Benefit Expense": -35000000.0,
      "Gain Loss On Investment Securities": null,
      "Net Income From Continuing Operations": 332000000.0
    }
  },
  "earnings_estimate": {
    "avg": {
      "0q": 18.68713,
      "+1q": null,
      "0y": 27.21008,
      "+1y": 39.36389
    },
    "low": {
      "0q": 18.68713,
      "+1q": null,
      "0y": 23.05,
      "+1y": 35.02
    },
    "high": {
      "0q": 18.68713,
      "+1q": null,
      "0y": 30.808,
      "+1y": 44.352
    },
    "yearAgoEps": {
      "0q": 10.2331,
      "+1q": null,
      "0y": 17.3931,
      "+1y": 27.21008
    },
    "numberOfAnalysts": {
      "0q": 1.0,
      "+1q": null,
      "0y": 13.0,
      "+1y": 16.0
    },
    "growth": {
      "0q": 0.8261,
      "+1q": null,
      "0y": 0.56439996,
      "+1y": 0.44669998
    }
  },
  "revenue_estimate": {
    "avg": {
      "0q": 4352000000,
      "+1q": 0,
      "0y": 10140025670,
      "+1y": 13992995150
    },
    "low": {
      "0q": 4075000000,
      "+1q": 0,
      "0y": 9803000000,
      "+1y": 13231000000
    },
    "high": {
      "0q": 4629000000,
      "+1q": 0,
      "0y": 10320000000,
      "+1y": 15211000000
    },
    "numberOfAnalysts": {
      "0q": 2,
      "+1q": 0,
      "0y": 10,
      "+1y": 13
    },
    "yearAgoRevenue": {
      "0q": 3483000000.0,
      "+1q": null,
      "0y": 9751000000.0,
      "+1y": 10140025670.0
    },
    "growth": {
      "0q": 0.2495,
      "+1q": null,
      "0y": 0.0399,
      "+1y": 0.38
    }
  },
  "growth_estimates": {
    "stockTrend": {
      "0q": 0.8261,
      "+1q": null,
      "0y": 0.56439996,
      "+1y": 0.44669998,
      "LTG": null
    },
    "indexTrend": {
      "0q": 0.1273,
      "+1q": 0.103599995,
      "0y": 0.14310001,
      "+1y": 0.1557,
      "LTG": 0.122
    }
  },
  "revenue_forecasts": null,
  "dividend_rate": 8.1,
  "trailing_dividend_rate": 8.1
}