{
  "ticker": "RWE.DE",
  "name": "RWE",
  "country": "germany",
  "currency": "EUR",
  "last_fetched": "2026-02-26T20:48:09.988148",
  "market_cap": 39838486528,
  "revenue": 21535000576,
  "net_income": 2156999936,
  "pe_ratio": 18.202703,
  "forward_pe": 21.647247,
  "dividend_yield": 2.02,
  "profit_margin": 0.100159995,
  "roe": 0.064770006,
  "debt_to_equity": 52.911,
  "beta": 0.702,
  "ev_to_ebitda": 11.171,
  "sector": "Utilities",
  "industry": "Utilities - Diversified",
  "summary": "RWE Aktiengesellschaft generates and supplies electricity from renewable and conventional sources in Germany, the United Kingdom, rest of Europe, North America, and internationally. The company operates through five segments: Offshore Wind; Onshore Wind/Solar; Flexible Generation; Supply & Trading; and Phaseout Technologies. It generates wind, hydro, solar, gas, lignite, and biomass electricity. The company also trades in electricity, gas, and energy commodities; operates gas storage facilities; and engages in battery storage activities, as well as lignite mining and refining. It serves commercial, industrial, and municipal customers. The company was founded in 1898 and is headquartered in Essen, Germany.",
  "website": "https://www.rwe.com",
  "employees": 20542,
  "target_high": 62.0,
  "target_low": 43.5,
  "target_mean": 55.52632,
  "target_median": 55.0,
  "recommendation": "buy",
  "num_analysts": 19,
  "income_stmt": {
    "2024-12-31T00:00:00": {
      "Tax Effect Of Unusual Items": 375658000.0,
      "Tax Rate For Calcs": 0.166,
      "Normalized EBITDA": 8418000000.0,
      "Total Unusual Items": 2263000000.0,
      "Total Unusual Items Excluding Goodwill": 2263000000.0,
      "Net Income From Continuing Operation Net Minority Interest": 5135000000.0,
      "Reconciled Depreciation": 3195000000.0,
      "Reconciled Cost Of Revenue": 15574000000.0,
      "EBITDA": 10681000000.0,
      "EBIT": 7447000000.0,
      "Net Interest Income": 14000000.0,
      "Interest Expense": 1104000000.0,
      "Interest Income": 781000000.0,
      "Normalized Income": 3247658000.0,
      "Net Income From Continuing And Discontinued Operation": 5135000000.0,
      "Total Expenses": 20594000000.0,
      "Rent Expense Supplemental": null,
      "Diluted Average Shares": 743554000.0,
      "Basic Average Shares": 743554000.0,
      "Diluted EPS": 6.91,
      "Basic EPS": 6.91,
      "Diluted NI Availto Com Stockholders": 5135000000.0,
      "Net Income Common Stockholders": 5135000000.0,
      "Otherunder Preferred Stock Dividend": 0.0,
      "Net Income": 5135000000.0,
      "Minority Interests": -154000000.0,
      "Net Income Including Noncontrolling Interests": 5289000000.0,
      "Net Income Continuous Operations": 5289000000.0,
      "Tax Provision": 1054000000.0,
      "Pretax Income": 6343000000.0,
      "Other Non Operating Income Expenses": null,
      "Special Income Charges": 538000000.0,
      "Other Special Charges": -538000000.0,
      "Net Non Operating Interest Income Expense": 14000000.0,
      "Total Other Finance Cost": -337000000.0,
      "Interest Expense Non Operating": 1104000000.0,
      "Interest Income Non Operating": 781000000.0,
      "Operating Income": 3630000000.0,
      "Operating Expense": 5020000000.0,
      "Other Operating Expenses": -516000000.0,
      "Depreciation And Amortization In Income Statement": 3234000000.0,
      "Amortization": 538000000.0,
      "Depreciation Income Statement": 2696000000.0,
      "Selling General And Administration": 718000000.0,
      "General And Administrative Expense": 718000000.0,
      "Rent And Landing Fees": null,
      "Gross Profit": 8650000000.0,
      "Cost Of Revenue": 15574000000.0,
      "Total Revenue": 24224000000.0,
      "Operating Revenue": 24224000000.0
    },
    "2023-12-31T00:00:00": {
      "Tax Effect Of Unusual Items": 209850000.0,
      "Tax Rate For Calcs": 0.15,
      "Normalized EBITDA": 8045000000.0,
      "Total Unusual Items": 1399000000.0,
      "Total Unusual Items Excluding Goodwill": 1399000000.0,
      "Net Income From Continuing Operation Net Minority Interest": 1515000000.0,
      "Reconciled Depreciation": 3821000000.0,
      "Reconciled Cost Of Revenue": 17484000000.0,
      "EBITDA": 9444000000.0,
      "EBIT": 5620000000.0,
      "Net Interest Income": -443000000.0,
      "Interest Expense": 1621000000.0,
      "Interest Income": 866000000.0,
      "Normalized Income": 325850000.0,
      "Net Income From Continuing And Discontinued Operation": 1515000000.0,
      "Total Expenses": 25937000000.0,
      "Rent Expense Supplemental": null,
      "Diluted Average Shares": 743841000.0,
      "Basic Average Shares": 743841000.0,
      "Diluted EPS": 2.04,
      "Basic EPS": 2.04,
      "Diluted NI Availto Com Stockholders": 1515000000.0,
      "Net Income Common Stockholders": 1515000000.0,
      "Otherunder Preferred Stock Dividend": 0.0,
      "Net Income": 1515000000.0,
      "Minority Interests": -147000000.0,
      "Net Income Including Noncontrolling Interests": 1662000000.0,
      "Net Income Continuous Operations": 1662000000.0,
      "Tax Provision": 2337000000.0,
      "Pretax Income": 3999000000.0,
      "Other Non Operating Income Expenses": null,
      "Special Income Charges": 477000000.0,
      "Other Special Charges": -477000000.0,
      "Net Non Operating Interest Income Expense": -443000000.0,
      "Total Other Finance Cost": -312000000.0,
      "Interest Expense Non Operating": 1621000000.0,
      "Interest Income Non Operating": 866000000.0,
      "Operating Income": 2584000000.0,
      "Operating Expense": 8453000000.0,
      "Other Operating Expenses": 2031000000.0,
      "Depreciation And Amortization In Income Statement": 3824000000.0,
      "Amortization": 327000000.0,
      "Depreciation Income Statement": 3497000000.0,
      "Selling General And Administration": 825000000.0,
      "General And Administrative Expense": 825000000.0,
      "Rent And Landing Fees": null,
      "Gross Profit": 11037000000.0,
      "Cost Of Revenue": 17484000000.0,
      "Total Revenue": 28521000000.0,
      "Operating Revenue": 28521000000.0
    },
    "2022-12-31T00:00:00": {
      "Tax Effect Of Unusual Items": 64500000.0,
      "Tax Rate For Calcs": 0.15,
      "Normalized EBITDA": 2937000000.0,
      "Total Unusual Items": 430000000.0,
      "Total Unusual Items Excluding Goodwill": 430000000.0,
      "Net Income From Continuing Operation Net Minority Interest": 2717000000.0,
      "Reconciled Depreciation": -112000000.0,
      "Reconciled Cost Of Revenue": 31668000000.0,
      "EBITDA": 3367000000.0,
      "EBIT": 1544000000.0,
      "Net Interest Income": 827000000.0,
      "Interest Expense": 829000000.0,
      "Interest Income": 1738000000.0,
      "Normalized Income": 2351500000.0,
      "Net Income From Continuing And Discontinued Operation": 2717000000.0,
      "Total Expenses": 38925000000.0,
      "Rent Expense Supplemental": 60000000.0,
      "Diluted Average Shares": 691247000.0,
      "Basic Average Shares": 691247000.0,
      "Diluted EPS": 3.93,
      "Basic EPS": 3.93,
      "Diluted NI Availto Com Stockholders": 2717000000.0,
      "Net Income Common Stockholders": 2717000000.0,
      "Otherunder Preferred Stock Dividend": 0.0,
      "Net Income": 2717000000.0,
      "Minority Interests": -275000000.0,
      "Net Income Including Noncontrolling Interests": 2992000000.0,
      "Net Income Continuous Operations": 2992000000.0,
      "Tax Provision": -2277000000.0,
      "Pretax Income": 715000000.0,
      "Other Non Operating Income Expenses": 17000000.0,
      "Special Income Charges": 2085000000.0,
      "Other Special Charges": -2085000000.0,
      "Net Non Operating Interest Income Expense": 827000000.0,
      "Total Other Finance Cost": 82000000.0,
      "Interest Expense Non Operating": 829000000.0,
      "Interest Income Non Operating": 1738000000.0,
      "Operating Income": -510000000.0,
      "Operating Expense": 7257000000.0,
      "Other Operating Expenses": 2565000000.0,
      "Depreciation And Amortization In Income Statement": 1823000000.0,
      "Amortization": 213000000.0,
      "Depreciation Income Statement": 1610000000.0,
      "Selling General And Administration": 526000000.0,
      "General And Administrative Expense": 526000000.0,
      "Rent And Landing Fees": 60000000.0,
      "Gross Profit": 6747000000.0,
      "Cost Of Revenue": 31668000000.0,
      "Total Revenue": 38415000000.0,
      "Operating Revenue": 38415000000.0
    },
    "2021-12-31T00:00:00": {
      "Tax Effect Of Unusual Items": -180000000.0,
      "Tax Rate For Calcs": 0.3,
      "Normalized EBITDA": 4991000000.0,
      "Total Unusual Items": -600000000.0,
      "Total Unusual Items Excluding Goodwill": -600000000.0,
      "Net Income From Continuing Operation Net Minority Interest": 721000000.0,
      "Reconciled Depreciation": 2117000000.0,
      "Reconciled Cost Of Revenue": 18229000000.0,
      "EBITDA": 4391000000.0,
      "EBIT": 2018000000.0,
      "Net Interest Income": -13000000.0,
      "Interest Expense": 496000000.0,
      "Interest Income": 279000000.0,
      "Normalized Income": 1141000000.0,
      "Net Income From Continuing And Discontinued Operation": 721000000.0,
      "Total Expenses": 22835000000.0,
      "Rent Expense Supplemental": 43000000.0,
      "Diluted Average Shares": 676220000.0,
      "Basic Average Shares": 676220000.0,
      "Diluted EPS": 1.07,
      "Basic EPS": 1.07,
      "Diluted NI Availto Com Stockholders": 721000000.0,
      "Net Income Common Stockholders": 721000000.0,
      "Otherunder Preferred Stock Dividend": 0.0,
      "Net Income": 721000000.0,
      "Minority Interests": -111000000.0,
      "Net Income Including Noncontrolling Interests": 832000000.0,
      "Net Income Continuous Operations": 832000000.0,
      "Tax Provision": 690000000.0,
      "Pretax Income": 1522000000.0,
      "Other Non Operating Income Expenses": 16000000.0,
      "Special Income Charges": 420000000.0,
      "Other Special Charges": -420000000.0,
      "Net Non Operating Interest Income Expense": -13000000.0,
      "Total Other Finance Cost": -204000000.0,
      "Interest Expense Non Operating": 496000000.0,
      "Interest Income Non Operating": 279000000.0,
      "Operating Income": 1736000000.0,
      "Operating Expense": 4606000000.0,
      "Other Operating Expenses": 817000000.0,
      "Depreciation And Amortization In Income Statement": 2373000000.0,
      "Amortization": 180000000.0,
      "Depreciation Income Statement": 2193000000.0,
      "Selling General And Administration": 454000000.0,
      "General And Administrative Expense": 454000000.0,
      "Rent And Landing Fees": 43000000.0,
      "Gross Profit": 6342000000.0,
      "Cost Of Revenue": 18229000000.0,
      "Total Revenue": 24571000000.0,
      "Operating Revenue": 24571000000.0
    }
  },
  "quarterly_income": {
    "2025-09-30T00:00:00": {
      "Tax Effect Of Unusual Items": 0.0,
      "Tax Rate For Calcs": 0.172862,
      "Normalized EBITDA": 2004000000.0,
      "Net Income From Continuing Operation Net Minority Interest": 846000000.0,
      "Reconciled Depreciation": 576000000.0,
      "Reconciled Cost Of Revenue": 2484000000.0,
      "EBITDA": 2004000000.0,
      "EBIT": 1428000000.0,
      "Net Interest Income": 54000000.0,
      "Interest Expense": 352000000.0,
      "Interest Income": 406000000.0,
      "Normalized Income": 846000000.0,
      "Net Income From Continuing And Discontinued Operation": 846000000.0,
      "Total Expenses": 2320000000.0,
      "Diluted Average Shares": 723076923.0,
      "Basic Average Shares": 723076923.0,
      "Diluted EPS": 1.17,
      "Basic EPS": 1.17,
      "Diluted NI Availto Com Stockholders": 846000000.0,
      "Net Income Common Stockholders": 846000000.0,
      "Otherunder Preferred Stock Dividend": 0.0,
      "Net Income": 846000000.0,
      "Minority Interests": -44000000.0,
      "Net Income Including Noncontrolling Interests": 890000000.0,
      "Net Income Continuous Operations": 890000000.0,
      "Tax Provision": 186000000.0,
      "Pretax Income": 1076000000.0,
      "Net Non Operating Interest Income Expense": 54000000.0,
      "Interest Expense Non Operating": 352000000.0,
      "Interest Income Non Operating": 406000000.0,
      "Operating Income": 887000000.0,
      "Operating Expense": -164000000.0,
      "Other Operating Expenses": 632000000.0,
      "Depreciation And Amortization In Income Statement": 536000000.0,
      "Depreciation Income Statement": 536000000.0,
      "Gross Profit": 723000000.0,
      "Cost Of Revenue": 2484000000.0,
      "Total Revenue": 3207000000.0,
      "Operating Revenue": 3207000000.0
    },
    "2025-06-30T00:00:00": {
      "Tax Effect Of Unusual Items": 0.0,
      "Tax Rate For Calcs": 0.06275,
      "Normalized EBITDA": 2494000000.0,
      "Net Income From Continuing Operation Net Minority Interest": 663000000.0,
      "Reconciled Depreciation": 532000000.0,
      "Reconciled Cost Of Revenue": 2899000000.0,
      "EBITDA": 2494000000.0,
      "EBIT": 1962000000.0,
      "Net Interest Income": 38000000.0,
      "Interest Expense": 1213000000.0,
      "Interest Income": 1251000000.0,
      "Normalized Income": 663000000.0,
      "Net Income From Continuing And Discontinued Operation": 663000000.0,
      "Total Expenses": 3035000000.0,
      "Diluted Average Shares": 728571429.0,
      "Basic Average Shares": 728571429.0,
      "Diluted EPS": 0.91,
      "Basic EPS": 0.91,
      "Diluted NI Availto Com Stockholders": 663000000.0,
      "Net Income Common Stockholders": 663000000.0,
      "Otherunder Preferred Stock Dividend": 0.0,
      "Net Income": 663000000.0,
      "Minority Interests": -39000000.0,
      "Net Income Including Noncontrolling Interests": 702000000.0,
      "Net Income Continuous Operations": 702000000.0,
      "Tax Provision": 47000000.0,
      "Pretax Income": 749000000.0,
      "Net Non Operating Interest Income Expense": 38000000.0,
      "Interest Expense Non Operating": 1213000000.0,
      "Interest Income Non Operating": 1251000000.0,
      "Operating Income": 637000000.0,
      "Operating Expense": 136000000.0,
      "Other Operating Expenses": 562000000.0,
      "Depreciation And Amortization In Income Statement": 523000000.0,
      "Depreciation Income Statement": 523000000.0,
      "Gross Profit": 773000000.0,
      "Cost Of Revenue": 2899000000.0,
      "Total Revenue": 3672000000.0,
      "Operating Revenue": 3672000000.0
    },
    "2025-03-31T00:00:00": {
      "Tax Effect Of Unusual Items": 0.0,
      "Tax Rate For Calcs": 0.05,
      "Normalized EBITDA": 2147000000.0,
      "Net Income From Continuing Operation Net Minority Interest": 791000000.0,
      "Reconciled Depreciation": 476000000.0,
      "Reconciled Cost Of Revenue": 4843000000.0,
      "EBITDA": 2147000000.0,
      "EBIT": 1643000000.0,
      "Net Interest Income": -82000000.0,
      "Interest Expense": 756000000.0,
      "Interest Income": 674000000.0,
      "Normalized Income": 791000000.0,
      "Net Income From Continuing And Discontinued Operation": 791000000.0,
      "Total Expenses": 5630000000.0,
      "Diluted Average Shares": 737319000.0,
      "Basic Average Shares": 737319000.0,
      "Diluted EPS": 1.07,
      "Basic EPS": 1.07,
      "Diluted NI Availto Com Stockholders": 791000000.0,
      "Net Income Common Stockholders": 791000000.0,
      "Otherunder Preferred Stock Dividend": 0.0,
      "Net Income": 791000000.0,
      "Minority Interests": -51000000.0,
      "Net Income Including Noncontrolling Interests": 842000000.0,
      "Net Income Continuous Operations": 842000000.0,
      "Tax Provision": 45000000.0,
      "Pretax Income": 887000000.0,
      "Net Non Operating Interest Income Expense": -82000000.0,
      "Interest Expense Non Operating": 756000000.0,
      "Interest Income Non Operating": 674000000.0,
      "Operating Income": 756000000.0,
      "Operating Expense": 787000000.0,
      "Other Operating Expenses": 442000000.0,
      "Depreciation And Amortization In Income Statement": 504000000.0,
      "Depreciation Income Statement": 504000000.0,
      "Gross Profit": 1543000000.0,
      "Cost Of Revenue": 4843000000.0,
      "Total Revenue": 6386000000.0,
      "Operating Revenue": 6386000000.0
    },
    "2024-12-31T00:00:00": {
      "Tax Effect Of Unusual Items": 0.0,
      "Tax Rate For Calcs": 0.15,
      "Normalized EBITDA": 1057000000.0,
      "Net Income From Continuing Operation Net Minority Interest": -34000000.0,
      "Reconciled Depreciation": 1723000000.0,
      "Reconciled Cost Of Revenue": 4368000000.0,
      "EBITDA": 1057000000.0,
      "EBIT": -683000000.0,
      "Net Interest Income": 285000000.0,
      "Interest Expense": -902000000.0,
      "Interest Income": -954000000.0,
      "Normalized Income": -34000000.0,
      "Net Income From Continuing And Discontinued Operation": -34000000.0,
      "Total Expenses": 10639000000.0,
      "Diluted Average Shares": null,
      "Basic Average Shares": null,
      "Diluted EPS": null,
      "Basic EPS": null,
      "Diluted NI Availto Com Stockholders": -34000000.0,
      "Net Income Common Stockholders": -34000000.0,
      "Otherunder Preferred Stock Dividend": 0.0,
      "Net Income": -34000000.0,
      "Minority Interests": -67000000.0,
      "Net Income Including Noncontrolling Interests": 33000000.0,
      "Net Income Continuous Operations": 33000000.0,
      "Tax Provision": 186000000.0,
      "Pretax Income": 219000000.0,
      "Net Non Operating Interest Income Expense": 285000000.0,
      "Interest Expense Non Operating": -902000000.0,
      "Interest Income Non Operating": -954000000.0,
      "Operating Income": -2369000000.0,
      "Operating Expense": 6271000000.0,
      "Other Operating Expenses": -1621000000.0,
      "Depreciation And Amortization In Income Statement": 1740000000.0,
      "Depreciation Income Statement": 1202000000.0,
      "Gross Profit": 3902000000.0,
      "Cost Of Revenue": 4368000000.0,
      "Total Revenue": 8270000000.0,
      "Operating Revenue": 8270000000.0
    },
    "2024-09-30T00:00:00": {
      "Tax Effect Of Unusual Items": 0.0,
      "Tax Rate For Calcs": 0.083841,
      "Normalized EBITDA": 2623000000.0,
      "Net Income From Continuing Operation Net Minority Interest": 1172000000.0,
      "Reconciled Depreciation": 473000000.0,
      "Reconciled Cost Of Revenue": 3622000000.0,
      "EBITDA": 2623000000.0,
      "EBIT": 2122000000.0,
      "Net Interest Income": -394000000.0,
      "Interest Expense": 810000000.0,
      "Interest Income": 416000000.0,
      "Normalized Income": 1172000000.0,
      "Net Income From Continuing And Discontinued Operation": 1172000000.0,
      "Total Expenses": 3160000000.0,
      "Diluted Average Shares": 741772152.0,
      "Basic Average Shares": 741772152.0,
      "Diluted EPS": 1.58,
      "Basic EPS": 1.58,
      "Diluted NI Availto Com Stockholders": 1172000000.0,
      "Net Income Common Stockholders": 1172000000.0,
      "Otherunder Preferred Stock Dividend": 0.0,
      "Net Income": 1172000000.0,
      "Minority Interests": -30000000.0,
      "Net Income Including Noncontrolling Interests": 1202000000.0,
      "Net Income Continuous Operations": 1202000000.0,
      "Tax Provision": 110000000.0,
      "Pretax Income": 1312000000.0,
      "Net Non Operating Interest Income Expense": -394000000.0,
      "Interest Expense Non Operating": 810000000.0,
      "Interest Income Non Operating": 416000000.0,
      "Operating Income": 1582000000.0,
      "Operating Expense": -462000000.0,
      "Other Operating Expenses": 397000000.0,
      "Depreciation And Amortization In Income Statement": 501000000.0,
      "Depreciation Income Statement": 501000000.0,
      "Gross Profit": 1120000000.0,
      "Cost Of Revenue": 3622000000.0,
      "Total Revenue": 4742000000.0,
      "Operating Revenue": 4742000000.0
    },
    "2024-06-30T00:00:00": {
      "Tax Effect Of Unusual Items": null,
      "Tax Rate For Calcs": null,
      "Normalized EBITDA": null,
      "Net Income From Continuing Operation Net Minority Interest": null,
      "Reconciled Depreciation": null,
      "Reconciled Cost Of Revenue": null,
      "EBITDA": null,
      "EBIT": null,
      "Net Interest Income": null,
      "Interest Expense": null,
      "Interest Income": null,
      "Normalized Income": null,
      "Net Income From Continuing And Discontinued Operation": null,
      "Total Expenses": null,
      "Diluted Average Shares": 744250871.0,
      "Basic Average Shares": 744250871.0,
      "Diluted EPS": 2.87,
      "Basic EPS": 2.87,
      "Diluted NI Availto Com Stockholders": null,
      "Net Income Common Stockholders": null,
      "Otherunder Preferred Stock Dividend": null,
      "Net Income": null,
      "Minority Interests": null,
      "Net Income Including Noncontrolling Interests": null,
      "Net Income Continuous Operations": null,
      "Tax Provision": null,
      "Pretax Income": null,
      "Net Non Operating Interest Income Expense": null,
      "Interest Expense Non Operating": null,
      "Interest Income Non Operating": null,
      "Operating Income": null,
      "Operating Expense": null,
      "Other Operating Expenses": null,
      "Depreciation And Amortization In Income Statement": null,
      "Depreciation Income Statement": null,
      "Gross Profit": null,
      "Cost Of Revenue": null,
      "Total Revenue": null,
      "Operating Revenue": null
    }
  },
  "balance_sheet": {
    "2024-12-31T00:00:00": {
      "Treasury Shares Number": 4448369.0,
      "Ordinary Shares Number": 739392848.0,
      "Share Issued": 743841217.0,
      "Net Debt": 8469000000.0,
      "Total Debt": 15790000000.0,
      "Tangible Book Value": 21299000000.0,
      "Invested Capital": 45108000000.0,
      "Working Capital": 7447000000.0,
      "Net Tangible Assets": 21299000000.0,
      "Capital Lease Obligations": 2231000000.0,
      "Common Stock Equity": 31549000000.0,
      "Total Capitalization": 42865000000.0,
      "Total Equity Gross Minority Interest": 33623000000.0,
      "Minority Interest": 2074000000.0,
      "Stockholders Equity": 31549000000.0,
      "Treasury Stock": 138000000.0,
      "Retained Earnings": 18809000000.0,
      "Additional Paid In Capital": 6489000000.0,
      "Capital Stock": 1904000000.0,
      "Common Stock": 1904000000.0,
      "Total Liabilities Net Minority Interest": 64817000000.0,
      "Total Non Current Liabilities Net Minority Interest": 37242000000.0,
      "Other Non Current Liabilities": 1801000000.0,
      "Derivative Product Liabilities": 1455000000.0,
      "Non Current Pension And Other Postretirement Benefit Plans": 0.0,
      "Tradeand Other Payables Non Current": 571000000.0,
      "Non Current Deferred Taxes Liabilities": 2953000000.0,
      "Long Term Debt And Capital Lease Obligation": 13408000000.0,
      "Long Term Capital Lease Obligation": 2092000000.0,
      "Long Term Debt": 11316000000.0,
      "Long Term Provisions": 15690000000.0,
      "Current Liabilities": 27575000000.0,
      "Other Current Liabilities": 2815000000.0,
      "Current Debt And Capital Lease Obligation": 2382000000.0,
      "Current Capital Lease Obligation": 139000000.0,
      "Current Debt": 2243000000.0,
      "Pensionand Other Post Retirement Benefit Plans Current": 33000000.0,
      "Current Provisions": 6047000000.0,
      "Payables": 5988000000.0,
      "Total Tax Payable": 509000000.0,
      "Accounts Payable": 5479000000.0,
      "Total Assets": 98440000000.0,
      "Total Non Current Assets": 63418000000.0,
      "Other Non Current Assets": 1373000000.0,
      "Defined Pension Benefit": 613000000.0,
      "Non Current Prepaid Assets": 2000000.0,
      "Non Current Deferred Taxes Assets": 208000000.0,
      "Financial Assets": 2195000000.0,
      "Investmentin Financial Assets": 5244000000.0,
      "Available For Sale Securities": 5244000000.0,
      "Long Term Equity Investment": 4577000000.0,
      "Goodwill And Other Intangible Assets": 10250000000.0,
      "Other Intangible Assets": 5654000000.0,
      "Goodwill": 4596000000.0,
      "Net PPE": 38458000000.0,
      "Accumulated Depreciation": -40613000000.0,
      "Gross PPE": 79071000000.0,
      "Construction In Progress": 14232000000.0,
      "Other Properties": null,
      "Machinery Furniture Equipment": 57646000000.0,
      "Properties": 7193000000.0,
      "Current Assets": 35022000000.0,
      "Other Current Assets": 2240000000.0,
      "Hedging Assets Current": 8487000000.0,
      "Assets Held For Sale Current": null,
      "Prepaid Assets": 1893000000.0,
      "Inventory": 2550000000.0,
      "Finished Goods": 1614000000.0,
      "Work In Process": 227000000.0,
      "Raw Materials": 709000000.0,
      "Other Receivables": 421000000.0,
      "Taxes Receivable": 582000000.0,
      "Accounts Receivable": 6908000000.0,
      "Cash Cash Equivalents And Short Term Investments": 11941000000.0,
      "Other Short Term Investments": 6851000000.0,
      "Cash And Cash Equivalents": 5090000000.0,
      "Cash Equivalents": 213000000.0,
      "Cash Financial": 4877000000.0
    },
    "2023-12-31T00:00:00": {
      "Treasury Shares Number": null,
      "Ordinary Shares Number": 743841217.0,
      "Share Issued": 743841217.0,
      "Net Debt": 4832000000.0,
      "Total Debt": 13662000000.0,
      "Tangible Book Value": 22246000000.0,
      "Invested Capital": 43782000000.0,
      "Working Capital": 17538000000.0,
      "Net Tangible Assets": 22246000000.0,
      "Capital Lease Obligations": 1913000000.0,
      "Common Stock Equity": 32033000000.0,
      "Total Capitalization": 42801000000.0,
      "Total Equity Gross Minority Interest": 33604000000.0,
      "Minority Interest": 1571000000.0,
      "Stockholders Equity": 32033000000.0,
      "Treasury Stock": 0.0,
      "Retained Earnings": 14892000000.0,
      "Additional Paid In Capital": 6489000000.0,
      "Capital Stock": 1904000000.0,
      "Common Stock": 1904000000.0,
      "Total Liabilities Net Minority Interest": 72908000000.0,
      "Total Non Current Liabilities Net Minority Interest": 39815000000.0,
      "Other Non Current Liabilities": 1319000000.0,
      "Derivative Product Liabilities": 1609000000.0,
      "Non Current Pension And Other Postretirement Benefit Plans": 1000000.0,
      "Tradeand Other Payables Non Current": 447000000.0,
      "Non Current Deferred Taxes Liabilities": 4944000000.0,
      "Long Term Debt And Capital Lease Obligation": 12592000000.0,
      "Long Term Capital Lease Obligation": 1824000000.0,
      "Long Term Debt": 10768000000.0,
      "Long Term Provisions": 17431000000.0,
      "Current Liabilities": 33093000000.0,
      "Other Current Liabilities": 1375000000.0,
      "Current Debt And Capital Lease Obligation": 1070000000.0,
      "Current Capital Lease Obligation": 89000000.0,
      "Current Debt": 981000000.0,
      "Pensionand Other Post Retirement Benefit Plans Current": 35000000.0,
      "Current Provisions": 6815000000.0,
      "Payables": 5665000000.0,
      "Total Tax Payable": 551000000.0,
      "Accounts Payable": 5114000000.0,
      "Total Assets": 106512000000.0,
      "Total Non Current Assets": 55881000000.0,
      "Other Non Current Assets": 1717000000.0,
      "Defined Pension Benefit": 509000000.0,
      "Non Current Prepaid Assets": 1000000.0,
      "Non Current Deferred Taxes Assets": 642000000.0,
      "Financial Assets": 4344000000.0,
      "Investmentin Financial Assets": 5573000000.0,
      "Available For Sale Securities": 5573000000.0,
      "Long Term Equity Investment": 4062000000.0,
      "Goodwill And Other Intangible Assets": 9787000000.0,
      "Other Intangible Assets": 5340000000.0,
      "Goodwill": 4447000000.0,
      "Net PPE": 28808000000.0,
      "Accumulated Depreciation": -42092000000.0,
      "Gross PPE": 70900000000.0,
      "Construction In Progress": 7708000000.0,
      "Other Properties": null,
      "Machinery Furniture Equipment": 56270000000.0,
      "Properties": 6922000000.0,
      "Current Assets": 50631000000.0,
      "Other Current Assets": 2600000000.0,
      "Hedging Assets Current": 20204000000.0,
      "Assets Held For Sale Current": 0.0,
      "Prepaid Assets": 2427000000.0,
      "Inventory": 2263000000.0,
      "Finished Goods": 1333000000.0,
      "Work In Process": 224000000.0,
      "Raw Materials": 706000000.0,
      "Other Receivables": 449000000.0,
      "Taxes Receivable": 440000000.0,
      "Accounts Receivable": 7607000000.0,
      "Cash Cash Equivalents And Short Term Investments": 14641000000.0,
      "Other Short Term Investments": 7724000000.0,
      "Cash And Cash Equivalents": 6917000000.0,
      "Cash Equivalents": 254000000.0,
      "Cash Financial": 6663000000.0
    },
    "2022-12-31T00:00:00": {
      "Treasury Shares Number": null,
      "Ordinary Shares Number": 676220048.0,
      "Share Issued": 676220048.0,
      "Net Debt": 8633000000.0,
      "Total Debt": 15621000000.0,
      "Tangible Book Value": 21908000000.0,
      "Invested Capital": 43197000000.0,
      "Working Capital": 16577000000.0,
      "Net Tangible Assets": 21908000000.0,
      "Capital Lease Obligations": null,
      "Common Stock Equity": 27576000000.0,
      "Total Capitalization": 34613000000.0,
      "Total Equity Gross Minority Interest": 29279000000.0,
      "Minority Interest": 1703000000.0,
      "Stockholders Equity": 27576000000.0,
      "Treasury Stock": null,
      "Retained Earnings": 15733000000.0,
      "Additional Paid In Capital": 4234000000.0,
      "Capital Stock": 1731000000.0,
      "Common Stock": 1731000000.0,
      "Total Liabilities Net Minority Interest": 109269000000.0,
      "Total Non Current Liabilities Net Minority Interest": 29584000000.0,
      "Other Non Current Liabilities": 854000000.0,
      "Derivative Product Liabilities": 808000000.0,
      "Non Current Pension And Other Postretirement Benefit Plans": 1000000.0,
      "Tradeand Other Payables Non Current": 756000000.0,
      "Non Current Deferred Taxes Liabilities": 1781000000.0,
      "Long Term Debt And Capital Lease Obligation": 7037000000.0,
      "Long Term Capital Lease Obligation": null,
      "Long Term Debt": 7037000000.0,
      "Long Term Provisions": 15595000000.0,
      "Current Liabilities": 79685000000.0,
      "Other Current Liabilities": 1311000000.0,
      "Current Debt And Capital Lease Obligation": 8584000000.0,
      "Current Capital Lease Obligation": null,
      "Current Debt": 8584000000.0,
      "Pensionand Other Post Retirement Benefit Plans Current": 22000000.0,
      "Current Provisions": 6489000000.0,
      "Payables": 7801000000.0,
      "Total Tax Payable": 337000000.0,
      "Accounts Payable": 7464000000.0,
      "Total Assets": 138548000000.0,
      "Total Non Current Assets": 42286000000.0,
      "Other Non Current Assets": 2051000000.0,
      "Defined Pension Benefit": 680000000.0,
      "Non Current Prepaid Assets": 0.0,
      "Non Current Deferred Taxes Assets": 606000000.0,
      "Financial Assets": 1111000000.0,
      "Investmentin Financial Assets": 4434000000.0,
      "Available For Sale Securities": 4434000000.0,
      "Long Term Equity Investment": 3827000000.0,
      "Goodwill And Other Intangible Assets": 5668000000.0,
      "Other Intangible Assets": 2868000000.0,
      "Goodwill": 2800000000.0,
      "Net PPE": 23749000000.0,
      "Accumulated Depreciation": -45658000000.0,
      "Gross PPE": 69407000000.0,
      "Construction In Progress": 4895000000.0,
      "Other Properties": 1057000000.0,
      "Machinery Furniture Equipment": 58205000000.0,
      "Properties": 6307000000.0,
      "Current Assets": 96262000000.0,
      "Other Current Assets": 2850000000.0,
      "Hedging Assets Current": 49250000000.0,
      "Assets Held For Sale Current": 619000000.0,
      "Prepaid Assets": 8348000000.0,
      "Inventory": 4209000000.0,
      "Finished Goods": 3568000000.0,
      "Work In Process": 43000000.0,
      "Raw Materials": 598000000.0,
      "Other Receivables": 381000000.0,
      "Taxes Receivable": 203000000.0,
      "Accounts Receivable": 9946000000.0,
      "Cash Cash Equivalents And Short Term Investments": 20456000000.0,
      "Other Short Term Investments": 13468000000.0,
      "Cash And Cash Equivalents": 6988000000.0,
      "Cash Equivalents": 0.0,
      "Cash Financial": 6988000000.0
    },
    "2021-12-31T00:00:00": {
      "Treasury Shares Number": null,
      "Ordinary Shares Number": 676220048.0,
      "Share Issued": 676220048.0,
      "Net Debt": 4879000000.0,
      "Total Debt": 10704000000.0,
      "Tangible Book Value": 9370000000.0,
      "Invested Capital": 25958000000.0,
      "Working Capital": 6439000000.0,
      "Net Tangible Assets": 9370000000.0,
      "Capital Lease Obligations": 1409000000.0,
      "Common Stock Equity": 15254000000.0,
      "Total Capitalization": 19679000000.0,
      "Total Equity Gross Minority Interest": 16996000000.0,
      "Minority Interest": 1742000000.0,
      "Stockholders Equity": 15254000000.0,
      "Treasury Stock": null,
      "Retained Earnings": 10705000000.0,
      "Additional Paid In Capital": 4229000000.0,
      "Capital Stock": 1731000000.0,
      "Common Stock": 1731000000.0,
      "Total Liabilities Net Minority Interest": 125313000000.0,
      "Total Non Current Liabilities Net Minority Interest": 28306000000.0,
      "Other Non Current Liabilities": 855000000.0,
      "Derivative Product Liabilities": 873000000.0,
      "Non Current Pension And Other Postretirement Benefit Plans": 1000000.0,
      "Tradeand Other Payables Non Current": 888000000.0,
      "Non Current Deferred Taxes Liabilities": 1948000000.0,
      "Long Term Debt And Capital Lease Obligation": 4425000000.0,
      "Long Term Capital Lease Obligation": 1323000000.0,
      "Long Term Debt": 4425000000.0,
      "Long Term Provisions": 16943000000.0,
      "Current Liabilities": 97007000000.0,
      "Other Current Liabilities": 906000000.0,
      "Current Debt And Capital Lease Obligation": 6279000000.0,
      "Current Capital Lease Obligation": 86000000.0,
      "Current Debt": 6279000000.0,
      "Pensionand Other Post Retirement Benefit Plans Current": 20000000.0,
      "Current Provisions": 4268000000.0,
      "Payables": 4698000000.0,
      "Total Tax Payable": 270000000.0,
      "Accounts Payable": 4428000000.0,
      "Total Assets": 142309000000.0,
      "Total Non Current Assets": 38863000000.0,
      "Other Non Current Assets": 2363000000.0,
      "Defined Pension Benefit": 459000000.0,
      "Non Current Prepaid Assets": null,
      "Non Current Deferred Taxes Assets": 663000000.0,
      "Financial Assets": 668000000.0,
      "Investmentin Financial Assets": 5477000000.0,
      "Available For Sale Securities": 5477000000.0,
      "Long Term Equity Investment": 3021000000.0,
      "Goodwill And Other Intangible Assets": 5884000000.0,
      "Other Intangible Assets": 3148000000.0,
      "Goodwill": 2736000000.0,
      "Net PPE": 19984000000.0,
      "Accumulated Depreciation": -47009000000.0,
      "Gross PPE": 66993000000.0,
      "Construction In Progress": 4105000000.0,
      "Other Properties": 1012000000.0,
      "Machinery Furniture Equipment": 56755000000.0,
      "Properties": 6133000000.0,
      "Current Assets": 103446000000.0,
      "Other Current Assets": 2146000000.0,
      "Hedging Assets Current": 64492000000.0,
      "Assets Held For Sale Current": 657000000.0,
      "Prepaid Assets": 12157000000.0,
      "Inventory": 2835000000.0,
      "Finished Goods": 2368000000.0,
      "Work In Process": 31000000.0,
      "Raw Materials": 436000000.0,
      "Other Receivables": 397000000.0,
      "Taxes Receivable": 427000000.0,
      "Accounts Receivable": 6470000000.0,
      "Cash Cash Equivalents And Short Term Investments": 13865000000.0,
      "Other Short Term Investments": 8040000000.0,
      "Cash And Cash Equivalents": 5825000000.0,
      "Cash Equivalents": 1000000.0,
      "Cash Financial": 5824000000.0
    }
  },
  "cashflow": {
    "2024-12-31T00:00:00": {
      "Free Cash Flow": -2757000000.0,
      "Repurchase Of Capital Stock": -146000000.0,
      "Repayment Of Debt": -2277000000.0,
      "Issuance Of Debt": 3947000000.0,
      "Issuance Of Capital Stock": 598000000.0,
      "Capital Expenditure": -9377000000.0,
      "End Cash Position": 5090000000.0,
      "Beginning Cash Position": 6917000000.0,
      "Effect Of Exchange Rate Changes": 149000000.0,
      "Changes In Cash": -1976000000.0,
      "Financing Cash Flow": 1116000000.0,
      "Cash Dividends Paid": -744000000.0,
      "Net Common Stock Issuance": 452000000.0,
      "Common Stock Payments": -146000000.0,
      "Common Stock Issuance": 598000000.0,
      "Net Issuance Payments Of Debt": 1670000000.0,
      "Net Long Term Debt Issuance": 1670000000.0,
      "Long Term Debt Payments": -2277000000.0,
      "Long Term Debt Issuance": 3947000000.0,
      "Investing Cash Flow": -9712000000.0,
      "Net Other Investing Changes": 315000000.0,
      "Net Investment Purchase And Sale": 1014000000.0,
      "Sale Of Investment": 4211000000.0,
      "Purchase Of Investment": -3197000000.0,
      "Net Business Purchase And Sale": -1863000000.0,
      "Sale Of Business": null,
      "Purchase Of Business": -1863000000.0,
      "Net Intangibles Purchase And Sale": -9178000000.0,
      "Sale Of Intangibles": 199000000.0,
      "Purchase Of Intangibles": -9377000000.0,
      "Capital Expenditure Reported": null,
      "Operating Cash Flow": 6620000000.0,
      "Change In Working Capital": 1369000000.0,
      "Change In Other Current Assets": 3751000000.0,
      "Other Non Cash Items": -2862000000.0,
      "Depreciation And Amortization": 3195000000.0,
      "Depreciation": 3195000000.0,
      "Gain Loss On Investment Securities": null,
      "Gain Loss On Sale Of PPE": -371000000.0,
      "Net Income From Continuing Operations": 5289000000.0
    },
    "2023-12-31T00:00:00": {
      "Free Cash Flow": -923000000.0,
      "Repurchase Of Capital Stock": -39000000.0,
      "Repayment Of Debt": -8123000000.0,
      "Issuance Of Debt": 7547000000.0,
      "Issuance Of Capital Stock": 1000000.0,
      "Capital Expenditure": -5146000000.0,
      "End Cash Position": 6917000000.0,
      "Beginning Cash Position": 6988000000.0,
      "Effect Of Exchange Rate Changes": 61000000.0,
      "Changes In Cash": -132000000.0,
      "Financing Cash Flow": -1557000000.0,
      "Cash Dividends Paid": -669000000.0,
      "Net Common Stock Issuance": -38000000.0,
      "Common Stock Payments": -39000000.0,
      "Common Stock Issuance": 1000000.0,
      "Net Issuance Payments Of Debt": -576000000.0,
      "Net Long Term Debt Issuance": -576000000.0,
      "Long Term Debt Payments": -8123000000.0,
      "Long Term Debt Issuance": 7547000000.0,
      "Investing Cash Flow": -2798000000.0,
      "Net Other Investing Changes": 369000000.0,
      "Net Investment Purchase And Sale": 6019000000.0,
      "Sale Of Investment": 12432000000.0,
      "Purchase Of Investment": -6413000000.0,
      "Net Business Purchase And Sale": -4833000000.0,
      "Sale Of Business": null,
      "Purchase Of Business": -4833000000.0,
      "Net Intangibles Purchase And Sale": -4353000000.0,
      "Sale Of Intangibles": 793000000.0,
      "Purchase Of Intangibles": -5146000000.0,
      "Capital Expenditure Reported": -9979000000.0,
      "Operating Cash Flow": 4223000000.0,
      "Change In Working Capital": -177000000.0,
      "Change In Other Current Assets": -1779000000.0,
      "Other Non Cash Items": -810000000.0,
      "Depreciation And Amortization": 3821000000.0,
      "Depreciation": 3821000000.0,
      "Gain Loss On Investment Securities": -273000000.0,
      "Gain Loss On Sale Of PPE": -273000000.0,
      "Net Income From Continuing Operations": 1662000000.0
    },
    "2022-12-31T00:00:00": {
      "Free Cash Flow": -2078000000.0,
      "Repurchase Of Capital Stock": null,
      "Repayment Of Debt": -44565000000.0,
      "Issuance Of Debt": 51744000000.0,
      "Issuance Of Capital Stock": null,
      "Capital Expenditure": -4484000000.0,
      "End Cash Position": 6988000000.0,
      "Beginning Cash Position": 5825000000.0,
      "Effect Of Exchange Rate Changes": 34000000.0,
      "Changes In Cash": 1129000000.0,
      "Financing Cash Flow": 8615000000.0,
      "Cash Dividends Paid": -609000000.0,
      "Net Common Stock Issuance": 2349000000.0,
      "Common Stock Payments": null,
      "Common Stock Issuance": null,
      "Net Issuance Payments Of Debt": 7179000000.0,
      "Net Long Term Debt Issuance": 7179000000.0,
      "Long Term Debt Payments": -44565000000.0,
      "Long Term Debt Issuance": 51744000000.0,
      "Investing Cash Flow": -9892000000.0,
      "Net Other Investing Changes": null,
      "Net Investment Purchase And Sale": -5482000000.0,
      "Sale Of Investment": 36000000.0,
      "Purchase Of Investment": -5518000000.0,
      "Net Business Purchase And Sale": 36000000.0,
      "Sale Of Business": 36000000.0,
      "Purchase Of Business": null,
      "Net Intangibles Purchase And Sale": 74000000.0,
      "Sale Of Intangibles": 74000000.0,
      "Purchase Of Intangibles": null,
      "Capital Expenditure Reported": -4484000000.0,
      "Operating Cash Flow": 2406000000.0,
      "Change In Working Capital": -3265000000.0,
      "Change In Other Current Assets": -5614000000.0,
      "Other Non Cash Items": 2813000000.0,
      "Depreciation And Amortization": -112000000.0,
      "Depreciation": -112000000.0,
      "Gain Loss On Investment Securities": -22000000.0,
      "Gain Loss On Sale Of PPE": null,
      "Net Income From Continuing Operations": 2992000000.0
    },
    "2021-12-31T00:00:00": {
      "Free Cash Flow": 3505000000.0,
      "Repurchase Of Capital Stock": null,
      "Repayment Of Debt": -14114000000.0,
      "Issuance Of Debt": 16485000000.0,
      "Issuance Of Capital Stock": null,
      "Capital Expenditure": -3769000000.0,
      "End Cash Position": 5825000000.0,
      "Beginning Cash Position": 4774000000.0,
      "Effect Of Exchange Rate Changes": 58000000.0,
      "Changes In Cash": 993000000.0,
      "Financing Cash Flow": 1457000000.0,
      "Cash Dividends Paid": -730000000.0,
      "Net Common Stock Issuance": -184000000.0,
      "Common Stock Payments": null,
      "Common Stock Issuance": null,
      "Net Issuance Payments Of Debt": 2371000000.0,
      "Net Long Term Debt Issuance": 2371000000.0,
      "Long Term Debt Payments": -14114000000.0,
      "Long Term Debt Issuance": 16485000000.0,
      "Investing Cash Flow": -7738000000.0,
      "Net Other Investing Changes": -1092000000.0,
      "Net Investment Purchase And Sale": -3270000000.0,
      "Sale Of Investment": 664000000.0,
      "Purchase Of Investment": -3934000000.0,
      "Net Business Purchase And Sale": 664000000.0,
      "Sale Of Business": 664000000.0,
      "Purchase Of Business": null,
      "Net Intangibles Purchase And Sale": 393000000.0,
      "Sale Of Intangibles": 393000000.0,
      "Purchase Of Intangibles": -3689000000.0,
      "Capital Expenditure Reported": -3769000000.0,
      "Operating Cash Flow": 7274000000.0,
      "Change In Working Capital": 1858000000.0,
      "Change In Other Current Assets": 1011000000.0,
      "Other Non Cash Items": 2735000000.0,
      "Depreciation And Amortization": 2117000000.0,
      "Depreciation": 2117000000.0,
      "Gain Loss On Investment Securities": -268000000.0,
      "Gain Loss On Sale Of PPE": null,
      "Net Income From Continuing Operations": 832000000.0
    }
  },
  "earnings_estimate": {
    "avg": {
      "0q": 0.41686,
      "+1q": null,
      "0y": 2.26616,
      "+1y": 2.489
    },
    "low": {
      "0q": 0.34,
      "+1q": null,
      "0y": 1.92,
      "+1y": 2.17
    },
    "high": {
      "0q": 0.49371,
      "+1q": null,
      "0y": 2.46834,
      "+1y": 2.74787
    },
    "yearAgoEps": {
      "0q": 0.91,
      "+1q": null,
      "0y": 3.12,
      "+1y": 2.26616
    },
    "numberOfAnalysts": {
      "0q": 2.0,
      "+1q": null,
      "0y": 18.0,
      "+1y": 18.0
    },
    "growth": {
      "0q": -0.5419,
      "+1q": null,
      "0y": -0.2737,
      "+1y": 0.0983
    }
  },
  "revenue_estimate": {
    "avg": {
      "0q": 0,
      "+1q": 0,
      "0y": 23246760820,
      "+1y": 24129087500
    },
    "low": {
      "0q": 0,
      "+1q": 0,
      "0y": 20565021000,
      "+1y": 21148332000
    },
    "high": {
      "0q": 0,
      "+1q": 0,
      "0y": 29384000000,
      "+1y": 30378000000
    },
    "numberOfAnalysts": {
      "0q": 0,
      "+1q": 0,
      "0y": 11,
      "+1y": 10
    },
    "yearAgoRevenue": {
      "0q": null,
      "+1q": null,
      "0y": 24224000000.0,
      "+1y": 23246760820.0
    },
    "growth": {
      "0q": null,
      "+1q": null,
      "0y": -0.0403,
      "+1y": 0.038
    }
  },
  "growth_estimates": {
    "stockTrend": {
      "0q": -0.5419,
      "+1q": null,
      "0y": -0.2737,
      "+1y": 0.0983,
      "LTG": null
    },
    "indexTrend": {
      "0q": 0.1273,
      "+1q": 0.103599995,
      "0y": 0.14310001,
      "+1y": 0.1557,
      "LTG": 0.122
    }
  },
  "revenue_forecasts": null,
  "dividend_rate": 1.1,
  "trailing_dividend_rate": 1.1
}