{
  "ticker": "RY.TO",
  "name": "Royal Bank of Canada",
  "country": "canada",
  "currency": "CAD",
  "last_fetched": "2026-02-26T20:51:08.765340",
  "market_cap": 328837955584,
  "revenue": 62243000320,
  "net_income": 19868000256,
  "pe_ratio": 16.634684,
  "forward_pe": 13.455705,
  "dividend_yield": 2.77,
  "profit_margin": 0.32714,
  "roe": 0.15295,
  "debt_to_equity": null,
  "beta": 1.013,
  "ev_to_ebitda": null,
  "sector": "Financial Services",
  "industry": "Banks - Diversified",
  "summary": "Royal Bank of Canada operates as a diversified financial service company worldwide. Its Personal Banking segment offers home equity financing, personal lending, chequing and savings accounts, private banking, auto financing, mutual funds, GICs, credit cards, and payment products and solutions. The company's Commercial Banking segments provides lending, deposit and transaction banking products and services. Its Wealth Management segment provides a suite of wealth, investment, trust, banking, credit, and other solutions to clients; asset management products to institutional and individual clients; and asset and investor services to financial institutions, asset managers, and asset owners. The company's Insurance segment offers life, health, travel, wealth, annuities, property and casualty, and reinsurance advice and solutions; digital platforms; and independent brokers and partners, as well as client-led advice and solutions. The company's Capital Markets segment offers advisory and origination, sales and trading, lending and financing, and transaction banking services to corporations, institutional clients, asset managers, private equity firms, and governments. The company was founded in 1864 and is based in Toronto, Canada.",
  "website": "https://www.rbc.com",
  "employees": 96628,
  "target_high": 271.0,
  "target_low": 196.0,
  "target_mean": 243.06667,
  "target_median": 245.0,
  "recommendation": "buy",
  "num_analysts": 15,
  "income_stmt": {
    "2025-10-31T00:00:00": {
      "Tax Effect Of Unusual Items": -15862000.0,
      "Tax Rate For Calcs": 0.206,
      "Total Unusual Items": -77000000.0,
      "Total Unusual Items Excluding Goodwill": -77000000.0,
      "Net Income From Continuing Operation Net Minority Interest": 20362000000.0,
      "Reconciled Depreciation": 3079000000.0,
      "Net Interest Income": 33000000000.0,
      "Interest Expense": 70825000000.0,
      "Interest Income": 103825000000.0,
      "Normalized Income": 20423138000.0,
      "Net Income From Continuing And Discontinued Operation": 20362000000.0,
      "Diluted Average Shares": null,
      "Basic Average Shares": null,
      "Diluted EPS": null,
      "Basic EPS": null,
      "Diluted NI Availto Com Stockholders": 19868000000.0,
      "Average Dilution Earnings": null,
      "Net Income Common Stockholders": 19868000000.0,
      "Preferred Stock Dividends": 494000000.0,
      "Net Income": 20362000000.0,
      "Minority Interests": -7000000.0,
      "Net Income Including Noncontrolling Interests": 20369000000.0,
      "Net Income Continuous Operations": 20369000000.0,
      "Tax Provision": 5282000000.0,
      "Pretax Income": 25651000000.0,
      "Special Income Charges": -77000000.0,
      "Gain On Sale Of Business": 0.0,
      "Impairment Of Capital Assets": 34000000.0,
      "Restructuring And Mergern Acquisition": 43000000.0,
      "Gain On Sale Of Security": 120000000.0,
      "Depreciation Amortization Depletion Income Statement": 1759000000.0,
      "Depreciation And Amortization In Income Statement": 1759000000.0,
      "Amortization": 1759000000.0,
      "Amortization Of Intangibles Income Statement": 1759000000.0,
      "Selling General And Administration": 23122000000.0,
      "General And Administrative Expense": 23122000000.0,
      "Insurance And Claims": null,
      "Salaries And Wages": 23122000000.0,
      "Total Revenue": 66532000000.0,
      "Operating Revenue": 66532000000.0,
      "Occupancy And Equipment": 4469000000.0,
      "Professional Expense And Contract Services Expense": 2177000000.0,
      "Other Non Interest Expense": 4988000000.0
    },
    "2024-10-31T00:00:00": {
      "Tax Effect Of Unusual Items": -216216000.0,
      "Tax Rate For Calcs": 0.182,
      "Total Unusual Items": -1188000000.0,
      "Total Unusual Items Excluding Goodwill": -1188000000.0,
      "Net Income From Continuing Operation Net Minority Interest": 16230000000.0,
      "Reconciled Depreciation": 2981000000.0,
      "Net Interest Income": 27953000000.0,
      "Interest Expense": 76998000000.0,
      "Interest Income": 104951000000.0,
      "Normalized Income": 17201784000.0,
      "Net Income From Continuing And Discontinued Operation": 16230000000.0,
      "Diluted Average Shares": 1413755000.0,
      "Basic Average Shares": 1411903000.0,
      "Diluted EPS": 11.25,
      "Basic EPS": 11.27,
      "Diluted NI Availto Com Stockholders": 15908000000.0,
      "Average Dilution Earnings": null,
      "Net Income Common Stockholders": 15908000000.0,
      "Preferred Stock Dividends": 322000000.0,
      "Net Income": 16230000000.0,
      "Minority Interests": -10000000.0,
      "Net Income Including Noncontrolling Interests": 16240000000.0,
      "Net Income Continuous Operations": 16240000000.0,
      "Tax Provision": 3622000000.0,
      "Pretax Income": 19862000000.0,
      "Special Income Charges": -1188000000.0,
      "Gain On Sale Of Business": -29000000.0,
      "Impairment Of Capital Assets": 68000000.0,
      "Restructuring And Mergern Acquisition": 1091000000.0,
      "Gain On Sale Of Security": 170000000.0,
      "Depreciation Amortization Depletion Income Statement": 1549000000.0,
      "Depreciation And Amortization In Income Statement": 1549000000.0,
      "Amortization": 1549000000.0,
      "Amortization Of Intangibles Income Statement": 1549000000.0,
      "Selling General And Administration": 21083000000.0,
      "General And Administrative Expense": 21083000000.0,
      "Insurance And Claims": null,
      "Salaries And Wages": 21083000000.0,
      "Total Revenue": 57491000000.0,
      "Operating Revenue": 57491000000.0,
      "Occupancy And Equipment": 4342000000.0,
      "Professional Expense And Contract Services Expense": 2525000000.0,
      "Other Non Interest Expense": 3694000000.0
    },
    "2023-10-31T00:00:00": {
      "Tax Effect Of Unusual Items": -77224000.0,
      "Tax Rate For Calcs": 0.196,
      "Total Unusual Items": -394000000.0,
      "Total Unusual Items Excluding Goodwill": -394000000.0,
      "Net Income From Continuing Operation Net Minority Interest": 14605000000.0,
      "Reconciled Depreciation": 2854000000.0,
      "Net Interest Income": 25129000000.0,
      "Interest Expense": 61862000000.0,
      "Interest Income": 86991000000.0,
      "Normalized Income": 14921776000.0,
      "Net Income From Continuing And Discontinued Operation": 14605000000.0,
      "Diluted Average Shares": 1392529000.0,
      "Basic Average Shares": 1391020000.0,
      "Diluted EPS": 10.32,
      "Basic EPS": 10.33,
      "Diluted NI Availto Com Stockholders": 14369000000.0,
      "Average Dilution Earnings": null,
      "Net Income Common Stockholders": 14369000000.0,
      "Preferred Stock Dividends": 236000000.0,
      "Net Income": 14605000000.0,
      "Minority Interests": -7000000.0,
      "Net Income Including Noncontrolling Interests": 14612000000.0,
      "Net Income Continuous Operations": 14612000000.0,
      "Tax Provision": 3571000000.0,
      "Pretax Income": 18183000000.0,
      "Special Income Charges": -394000000.0,
      "Gain On Sale Of Business": 92000000.0,
      "Impairment Of Capital Assets": 106000000.0,
      "Restructuring And Mergern Acquisition": 380000000.0,
      "Gain On Sale Of Security": 193000000.0,
      "Depreciation Amortization Depletion Income Statement": 1471000000.0,
      "Depreciation And Amortization In Income Statement": 1471000000.0,
      "Amortization": 1471000000.0,
      "Amortization Of Intangibles Income Statement": 1471000000.0,
      "Selling General And Administration": 18853000000.0,
      "General And Administrative Expense": 18853000000.0,
      "Insurance And Claims": 4022000000.0,
      "Salaries And Wages": 18853000000.0,
      "Total Revenue": 51591000000.0,
      "Operating Revenue": 51591000000.0,
      "Occupancy And Equipment": 4000000000.0,
      "Professional Expense And Contract Services Expense": 2171000000.0,
      "Other Non Interest Expense": 3832000000.0
    },
    "2022-10-31T00:00:00": {
      "Tax Effect Of Unusual Items": 17548000.0,
      "Tax Rate For Calcs": 0.214,
      "Total Unusual Items": 82000000.0,
      "Total Unusual Items Excluding Goodwill": 82000000.0,
      "Net Income From Continuing Operation Net Minority Interest": 15794000000.0,
      "Reconciled Depreciation": 2652000000.0,
      "Net Interest Income": 22717000000.0,
      "Interest Expense": 18054000000.0,
      "Interest Income": 40771000000.0,
      "Normalized Income": 15729548000.0,
      "Net Income From Continuing And Discontinued Operation": 15794000000.0,
      "Diluted Average Shares": 1406034000.0,
      "Basic Average Shares": 1403654000.0,
      "Diluted EPS": 11.06,
      "Basic EPS": 11.08,
      "Diluted NI Availto Com Stockholders": 15547000000.0,
      "Average Dilution Earnings": null,
      "Net Income Common Stockholders": 15547000000.0,
      "Preferred Stock Dividends": 247000000.0,
      "Net Income": 15794000000.0,
      "Minority Interests": -13000000.0,
      "Net Income Including Noncontrolling Interests": 15807000000.0,
      "Net Income Continuous Operations": 15807000000.0,
      "Tax Provision": 4302000000.0,
      "Pretax Income": 20109000000.0,
      "Special Income Charges": 82000000.0,
      "Gain On Sale Of Business": 100000000.0,
      "Impairment Of Capital Assets": 18000000.0,
      "Restructuring And Mergern Acquisition": 0.0,
      "Gain On Sale Of Security": 43000000.0,
      "Depreciation Amortization Depletion Income Statement": 1369000000.0,
      "Depreciation And Amortization In Income Statement": 1369000000.0,
      "Amortization": 1369000000.0,
      "Amortization Of Intangibles Income Statement": 1369000000.0,
      "Selling General And Administration": 18311000000.0,
      "General And Administrative Expense": 18311000000.0,
      "Insurance And Claims": 1783000000.0,
      "Salaries And Wages": 16528000000.0,
      "Total Revenue": 48775000000.0,
      "Operating Revenue": 48775000000.0,
      "Occupancy And Equipment": 3653000000.0,
      "Professional Expense And Contract Services Expense": 1511000000.0,
      "Other Non Interest Expense": 3530000000.0
    },
    "2021-10-31T00:00:00": {
      "Tax Effect Of Unusual Items": null,
      "Tax Rate For Calcs": null,
      "Total Unusual Items": null,
      "Total Unusual Items Excluding Goodwill": null,
      "Net Income From Continuing Operation Net Minority Interest": null,
      "Reconciled Depreciation": null,
      "Net Interest Income": null,
      "Interest Expense": null,
      "Interest Income": null,
      "Normalized Income": null,
      "Net Income From Continuing And Discontinued Operation": null,
      "Diluted Average Shares": 1426735000.0,
      "Basic Average Shares": 1424343000.0,
      "Diluted EPS": 11.06,
      "Basic EPS": 11.08,
      "Diluted NI Availto Com Stockholders": null,
      "Average Dilution Earnings": 0.0,
      "Net Income Common Stockholders": null,
      "Preferred Stock Dividends": null,
      "Net Income": null,
      "Minority Interests": null,
      "Net Income Including Noncontrolling Interests": null,
      "Net Income Continuous Operations": null,
      "Tax Provision": null,
      "Pretax Income": null,
      "Special Income Charges": null,
      "Gain On Sale Of Business": null,
      "Impairment Of Capital Assets": null,
      "Restructuring And Mergern Acquisition": null,
      "Gain On Sale Of Security": null,
      "Depreciation Amortization Depletion Income Statement": null,
      "Depreciation And Amortization In Income Statement": null,
      "Amortization": null,
      "Amortization Of Intangibles Income Statement": null,
      "Selling General And Administration": null,
      "General And Administrative Expense": null,
      "Insurance And Claims": 3891000000.0,
      "Salaries And Wages": null,
      "Total Revenue": null,
      "Operating Revenue": null,
      "Occupancy And Equipment": null,
      "Professional Expense And Contract Services Expense": null,
      "Other Non Interest Expense": null
    }
  },
  "quarterly_income": {
    "2025-10-31T00:00:00": {
      "Tax Effect Of Unusual Items": -6941417.691857,
      "Tax Rate For Calcs": 0.204159,
      "Total Unusual Items": -34000000.0,
      "Total Unusual Items Excluding Goodwill": -34000000.0,
      "Net Income From Continuing Operation Net Minority Interest": 5432000000.0,
      "Reconciled Depreciation": 757000000.0,
      "Net Interest Income": 8645000000.0,
      "Interest Expense": 17645000000.0,
      "Interest Income": 26290000000.0,
      "Normalized Income": 5459058582.308143,
      "Net Income From Continuing And Discontinued Operation": 5432000000.0,
      "Diluted Average Shares": null,
      "Basic Average Shares": null,
      "Diluted EPS": null,
      "Basic EPS": null,
      "Diluted NI Availto Com Stockholders": 5293000000.0,
      "Net Income Common Stockholders": 5293000000.0,
      "Preferred Stock Dividends": 139000000.0,
      "Net Income": 5432000000.0,
      "Minority Interests": -2000000.0,
      "Net Income Including Noncontrolling Interests": 5434000000.0,
      "Net Income Continuous Operations": 5434000000.0,
      "Tax Provision": 1394000000.0,
      "Pretax Income": 6828000000.0,
      "Special Income Charges": -34000000.0,
      "Gain On Sale Of Business": 0.0,
      "Restructuring And Mergern Acquisition": 0.0,
      "Gain On Sale Of Security": 2000000.0,
      "Depreciation Amortization Depletion Income Statement": 431000000.0,
      "Depreciation And Amortization In Income Statement": 431000000.0,
      "Amortization": 431000000.0,
      "Amortization Of Intangibles Income Statement": 431000000.0,
      "Selling General And Administration": 5788000000.0,
      "General And Administrative Expense": 5788000000.0,
      "Salaries And Wages": 5788000000.0,
      "Total Revenue": 17196000000.0,
      "Operating Revenue": 17196000000.0,
      "Occupancy And Equipment": 1133000000.0,
      "Professional Expense And Contract Services Expense": 609000000.0,
      "Other Non Interest Expense": 1379000000.0
    },
    "2025-07-31T00:00:00": {
      "Tax Effect Of Unusual Items": 0.0,
      "Tax Rate For Calcs": 0.212,
      "Total Unusual Items": 0.0,
      "Total Unusual Items Excluding Goodwill": 0.0,
      "Net Income From Continuing Operation Net Minority Interest": 5415000000.0,
      "Reconciled Depreciation": 768000000.0,
      "Net Interest Income": 8351000000.0,
      "Interest Expense": 17759000000.0,
      "Interest Income": 26110000000.0,
      "Normalized Income": 5415000000.0,
      "Net Income From Continuing And Discontinued Operation": 5415000000.0,
      "Diluted Average Shares": 1409680000.0,
      "Basic Average Shares": 1407280000.0,
      "Diluted EPS": 3.75,
      "Basic EPS": 3.76,
      "Diluted NI Availto Com Stockholders": 5290000000.0,
      "Net Income Common Stockholders": 5290000000.0,
      "Preferred Stock Dividends": 125000000.0,
      "Net Income": 5415000000.0,
      "Minority Interests": 1000000.0,
      "Net Income Including Noncontrolling Interests": 5414000000.0,
      "Net Income Continuous Operations": 5414000000.0,
      "Tax Provision": 1458000000.0,
      "Pretax Income": 6872000000.0,
      "Special Income Charges": 0.0,
      "Gain On Sale Of Business": 0.0,
      "Restructuring And Mergern Acquisition": 0.0,
      "Gain On Sale Of Security": 18000000.0,
      "Depreciation Amortization Depletion Income Statement": 436000000.0,
      "Depreciation And Amortization In Income Statement": 436000000.0,
      "Amortization": 436000000.0,
      "Amortization Of Intangibles Income Statement": 436000000.0,
      "Selling General And Administration": 5869000000.0,
      "General And Administrative Expense": 5869000000.0,
      "Salaries And Wages": 5869000000.0,
      "Total Revenue": 16960000000.0,
      "Operating Revenue": 16960000000.0,
      "Occupancy And Equipment": 1094000000.0,
      "Professional Expense And Contract Services Expense": 528000000.0,
      "Other Non Interest Expense": 1305000000.0
    },
    "2025-04-30T00:00:00": {
      "Tax Effect Of Unusual Items": -6324000.0,
      "Tax Rate For Calcs": 0.204,
      "Total Unusual Items": -31000000.0,
      "Total Unusual Items Excluding Goodwill": -31000000.0,
      "Net Income From Continuing Operation Net Minority Interest": 4386000000.0,
      "Reconciled Depreciation": 780000000.0,
      "Net Interest Income": 8056000000.0,
      "Interest Expense": 16914000000.0,
      "Interest Income": 24970000000.0,
      "Normalized Income": 4410676000.0,
      "Net Income From Continuing And Discontinued Operation": 4386000000.0,
      "Diluted Average Shares": 1413517000.0,
      "Basic Average Shares": 1411362000.0,
      "Diluted EPS": 3.02,
      "Basic EPS": 3.03,
      "Diluted NI Availto Com Stockholders": 4274000000.0,
      "Net Income Common Stockholders": 4274000000.0,
      "Preferred Stock Dividends": 112000000.0,
      "Net Income": 4386000000.0,
      "Minority Interests": -4000000.0,
      "Net Income Including Noncontrolling Interests": 4390000000.0,
      "Net Income Continuous Operations": 4390000000.0,
      "Tax Provision": 1128000000.0,
      "Pretax Income": 5518000000.0,
      "Special Income Charges": -31000000.0,
      "Gain On Sale Of Business": 0.0,
      "Restructuring And Mergern Acquisition": 31000000.0,
      "Gain On Sale Of Security": 45000000.0,
      "Depreciation Amortization Depletion Income Statement": 457000000.0,
      "Depreciation And Amortization In Income Statement": 457000000.0,
      "Amortization": 457000000.0,
      "Amortization Of Intangibles Income Statement": 457000000.0,
      "Selling General And Administration": 5478000000.0,
      "General And Administrative Expense": 5478000000.0,
      "Salaries And Wages": 5478000000.0,
      "Total Revenue": 15656000000.0,
      "Operating Revenue": 15656000000.0,
      "Occupancy And Equipment": 1132000000.0,
      "Professional Expense And Contract Services Expense": 538000000.0,
      "Other Non Interest Expense": 1094000000.0
    },
    "2025-01-31T00:00:00": {
      "Tax Effect Of Unusual Items": -2424000.0,
      "Tax Rate For Calcs": 0.202,
      "Total Unusual Items": -12000000.0,
      "Total Unusual Items Excluding Goodwill": -12000000.0,
      "Net Income From Continuing Operation Net Minority Interest": 5129000000.0,
      "Reconciled Depreciation": 774000000.0,
      "Net Interest Income": 7948000000.0,
      "Interest Expense": 18507000000.0,
      "Interest Income": 26455000000.0,
      "Normalized Income": 5138576000.0,
      "Net Income From Continuing And Discontinued Operation": 5129000000.0,
      "Diluted Average Shares": 1416502000.0,
      "Basic Average Shares": 1413937000.0,
      "Diluted EPS": 3.54,
      "Basic EPS": 3.54,
      "Diluted NI Availto Com Stockholders": 5011000000.0,
      "Net Income Common Stockholders": 5011000000.0,
      "Preferred Stock Dividends": 118000000.0,
      "Net Income": 5129000000.0,
      "Minority Interests": -2000000.0,
      "Net Income Including Noncontrolling Interests": 5131000000.0,
      "Net Income Continuous Operations": 5131000000.0,
      "Tax Provision": 1302000000.0,
      "Pretax Income": 6433000000.0,
      "Special Income Charges": -12000000.0,
      "Gain On Sale Of Business": 0.0,
      "Restructuring And Mergern Acquisition": 12000000.0,
      "Gain On Sale Of Security": 55000000.0,
      "Depreciation Amortization Depletion Income Statement": 435000000.0,
      "Depreciation And Amortization In Income Statement": 435000000.0,
      "Amortization": 435000000.0,
      "Amortization Of Intangibles Income Statement": 435000000.0,
      "Selling General And Administration": 5987000000.0,
      "General And Administrative Expense": 5987000000.0,
      "Salaries And Wages": 5987000000.0,
      "Total Revenue": 16720000000.0,
      "Operating Revenue": 16720000000.0,
      "Occupancy And Equipment": 1110000000.0,
      "Professional Expense And Contract Services Expense": 502000000.0,
      "Other Non Interest Expense": 1210000000.0
    },
    "2024-10-31T00:00:00": {
      "Tax Effect Of Unusual Items": -46651006.711409,
      "Tax Rate For Calcs": 0.190412,
      "Total Unusual Items": -245000000.0,
      "Total Unusual Items Excluding Goodwill": -245000000.0,
      "Net Income From Continuing Operation Net Minority Interest": 4219000000.0,
      "Reconciled Depreciation": 821000000.0,
      "Net Interest Income": 7671000000.0,
      "Interest Expense": 18827000000.0,
      "Interest Income": 26498000000.0,
      "Normalized Income": 4417348993.288591,
      "Net Income From Continuing And Discontinued Operation": 4219000000.0,
      "Diluted Average Shares": null,
      "Basic Average Shares": null,
      "Diluted EPS": null,
      "Basic EPS": null,
      "Diluted NI Availto Com Stockholders": 4128000000.0,
      "Net Income Common Stockholders": 4128000000.0,
      "Preferred Stock Dividends": 91000000.0,
      "Net Income": 4219000000.0,
      "Minority Interests": -3000000.0,
      "Net Income Including Noncontrolling Interests": 4222000000.0,
      "Net Income Continuous Operations": 4222000000.0,
      "Tax Provision": 993000000.0,
      "Pretax Income": 5215000000.0,
      "Special Income Charges": -245000000.0,
      "Gain On Sale Of Business": 0.0,
      "Restructuring And Mergern Acquisition": 177000000.0,
      "Gain On Sale Of Security": 13000000.0,
      "Depreciation Amortization Depletion Income Statement": 398000000.0,
      "Depreciation And Amortization In Income Statement": 398000000.0,
      "Amortization": 398000000.0,
      "Amortization Of Intangibles Income Statement": 398000000.0,
      "Selling General And Administration": 5423000000.0,
      "General And Administrative Expense": 5423000000.0,
      "Salaries And Wages": 5423000000.0,
      "Total Revenue": 15063000000.0,
      "Operating Revenue": 15063000000.0,
      "Occupancy And Equipment": 1188000000.0,
      "Professional Expense And Contract Services Expense": 657000000.0,
      "Other Non Interest Expense": 1108000000.0
    },
    "2024-07-31T00:00:00": {
      "Tax Effect Of Unusual Items": null,
      "Tax Rate For Calcs": null,
      "Total Unusual Items": null,
      "Total Unusual Items Excluding Goodwill": null,
      "Net Income From Continuing Operation Net Minority Interest": null,
      "Reconciled Depreciation": null,
      "Net Interest Income": null,
      "Interest Expense": null,
      "Interest Income": null,
      "Normalized Income": null,
      "Net Income From Continuing And Discontinued Operation": null,
      "Diluted Average Shares": 1416149000.0,
      "Basic Average Shares": 1414194000.0,
      "Diluted EPS": 3.09,
      "Basic EPS": 3.09,
      "Diluted NI Availto Com Stockholders": null,
      "Net Income Common Stockholders": null,
      "Preferred Stock Dividends": null,
      "Net Income": null,
      "Minority Interests": null,
      "Net Income Including Noncontrolling Interests": null,
      "Net Income Continuous Operations": null,
      "Tax Provision": null,
      "Pretax Income": null,
      "Special Income Charges": null,
      "Gain On Sale Of Business": null,
      "Restructuring And Mergern Acquisition": null,
      "Gain On Sale Of Security": null,
      "Depreciation Amortization Depletion Income Statement": null,
      "Depreciation And Amortization In Income Statement": null,
      "Amortization": null,
      "Amortization Of Intangibles Income Statement": null,
      "Selling General And Administration": null,
      "General And Administrative Expense": null,
      "Salaries And Wages": null,
      "Total Revenue": null,
      "Operating Revenue": null,
      "Occupancy And Equipment": null,
      "Professional Expense And Contract Services Expense": null,
      "Other Non Interest Expense": null
    }
  },
  "balance_sheet": {
    "2025-10-31T00:00:00": {
      "Treasury Shares Number": 521000.0,
      "Preferred Shares Number": null,
      "Ordinary Shares Number": 1400114000.0,
      "Share Issued": 1400635000.0,
      "Net Debt": 453465000000.0,
      "Total Debt": 545439000000.0,
      "Tangible Book Value": 100642000000.0,
      "Invested Capital": 668302000000.0,
      "Net Tangible Assets": 112285000000.0,
      "Capital Lease Obligations": 4586000000.0,
      "Common Stock Equity": 127449000000.0,
      "Preferred Stock Equity": 11643000000.0,
      "Total Capitalization": 492901000000.0,
      "Total Equity Gross Minority Interest": 139151000000.0,
      "Minority Interest": 59000000.0,
      "Stockholders Equity": 139092000000.0,
      "Other Equity Interest": 9726000000.0,
      "Treasury Stock": 78000000.0,
      "Retained Earnings": 96938000000.0,
      "Capital Stock": 32506000000.0,
      "Common Stock": 20863000000.0,
      "Preferred Stock": 11643000000.0,
      "Total Liabilities Net Minority Interest": 2185855000000.0,
      "Derivative Product Liabilities": 183953000000.0,
      "Employee Benefits": 1966000000.0,
      "Non Current Deferred Liabilities": 4761000000.0,
      "Non Current Deferred Revenue": 4277000000.0,
      "Non Current Deferred Taxes Liabilities": 484000000.0,
      "Long Term Debt And Capital Lease Obligation": 358395000000.0,
      "Long Term Capital Lease Obligation": 4586000000.0,
      "Long Term Debt": 353809000000.0,
      "Long Term Provisions": 782000000.0,
      "Current Debt And Capital Lease Obligation": 187044000000.0,
      "Current Capital Lease Obligation": null,
      "Current Debt": 187044000000.0,
      "Other Current Borrowings": 2804000000.0,
      "Commercial Paper": 134091000000.0,
      "Current Notes Payable": 50149000000.0,
      "Payables And Accrued Expenses": 41666000000.0,
      "Current Accrued Expenses": 13574000000.0,
      "Payables": 28092000000.0,
      "Dividends Payable": 2306000000.0,
      "Total Tax Payable": 2852000000.0,
      "Income Tax Payable": 2852000000.0,
      "Accounts Payable": 22934000000.0,
      "Total Assets": 2325006000000.0,
      "Defined Pension Benefit": 4012000000.0,
      "Investments And Advances": 562617000000.0,
      "Available For Sale Securities": 297061000000.0,
      "Trading Securities": 186836000000.0,
      "Long Term Equity Investment": 829000000.0,
      "Goodwill And Other Intangible Assets": 26807000000.0,
      "Other Intangible Assets": 7402000000.0,
      "Goodwill": 19405000000.0,
      "Net PPE": 6819000000.0,
      "Accumulated Depreciation": -7684000000.0,
      "Gross PPE": 14503000000.0,
      "Leases": 3073000000.0,
      "Construction In Progress": 201000000.0,
      "Other Properties": 442000000.0,
      "Machinery Furniture Equipment": 2355000000.0,
      "Buildings And Improvements": 8278000000.0,
      "Land And Improvements": 154000000.0,
      "Receivables": 41207000000.0,
      "Other Receivables": 27838000000.0,
      "Accounts Receivable": 13369000000.0,
      "Other Short Term Investments": 77891000000.0,
      "Cash And Cash Equivalents": 87388000000.0,
      "Cash Equivalents": null,
      "Cash Financial": 37024000000.0,
      "Cash Cash Equivalents And Federal Funds Sold": 410627000000.0
    },
    "2024-10-31T00:00:00": {
      "Treasury Shares Number": 576000.0,
      "Preferred Shares Number": 62000000.0,
      "Ordinary Shares Number": 1414504299.0,
      "Share Issued": 1415080299.0,
      "Net Debt": 335995000000.0,
      "Total Debt": 463411000000.0,
      "Tangible Book Value": 90985000000.0,
      "Invested Capital": 576807000000.0,
      "Net Tangible Assets": 100005000000.0,
      "Capital Lease Obligations": 4673000000.0,
      "Common Stock Equity": 118069000000.0,
      "Preferred Stock Equity": 9020000000.0,
      "Total Capitalization": 451451000000.0,
      "Total Equity Gross Minority Interest": 127192000000.0,
      "Minority Interest": 103000000.0,
      "Stockholders Equity": 127089000000.0,
      "Other Equity Interest": 8498000000.0,
      "Treasury Stock": 50000000.0,
      "Retained Earnings": 88608000000.0,
      "Capital Stock": 30033000000.0,
      "Common Stock": 21013000000.0,
      "Preferred Stock": 9020000000.0,
      "Total Liabilities Net Minority Interest": 2044390000000.0,
      "Derivative Product Liabilities": 163763000000.0,
      "Employee Benefits": 1924000000.0,
      "Non Current Deferred Liabilities": 4691000000.0,
      "Non Current Deferred Revenue": 4149000000.0,
      "Non Current Deferred Taxes Liabilities": 542000000.0,
      "Long Term Debt And Capital Lease Obligation": 328326000000.0,
      "Long Term Capital Lease Obligation": 3964000000.0,
      "Long Term Debt": 324362000000.0,
      "Long Term Provisions": 793000000.0,
      "Current Debt And Capital Lease Obligation": 135085000000.0,
      "Current Capital Lease Obligation": 709000000.0,
      "Current Debt": 134376000000.0,
      "Other Current Borrowings": 0.0,
      "Commercial Paper": 91057000000.0,
      "Current Notes Payable": 43319000000.0,
      "Payables And Accrued Expenses": 39273000000.0,
      "Current Accrued Expenses": 11781000000.0,
      "Payables": 27492000000.0,
      "Dividends Payable": 2123000000.0,
      "Total Tax Payable": 2398000000.0,
      "Income Tax Payable": 2398000000.0,
      "Accounts Payable": 22971000000.0,
      "Total Assets": 2171582000000.0,
      "Defined Pension Benefit": 3630000000.0,
      "Investments And Advances": 440753000000.0,
      "Available For Sale Securities": 233661000000.0,
      "Trading Securities": 161874000000.0,
      "Long Term Equity Investment": 835000000.0,
      "Goodwill And Other Intangible Assets": 27084000000.0,
      "Other Intangible Assets": 7798000000.0,
      "Goodwill": 19286000000.0,
      "Net PPE": 6852000000.0,
      "Accumulated Depreciation": -7077000000.0,
      "Gross PPE": 13929000000.0,
      "Leases": 3169000000.0,
      "Construction In Progress": 129000000.0,
      "Other Properties": 319000000.0,
      "Machinery Furniture Equipment": 2311000000.0,
      "Buildings And Improvements": 7757000000.0,
      "Land And Improvements": 244000000.0,
      "Receivables": 32888000000.0,
      "Other Receivables": 20595000000.0,
      "Accounts Receivable": 12293000000.0,
      "Other Short Term Investments": 44383000000.0,
      "Cash And Cash Equivalents": 122743000000.0,
      "Cash Equivalents": null,
      "Cash Financial": 56723000000.0,
      "Cash Cash Equivalents And Federal Funds Sold": 484654000000.0
    },
    "2023-10-31T00:00:00": {
      "Treasury Shares Number": 1862000.0,
      "Preferred Shares Number": 102000000.0,
      "Ordinary Shares Number": 1400510572.0,
      "Share Issued": 1402372572.0,
      "Net Debt": 301512000000.0,
      "Total Debt": 439351000000.0,
      "Tangible Book Value": 89228000000.0,
      "Invested Capital": 542312000000.0,
      "Net Tangible Assets": 96551000000.0,
      "Capital Lease Obligations": 4764000000.0,
      "Common Stock Equity": 107725000000.0,
      "Preferred Stock Equity": 7323000000.0,
      "Total Capitalization": 431967000000.0,
      "Total Equity Gross Minority Interest": 115147000000.0,
      "Minority Interest": 99000000.0,
      "Stockholders Equity": 115048000000.0,
      "Other Equity Interest": 6852000000.0,
      "Treasury Stock": 240000000.0,
      "Retained Earnings": 81715000000.0,
      "Capital Stock": 26721000000.0,
      "Common Stock": 19398000000.0,
      "Preferred Stock": 7323000000.0,
      "Total Liabilities Net Minority Interest": 1891384000000.0,
      "Derivative Product Liabilities": 142629000000.0,
      "Employee Benefits": 1611000000.0,
      "Non Current Deferred Liabilities": 4256000000.0,
      "Non Current Deferred Revenue": 3830000000.0,
      "Non Current Deferred Taxes Liabilities": 426000000.0,
      "Long Term Debt And Capital Lease Obligation": 321030000000.0,
      "Long Term Capital Lease Obligation": 4111000000.0,
      "Long Term Debt": 316919000000.0,
      "Long Term Provisions": 644000000.0,
      "Current Debt And Capital Lease Obligation": 118321000000.0,
      "Current Capital Lease Obligation": 653000000.0,
      "Current Debt": 117668000000.0,
      "Other Current Borrowings": 4507000000.0,
      "Commercial Paper": 77506000000.0,
      "Current Notes Payable": 35655000000.0,
      "Payables And Accrued Expenses": 34607000000.0,
      "Current Accrued Expenses": 9089000000.0,
      "Payables": 25518000000.0,
      "Dividends Payable": 1975000000.0,
      "Total Tax Payable": 2962000000.0,
      "Income Tax Payable": 2962000000.0,
      "Accounts Payable": 20581000000.0,
      "Total Assets": 2006531000000.0,
      "Defined Pension Benefit": 2826000000.0,
      "Investments And Advances": 410231000000.0,
      "Available For Sale Securities": 197259000000.0,
      "Trading Securities": 133542000000.0,
      "Long Term Equity Investment": 501000000.0,
      "Goodwill And Other Intangible Assets": 18497000000.0,
      "Other Intangible Assets": 5903000000.0,
      "Goodwill": 12594000000.0,
      "Net PPE": 6749000000.0,
      "Accumulated Depreciation": -6085000000.0,
      "Gross PPE": 12834000000.0,
      "Leases": 3007000000.0,
      "Construction In Progress": 108000000.0,
      "Other Properties": 317000000.0,
      "Machinery Furniture Equipment": 2118000000.0,
      "Buildings And Improvements": 7144000000.0,
      "Land And Improvements": 140000000.0,
      "Receivables": 29794000000.0,
      "Other Receivables": 17721000000.0,
      "Accounts Receivable": 12073000000.0,
      "Other Short Term Investments": 78929000000.0,
      "Cash And Cash Equivalents": 133075000000.0,
      "Cash Equivalents": null,
      "Cash Financial": 61989000000.0,
      "Cash Cash Equivalents And Federal Funds Sold": 482115000000.0
    },
    "2022-10-31T00:00:00": {
      "Treasury Shares Number": 2680000.0,
      "Preferred Shares Number": 102600000.0,
      "Ordinary Shares Number": 1385591247.0,
      "Share Issued": 1388271247.0,
      "Net Debt": 239658000000.0,
      "Total Debt": 425176000000.0,
      "Tangible Book Value": 82381000000.0,
      "Invested Capital": 520807000000.0,
      "Net Tangible Assets": 89704000000.0,
      "Capital Lease Obligations": 5110000000.0,
      "Common Stock Equity": 100741000000.0,
      "Preferred Stock Equity": 7323000000.0,
      "Total Capitalization": 385832000000.0,
      "Total Equity Gross Minority Interest": 108175000000.0,
      "Minority Interest": 111000000.0,
      "Stockholders Equity": 108064000000.0,
      "Other Equity Interest": 5725000000.0,
      "Treasury Stock": 339000000.0,
      "Retained Earnings": 78037000000.0,
      "Capital Stock": 24641000000.0,
      "Common Stock": 17318000000.0,
      "Preferred Stock": 7323000000.0,
      "Total Liabilities Net Minority Interest": 1809044000000.0,
      "Derivative Product Liabilities": 153491000000.0,
      "Employee Benefits": 1668000000.0,
      "Non Current Deferred Liabilities": 4099000000.0,
      "Non Current Deferred Revenue": 3660000000.0,
      "Non Current Deferred Taxes Liabilities": 439000000.0,
      "Long Term Debt And Capital Lease Obligation": 282224000000.0,
      "Long Term Capital Lease Obligation": 4456000000.0,
      "Long Term Debt": 277768000000.0,
      "Long Term Provisions": 627000000.0,
      "Current Debt And Capital Lease Obligation": 142952000000.0,
      "Current Capital Lease Obligation": 654000000.0,
      "Current Debt": 142298000000.0,
      "Other Current Borrowings": 9609000000.0,
      "Commercial Paper": 102959000000.0,
      "Current Notes Payable": 29730000000.0,
      "Payables And Accrued Expenses": 30268000000.0,
      "Current Accrued Expenses": 8991000000.0,
      "Payables": 21277000000.0,
      "Dividends Payable": 1856000000.0,
      "Total Tax Payable": 2136000000.0,
      "Income Tax Payable": 2136000000.0,
      "Accounts Payable": 17285000000.0,
      "Total Assets": 1917219000000.0,
      "Defined Pension Benefit": 3331000000.0,
      "Investments And Advances": 318934000000.0,
      "Available For Sale Securities": 151075000000.0,
      "Trading Securities": 106960000000.0,
      "Long Term Equity Investment": 711000000.0,
      "Goodwill And Other Intangible Assets": 18360000000.0,
      "Other Intangible Assets": 6083000000.0,
      "Goodwill": 12277000000.0,
      "Net PPE": 7214000000.0,
      "Accumulated Depreciation": -5205000000.0,
      "Gross PPE": 12419000000.0,
      "Leases": 2845000000.0,
      "Construction In Progress": 120000000.0,
      "Other Properties": 299000000.0,
      "Machinery Furniture Equipment": 2005000000.0,
      "Buildings And Improvements": 7009000000.0,
      "Land And Improvements": 141000000.0,
      "Receivables": 26239000000.0,
      "Other Receivables": 17286000000.0,
      "Accounts Receivable": 8953000000.0,
      "Other Short Term Investments": 60188000000.0,
      "Cash And Cash Equivalents": 180408000000.0,
      "Cash Equivalents": null,
      "Cash Financial": 72397000000.0,
      "Cash Cash Equivalents And Federal Funds Sold": 512937000000.0
    },
    "2021-10-31T00:00:00": {
      "Treasury Shares Number": null,
      "Preferred Shares Number": 102600000.0,
      "Ordinary Shares Number": null,
      "Share Issued": null,
      "Net Debt": null,
      "Total Debt": null,
      "Tangible Book Value": null,
      "Invested Capital": null,
      "Net Tangible Assets": null,
      "Capital Lease Obligations": null,
      "Common Stock Equity": null,
      "Preferred Stock Equity": null,
      "Total Capitalization": null,
      "Total Equity Gross Minority Interest": null,
      "Minority Interest": null,
      "Stockholders Equity": null,
      "Other Equity Interest": null,
      "Treasury Stock": null,
      "Retained Earnings": null,
      "Capital Stock": null,
      "Common Stock": null,
      "Preferred Stock": null,
      "Total Liabilities Net Minority Interest": null,
      "Derivative Product Liabilities": null,
      "Employee Benefits": null,
      "Non Current Deferred Liabilities": null,
      "Non Current Deferred Revenue": null,
      "Non Current Deferred Taxes Liabilities": null,
      "Long Term Debt And Capital Lease Obligation": null,
      "Long Term Capital Lease Obligation": null,
      "Long Term Debt": null,
      "Long Term Provisions": null,
      "Current Debt And Capital Lease Obligation": null,
      "Current Capital Lease Obligation": 631000000.0,
      "Current Debt": null,
      "Other Current Borrowings": null,
      "Commercial Paper": null,
      "Current Notes Payable": null,
      "Payables And Accrued Expenses": null,
      "Current Accrued Expenses": null,
      "Payables": null,
      "Dividends Payable": null,
      "Total Tax Payable": null,
      "Income Tax Payable": null,
      "Accounts Payable": null,
      "Total Assets": null,
      "Defined Pension Benefit": null,
      "Investments And Advances": null,
      "Available For Sale Securities": null,
      "Trading Securities": null,
      "Long Term Equity Investment": null,
      "Goodwill And Other Intangible Assets": null,
      "Other Intangible Assets": null,
      "Goodwill": null,
      "Net PPE": null,
      "Accumulated Depreciation": null,
      "Gross PPE": null,
      "Leases": null,
      "Construction In Progress": null,
      "Other Properties": null,
      "Machinery Furniture Equipment": null,
      "Buildings And Improvements": null,
      "Land And Improvements": null,
      "Receivables": null,
      "Other Receivables": null,
      "Accounts Receivable": null,
      "Other Short Term Investments": null,
      "Cash And Cash Equivalents": null,
      "Cash Equivalents": 1619000000.0,
      "Cash Financial": null,
      "Cash Cash Equivalents And Federal Funds Sold": null
    }
  },
  "cashflow": {
    "2025-10-31T00:00:00": {
      "Free Cash Flow": 52977000000.0,
      "Repurchase Of Capital Stock": -15845000000.0,
      "Repayment Of Debt": -3538000000.0,
      "Issuance Of Debt": 2991000000.0,
      "Issuance Of Capital Stock": 15716000000.0,
      "Capital Expenditure": -2243000000.0,
      "Interest Paid Supplemental Data": 70976000000.0,
      "Income Tax Paid Supplemental Data": 6087000000.0,
      "End Cash Position": 37024000000.0,
      "Beginning Cash Position": 56723000000.0,
      "Effect Of Exchange Rate Changes": 361000000.0,
      "Changes In Cash": -20060000000.0,
      "Financing Cash Flow": -6711000000.0,
      "Cash Flow From Continuing Financing Activities": -6711000000.0,
      "Net Other Financing Charges": -39000000.0,
      "Cash Dividends Paid": -8800000000.0,
      "Net Preferred Stock Issuance": 2595000000.0,
      "Preferred Stock Payments": -2350000000.0,
      "Preferred Stock Issuance": 4945000000.0,
      "Net Common Stock Issuance": -2724000000.0,
      "Common Stock Payments": -13495000000.0,
      "Common Stock Issuance": 10771000000.0,
      "Net Issuance Payments Of Debt": 2257000000.0,
      "Net Short Term Debt Issuance": 2804000000.0,
      "Net Long Term Debt Issuance": -547000000.0,
      "Long Term Debt Payments": -3538000000.0,
      "Long Term Debt Issuance": 2991000000.0,
      "Investing Cash Flow": -68569000000.0,
      "Cash Flow From Continuing Investing Activities": -68569000000.0,
      "Net Investment Purchase And Sale": -81982000000.0,
      "Sale Of Investment": 232439000000.0,
      "Purchase Of Investment": -314421000000.0,
      "Net Business Purchase And Sale": 0.0,
      "Sale Of Business": 0.0,
      "Purchase Of Business": 0.0,
      "Net PPE Purchase And Sale": -2243000000.0,
      "Purchase Of PPE": -2243000000.0,
      "Operating Cash Flow": 55220000000.0,
      "Cash Flow From Continuing Operating Activities": 55220000000.0,
      "Change In Working Capital": 27831000000.0,
      "Change In Other Working Capital": 64614000000.0,
      "Deferred Tax": -216000000.0,
      "Deferred Income Tax": -216000000.0,
      "Depreciation Amortization Depletion": 3079000000.0,
      "Depreciation And Amortization": 3079000000.0,
      "Amortization Cash Flow": 1793000000.0,
      "Amortization Of Intangibles": 1793000000.0,
      "Depreciation": 1286000000.0,
      "Operating Gains Losses": -205000000.0,
      "Earnings Losses From Equity Investments": -73000000.0,
      "Gain Loss On Investment Securities": -132000000.0,
      "Gain Loss On Sale Of Business": 0.0,
      "Net Income From Continuing Operations": 20369000000.0
    },
    "2024-10-31T00:00:00": {
      "Free Cash Flow": 20859000000.0,
      "Repurchase Of Capital Stock": -7688000000.0,
      "Repayment Of Debt": -2136000000.0,
      "Issuance Of Debt": 3250000000.0,
      "Issuance Of Capital Stock": 9578000000.0,
      "Capital Expenditure": -2280000000.0,
      "Interest Paid Supplemental Data": 73639000000.0,
      "Income Tax Paid Supplemental Data": 3410000000.0,
      "End Cash Position": 56723000000.0,
      "Beginning Cash Position": 61989000000.0,
      "Effect Of Exchange Rate Changes": 628000000.0,
      "Changes In Cash": -5894000000.0,
      "Financing Cash Flow": -8146000000.0,
      "Cash Flow From Continuing Financing Activities": -8146000000.0,
      "Net Other Financing Charges": -6000000.0,
      "Cash Dividends Paid": -6637000000.0,
      "Net Preferred Stock Issuance": 1681000000.0,
      "Preferred Stock Payments": -1021000000.0,
      "Preferred Stock Issuance": 2702000000.0,
      "Net Common Stock Issuance": 209000000.0,
      "Common Stock Payments": -6667000000.0,
      "Common Stock Issuance": 6876000000.0,
      "Net Issuance Payments Of Debt": -3393000000.0,
      "Net Short Term Debt Issuance": -4507000000.0,
      "Net Long Term Debt Issuance": 1114000000.0,
      "Long Term Debt Payments": -2136000000.0,
      "Long Term Debt Issuance": 3250000000.0,
      "Investing Cash Flow": -20887000000.0,
      "Cash Flow From Continuing Investing Activities": -20887000000.0,
      "Net Investment Purchase And Sale": -10972000000.0,
      "Sale Of Investment": 182335000000.0,
      "Purchase Of Investment": -193307000000.0,
      "Net Business Purchase And Sale": -12701000000.0,
      "Sale Of Business": 15000000.0,
      "Purchase Of Business": -12716000000.0,
      "Net PPE Purchase And Sale": -2280000000.0,
      "Purchase Of PPE": -2280000000.0,
      "Operating Cash Flow": 23139000000.0,
      "Cash Flow From Continuing Operating Activities": 23139000000.0,
      "Change In Working Capital": 2340000000.0,
      "Change In Other Working Capital": 103096000000.0,
      "Deferred Tax": -1529000000.0,
      "Deferred Income Tax": -1529000000.0,
      "Depreciation Amortization Depletion": 2981000000.0,
      "Depreciation And Amortization": 2981000000.0,
      "Amortization Cash Flow": 1617000000.0,
      "Amortization Of Intangibles": 1617000000.0,
      "Depreciation": 1364000000.0,
      "Operating Gains Losses": -125000000.0,
      "Earnings Losses From Equity Investments": 16000000.0,
      "Gain Loss On Investment Securities": -170000000.0,
      "Gain Loss On Sale Of Business": 29000000.0,
      "Net Income From Continuing Operations": 16240000000.0
    },
    "2023-10-31T00:00:00": {
      "Free Cash Flow": 23349000000.0,
      "Repurchase Of Capital Stock": -4075000000.0,
      "Repayment Of Debt": -825000000.0,
      "Issuance Of Debt": 1500000000.0,
      "Issuance Of Capital Stock": 4239000000.0,
      "Capital Expenditure": -2730000000.0,
      "Interest Paid Supplemental Data": 54698000000.0,
      "Income Tax Paid Supplemental Data": 4964000000.0,
      "End Cash Position": 61989000000.0,
      "Beginning Cash Position": 72397000000.0,
      "Effect Of Exchange Rate Changes": 1611000000.0,
      "Changes In Cash": -12019000000.0,
      "Financing Cash Flow": -9833000000.0,
      "Cash Flow From Continuing Financing Activities": -9833000000.0,
      "Net Other Financing Charges": -21000000.0,
      "Cash Dividends Paid": -5549000000.0,
      "Net Preferred Stock Issuance": 0.0,
      "Preferred Stock Payments": 0.0,
      "Preferred Stock Issuance": 0.0,
      "Net Common Stock Issuance": 164000000.0,
      "Common Stock Payments": -4075000000.0,
      "Common Stock Issuance": 4239000000.0,
      "Net Issuance Payments Of Debt": -4427000000.0,
      "Net Short Term Debt Issuance": -5102000000.0,
      "Net Long Term Debt Issuance": 675000000.0,
      "Long Term Debt Payments": -825000000.0,
      "Long Term Debt Issuance": 1500000000.0,
      "Investing Cash Flow": -28265000000.0,
      "Cash Flow From Continuing Investing Activities": -28265000000.0,
      "Net Investment Purchase And Sale": -45990000000.0,
      "Sale Of Investment": 156466000000.0,
      "Purchase Of Investment": -202456000000.0,
      "Net Business Purchase And Sale": 1712000000.0,
      "Sale Of Business": 1712000000.0,
      "Purchase Of Business": 0.0,
      "Net PPE Purchase And Sale": -2730000000.0,
      "Purchase Of PPE": -2730000000.0,
      "Operating Cash Flow": 26079000000.0,
      "Cash Flow From Continuing Operating Activities": 26079000000.0,
      "Change In Working Capital": 7227000000.0,
      "Change In Other Working Capital": 2970000000.0,
      "Deferred Tax": -1018000000.0,
      "Deferred Income Tax": -1018000000.0,
      "Depreciation Amortization Depletion": 2854000000.0,
      "Depreciation And Amortization": 2854000000.0,
      "Amortization Cash Flow": 1579000000.0,
      "Amortization Of Intangibles": 1579000000.0,
      "Depreciation": 1275000000.0,
      "Operating Gains Losses": -64000000.0,
      "Earnings Losses From Equity Investments": 221000000.0,
      "Gain Loss On Investment Securities": -193000000.0,
      "Gain Loss On Sale Of Business": -92000000.0,
      "Net Income From Continuing Operations": 14612000000.0
    },
    "2022-10-31T00:00:00": {
      "Free Cash Flow": 19442000000.0,
      "Repurchase Of Capital Stock": -11282000000.0,
      "Repayment Of Debt": -821000000.0,
      "Issuance Of Debt": 1000000000.0,
      "Issuance Of Capital Stock": 6274000000.0,
      "Capital Expenditure": -2500000000.0,
      "Interest Paid Supplemental Data": 13677000000.0,
      "Income Tax Paid Supplemental Data": 7326000000.0,
      "End Cash Position": 72397000000.0,
      "Beginning Cash Position": 113846000000.0,
      "Effect Of Exchange Rate Changes": -4152000000.0,
      "Changes In Cash": -37297000000.0,
      "Financing Cash Flow": -2185000000.0,
      "Cash Flow From Continuing Financing Activities": -2185000000.0,
      "Net Other Financing Charges": -5000000.0,
      "Cash Dividends Paid": -6960000000.0,
      "Net Preferred Stock Issuance": 594000000.0,
      "Preferred Stock Payments": -155000000.0,
      "Preferred Stock Issuance": 749000000.0,
      "Net Common Stock Issuance": -5602000000.0,
      "Common Stock Payments": -11127000000.0,
      "Common Stock Issuance": 5525000000.0,
      "Net Issuance Payments Of Debt": 9788000000.0,
      "Net Short Term Debt Issuance": 9609000000.0,
      "Net Long Term Debt Issuance": 179000000.0,
      "Long Term Debt Payments": -821000000.0,
      "Long Term Debt Issuance": 1000000000.0,
      "Investing Cash Flow": -57054000000.0,
      "Cash Flow From Continuing Investing Activities": -57054000000.0,
      "Net Investment Purchase And Sale": -23821000000.0,
      "Sale Of Investment": 99143000000.0,
      "Purchase Of Investment": -122964000000.0,
      "Net Business Purchase And Sale": -2360000000.0,
      "Sale Of Business": null,
      "Purchase Of Business": -2360000000.0,
      "Net PPE Purchase And Sale": -2500000000.0,
      "Purchase Of PPE": -2500000000.0,
      "Operating Cash Flow": 21942000000.0,
      "Cash Flow From Continuing Operating Activities": 21942000000.0,
      "Change In Working Capital": 2681000000.0,
      "Change In Other Working Capital": 103530000000.0,
      "Deferred Tax": 569000000.0,
      "Deferred Income Tax": 569000000.0,
      "Depreciation Amortization Depletion": 2652000000.0,
      "Depreciation And Amortization": 2652000000.0,
      "Amortization Cash Flow": 1387000000.0,
      "Amortization Of Intangibles": 1387000000.0,
      "Depreciation": 1265000000.0,
      "Operating Gains Losses": -251000000.0,
      "Earnings Losses From Equity Investments": -108000000.0,
      "Gain Loss On Investment Securities": -43000000.0,
      "Gain Loss On Sale Of Business": -100000000.0,
      "Net Income From Continuing Operations": 15807000000.0
    },
    "2021-10-31T00:00:00": {
      "Free Cash Flow": null,
      "Repurchase Of Capital Stock": null,
      "Repayment Of Debt": null,
      "Issuance Of Debt": null,
      "Issuance Of Capital Stock": null,
      "Capital Expenditure": null,
      "Interest Paid Supplemental Data": null,
      "Income Tax Paid Supplemental Data": null,
      "End Cash Position": null,
      "Beginning Cash Position": null,
      "Effect Of Exchange Rate Changes": null,
      "Changes In Cash": null,
      "Financing Cash Flow": null,
      "Cash Flow From Continuing Financing Activities": null,
      "Net Other Financing Charges": null,
      "Cash Dividends Paid": null,
      "Net Preferred Stock Issuance": null,
      "Preferred Stock Payments": null,
      "Preferred Stock Issuance": null,
      "Net Common Stock Issuance": null,
      "Common Stock Payments": null,
      "Common Stock Issuance": null,
      "Net Issuance Payments Of Debt": null,
      "Net Short Term Debt Issuance": null,
      "Net Long Term Debt Issuance": null,
      "Long Term Debt Payments": null,
      "Long Term Debt Issuance": null,
      "Investing Cash Flow": null,
      "Cash Flow From Continuing Investing Activities": null,
      "Net Investment Purchase And Sale": null,
      "Sale Of Investment": null,
      "Purchase Of Investment": null,
      "Net Business Purchase And Sale": null,
      "Sale Of Business": 78000000.0,
      "Purchase Of Business": null,
      "Net PPE Purchase And Sale": null,
      "Purchase Of PPE": null,
      "Operating Cash Flow": null,
      "Cash Flow From Continuing Operating Activities": null,
      "Change In Working Capital": null,
      "Change In Other Working Capital": null,
      "Deferred Tax": null,
      "Deferred Income Tax": null,
      "Depreciation Amortization Depletion": null,
      "Depreciation And Amortization": null,
      "Amortization Cash Flow": null,
      "Amortization Of Intangibles": null,
      "Depreciation": null,
      "Operating Gains Losses": null,
      "Earnings Losses From Equity Investments": null,
      "Gain Loss On Investment Securities": null,
      "Gain Loss On Sale Of Business": null,
      "Net Income From Continuing Operations": null
    }
  },
  "earnings_estimate": {
    "avg": {
      "0q": 3.78176,
      "+1q": 4.00822,
      "0y": 15.72619,
      "+1y": 17.39411
    },
    "low": {
      "0q": 3.67,
      "+1q": 3.92,
      "0y": 15.48,
      "+1y": 16.74
    },
    "high": {
      "0q": 3.92,
      "+1q": 4.1,
      "0y": 16.06,
      "+1y": 18.07556
    },
    "yearAgoEps": {
      "0q": 3.12,
      "+1q": 3.84,
      "0y": 14.43,
      "+1y": 15.72619
    },
    "numberOfAnalysts": {
      "0q": 9,
      "+1q": 9,
      "0y": 14,
      "+1y": 14
    },
    "growth": {
      "0q": 0.21209998,
      "+1q": 0.0438,
      "0y": 0.08979999,
      "+1y": 0.10609999
    }
  },
  "revenue_estimate": {
    "avg": {
      "0q": 17198124860,
      "+1q": 17921932720,
      "0y": 70555191850,
      "+1y": 74096576010
    },
    "low": {
      "0q": 16941000000,
      "+1q": 17841000000,
      "0y": 69428000000,
      "+1y": 72105000000
    },
    "high": {
      "0q": 17398000000,
      "+1q": 18079000000,
      "0y": 71282000000,
      "+1y": 76181000000
    },
    "numberOfAnalysts": {
      "0q": 5,
      "+1q": 5,
      "0y": 9,
      "+1y": 9
    },
    "yearAgoRevenue": {
      "0q": 15672000000,
      "+1q": 16985000000,
      "0y": 66605000000,
      "+1y": 70555191850
    },
    "growth": {
      "0q": 0.097399995,
      "+1q": 0.0552,
      "0y": 0.059299998,
      "+1y": 0.0502
    }
  },
  "growth_estimates": {
    "stockTrend": {
      "0q": 0.21209998,
      "+1q": 0.0438,
      "0y": 0.08979999,
      "+1y": 0.10609999,
      "LTG": null
    },
    "indexTrend": {
      "0q": 0.1273,
      "+1q": 0.103599995,
      "0y": 0.14310001,
      "+1y": 0.1557,
      "LTG": 0.122
    }
  },
  "revenue_forecasts": null,
  "dividend_rate": 6.56,
  "trailing_dividend_rate": 6.04
}