{
  "ticker": "SAN.PA",
  "name": "Sanofi",
  "country": "france",
  "currency": "EUR",
  "last_fetched": "2026-02-26T20:43:42.533949",
  "market_cap": 97665785856,
  "revenue": 46715998208,
  "net_income": 4938999808,
  "pe_ratio": 20.069477,
  "forward_pe": 9.0741005,
  "dividend_yield": 4.85,
  "profit_margin": 0.16724001,
  "roe": 0.06655,
  "debt_to_equity": 28.349,
  "beta": 0.368,
  "ev_to_ebitda": 8.747,
  "sector": "Healthcare",
  "industry": "Drug Manufacturers - General",
  "summary": "Sanofi engages in the research, development, manufacture, and marketing of therapeutic solutions. It provides immunology and inflammation, rare diseases neurology, oncology, and other vaccines. It also offers poliomyelitis, pertussis, and haemophilus influenzae type b (Hib) pediatric vaccines; respiratory syncytial virus protection and hexavalent combination vaccines protecting against diphtheria, tetanus, pertussis, polio, Hib, and hepatitis B; influenza, COVID-19 vaccine Nuvaxovid, booster, meningitis, and travel and endemic vaccines, that includes hepatitis A, typhoid, yellow fever, and rabies vaccines. It has a collaboration and license agreement with Exscientia to develop up to 15 novel small-molecule for oncology and immunology; ABL Bio, Inc. to develop ABL301 for treatment of alpha-synucleinopathies; and Innate Pharma SA for a natural killer cell engager program targeting B7-H3. Further, it has a collaboration agreements with Atomwise to use ATOMNET platform and Insilico Medicine to use Pharma.AI, a medicine's AI platform; Kymera Therapeutics, Inc. to develop and commercialize protein degrader therapies targeting IRAK4 in patients with immune-inflammatory diseases; Nurix Therapeutics, Inc. to develop novel targeted protein degradation therapies; Denali Therapeutics Inc. to treat a range of systemic inflammatory diseases, such as ulcerative colitis; and Adagene Inc. for the discovery and development of antibody-based therapies. Additionally, it has a collaboration with Scribe Therapeutics Inc. to develop genome editing technologies; Teva Pharmaceuticals to co-develop and co-commercialize TEV'574, which is used for treatment of ulcerative colitis and Crohn's disease; and co-promotion service agreement with Provention Bio, Inc. for the commercialization of teplizumab. The company was formerly known as Sanofi-Aventis and changed its name to Sanofi in May 2011. Sanofi was incorporated in 1994 and is headquartered in Paris, France.",
  "website": "https://www.sanofi.com",
  "employees": 74846,
  "target_high": 119.0,
  "target_low": 80.0,
  "target_mean": 98.48696,
  "target_median": 100.0,
  "recommendation": "buy",
  "num_analysts": 23,
  "income_stmt": {
    "2025-12-31T00:00:00": {
      "Tax Effect Of Unusual Items": null,
      "Tax Rate For Calcs": null,
      "Normalized EBITDA": null,
      "Total Unusual Items": null,
      "Total Unusual Items Excluding Goodwill": null,
      "Net Income From Continuing Operation Net Minority Interest": null,
      "Reconciled Depreciation": null,
      "Reconciled Cost Of Revenue": null,
      "EBITDA": null,
      "EBIT": null,
      "Net Interest Income": null,
      "Interest Expense": null,
      "Interest Income": null,
      "Normalized Income": null,
      "Net Income From Continuing And Discontinued Operation": null,
      "Total Expenses": null,
      "Total Operating Income As Reported": null,
      "Diluted Average Shares": 1220400000.0,
      "Basic Average Shares": 1220400000.0,
      "Diluted EPS": 6.4,
      "Basic EPS": 6.4,
      "Diluted NI Availto Com Stockholders": null,
      "Net Income Common Stockholders": null,
      "Net Income": null,
      "Minority Interests": null,
      "Net Income Including Noncontrolling Interests": null,
      "Net Income Discontinuous Operations": null,
      "Net Income Continuous Operations": null,
      "Earnings From Equity Interest Net Of Tax": null,
      "Tax Provision": null,
      "Pretax Income": null,
      "Other Income Expense": null,
      "Other Non Operating Income Expenses": null,
      "Special Income Charges": null,
      "Other Special Charges": null,
      "Impairment Of Capital Assets": null,
      "Restructuring And Mergern Acquisition": null,
      "Gain On Sale Of Security": null,
      "Net Non Operating Interest Income Expense": null,
      "Total Other Finance Cost": null,
      "Interest Expense Non Operating": null,
      "Interest Income Non Operating": null,
      "Operating Income": null,
      "Operating Expense": null,
      "Other Operating Expenses": null,
      "Depreciation Amortization Depletion Income Statement": null,
      "Depreciation And Amortization In Income Statement": null,
      "Amortization": null,
      "Amortization Of Intangibles Income Statement": null,
      "Research And Development": null,
      "Selling General And Administration": null,
      "Gross Profit": null,
      "Cost Of Revenue": null,
      "Total Revenue": null,
      "Operating Revenue": null
    },
    "2024-12-31T00:00:00": {
      "Tax Effect Of Unusual Items": -396720000.0,
      "Tax Rate For Calcs": 0.18,
      "Normalized EBITDA": 13237000000.0,
      "Total Unusual Items": -2204000000.0,
      "Total Unusual Items Excluding Goodwill": -2204000000.0,
      "Net Income From Continuing Operation Net Minority Interest": 5496000000.0,
      "Reconciled Depreciation": 3586000000.0,
      "Reconciled Cost Of Revenue": 11368000000.0,
      "EBITDA": 11033000000.0,
      "EBIT": 7447000000.0,
      "Net Interest Income": -560000000.0,
      "Interest Expense": 749000000.0,
      "Interest Income": 413000000.0,
      "Normalized Income": 7303280000.0,
      "Net Income From Continuing And Discontinued Operation": 5560000000.0,
      "Total Expenses": 34824000000.0,
      "Total Operating Income As Reported": 7252000000.0,
      "Diluted Average Shares": 1251400000.0,
      "Basic Average Shares": 1251400000.0,
      "Diluted EPS": 4.59,
      "Basic EPS": 4.59,
      "Diluted NI Availto Com Stockholders": 5560000000.0,
      "Net Income Common Stockholders": 5560000000.0,
      "Net Income": 5560000000.0,
      "Minority Interests": -58000000.0,
      "Net Income Including Noncontrolling Interests": 5618000000.0,
      "Net Income Discontinuous Operations": 64000000.0,
      "Net Income Continuous Operations": 5554000000.0,
      "Earnings From Equity Interest Net Of Tax": 60000000.0,
      "Tax Provision": 1204000000.0,
      "Pretax Income": 6698000000.0,
      "Other Income Expense": -2204000000.0,
      "Other Non Operating Income Expenses": null,
      "Special Income Charges": -2210000000.0,
      "Other Special Charges": 470000000.0,
      "Impairment Of Capital Assets": 248000000.0,
      "Restructuring And Mergern Acquisition": 1492000000.0,
      "Gain On Sale Of Security": 6000000.0,
      "Net Non Operating Interest Income Expense": -560000000.0,
      "Total Other Finance Cost": 224000000.0,
      "Interest Expense Non Operating": 749000000.0,
      "Interest Income Non Operating": 413000000.0,
      "Operating Income": 9462000000.0,
      "Operating Expense": 21619000000.0,
      "Other Operating Expenses": 3293000000.0,
      "Depreciation Amortization Depletion Income Statement": 1749000000.0,
      "Depreciation And Amortization In Income Statement": 1749000000.0,
      "Amortization": 1749000000.0,
      "Amortization Of Intangibles Income Statement": 1749000000.0,
      "Research And Development": 7394000000.0,
      "Selling General And Administration": 9183000000.0,
      "Gross Profit": 31081000000.0,
      "Cost Of Revenue": 13205000000.0,
      "Total Revenue": 44286000000.0,
      "Operating Revenue": 41081000000.0
    },
    "2023-12-31T00:00:00": {
      "Tax Effect Of Unusual Items": -361534000.0,
      "Tax Rate For Calcs": 0.163,
      "Normalized EBITDA": 13608000000.0,
      "Total Unusual Items": -2218000000.0,
      "Total Unusual Items Excluding Goodwill": -2218000000.0,
      "Net Income From Continuing Operation Net Minority Interest": 5062000000.0,
      "Reconciled Depreciation": 4429000000.0,
      "Reconciled Cost Of Revenue": 10110000000.0,
      "EBITDA": 11390000000.0,
      "EBIT": 6961000000.0,
      "Net Interest Income": -706000000.0,
      "Interest Expense": 710000000.0,
      "Interest Income": 527000000.0,
      "Normalized Income": 6918466000.0,
      "Net Income From Continuing And Discontinued Operation": 5400000000.0,
      "Total Expenses": 32443000000.0,
      "Total Operating Income As Reported": 6960000000.0,
      "Diluted Average Shares": 1251700000.0,
      "Basic Average Shares": 1251700000.0,
      "Diluted EPS": 4.31,
      "Basic EPS": 4.31,
      "Diluted NI Availto Com Stockholders": 5400000000.0,
      "Net Income Common Stockholders": 5400000000.0,
      "Net Income": 5400000000.0,
      "Minority Interests": -36000000.0,
      "Net Income Including Noncontrolling Interests": 5436000000.0,
      "Net Income Discontinuous Operations": 338000000.0,
      "Net Income Continuous Operations": 5098000000.0,
      "Earnings From Equity Interest Net Of Tax": -136000000.0,
      "Tax Provision": 1017000000.0,
      "Pretax Income": 6251000000.0,
      "Other Income Expense": -2218000000.0,
      "Other Non Operating Income Expenses": null,
      "Special Income Charges": -2215000000.0,
      "Other Special Charges": 196000000.0,
      "Impairment Of Capital Assets": 896000000.0,
      "Restructuring And Mergern Acquisition": 1123000000.0,
      "Gain On Sale Of Security": -3000000.0,
      "Net Non Operating Interest Income Expense": -706000000.0,
      "Total Other Finance Cost": 523000000.0,
      "Interest Expense Non Operating": 710000000.0,
      "Interest Income Non Operating": 527000000.0,
      "Operating Income": 9175000000.0,
      "Operating Expense": 19815000000.0,
      "Other Operating Expenses": 2464000000.0,
      "Depreciation Amortization Depletion Income Statement": 1911000000.0,
      "Depreciation And Amortization In Income Statement": 1911000000.0,
      "Amortization": 1911000000.0,
      "Amortization Of Intangibles Income Statement": 1911000000.0,
      "Research And Development": 6507000000.0,
      "Selling General And Administration": 8933000000.0,
      "Gross Profit": 28990000000.0,
      "Cost Of Revenue": 12628000000.0,
      "Total Revenue": 41618000000.0,
      "Operating Revenue": 37817000000.0
    },
    "2022-12-31T00:00:00": {
      "Tax Effect Of Unusual Items": -147072000.0,
      "Tax Rate For Calcs": 0.192,
      "Normalized EBITDA": 14276000000.0,
      "Total Unusual Items": -766000000.0,
      "Total Unusual Items Excluding Goodwill": -766000000.0,
      "Net Income From Continuing Operation Net Minority Interest": 7970000000.0,
      "Reconciled Depreciation": 3108000000.0,
      "Reconciled Cost Of Revenue": 10578000000.0,
      "EBITDA": 13510000000.0,
      "EBIT": 10402000000.0,
      "Net Interest Income": -223000000.0,
      "Interest Expense": 465000000.0,
      "Interest Income": 239000000.0,
      "Normalized Income": 8588928000.0,
      "Net Income From Continuing And Discontinued Operation": 8371000000.0,
      "Total Expenses": 29635000000.0,
      "Total Operating Income As Reported": 10162000000.0,
      "Diluted Average Shares": 1251900000.0,
      "Basic Average Shares": 1251900000.0,
      "Diluted EPS": 5.37,
      "Basic EPS": 5.37,
      "Diluted NI Availto Com Stockholders": 8371000000.0,
      "Net Income Common Stockholders": 8371000000.0,
      "Net Income": 8371000000.0,
      "Minority Interests": -113000000.0,
      "Net Income Including Noncontrolling Interests": 8484000000.0,
      "Net Income Discontinuous Operations": 401000000.0,
      "Net Income Continuous Operations": 8083000000.0,
      "Earnings From Equity Interest Net Of Tax": 55000000.0,
      "Tax Provision": 1909000000.0,
      "Pretax Income": 9937000000.0,
      "Other Income Expense": -766000000.0,
      "Other Non Operating Income Expenses": -370000000.0,
      "Special Income Charges": -764000000.0,
      "Other Special Charges": 143000000.0,
      "Impairment Of Capital Assets": -429000000.0,
      "Restructuring And Mergern Acquisition": 1050000000.0,
      "Gain On Sale Of Security": -2000000.0,
      "Net Non Operating Interest Income Expense": -223000000.0,
      "Total Other Finance Cost": -3000000.0,
      "Interest Expense Non Operating": 465000000.0,
      "Interest Income Non Operating": 239000000.0,
      "Operating Income": 10926000000.0,
      "Operating Expense": 17753000000.0,
      "Other Operating Expenses": 709000000.0,
      "Depreciation Amortization Depletion Income Statement": 1804000000.0,
      "Depreciation And Amortization In Income Statement": 1804000000.0,
      "Amortization": 1804000000.0,
      "Amortization Of Intangibles Income Statement": 1804000000.0,
      "Research And Development": 6501000000.0,
      "Selling General And Administration": 8739000000.0,
      "Gross Profit": 28679000000.0,
      "Cost Of Revenue": 11882000000.0,
      "Total Revenue": 40561000000.0,
      "Operating Revenue": 37651000000.0
    },
    "2021-12-31T00:00:00": {
      "Tax Effect Of Unusual Items": -195599127.981534,
      "Tax Rate For Calcs": 0.199795,
      "Normalized EBITDA": 12517000000.0,
      "Total Unusual Items": -979000000.0,
      "Total Unusual Items Excluding Goodwill": -979000000.0,
      "Net Income From Continuing Operation Net Minority Interest": 6223000000.0,
      "Reconciled Depreciation": 3351000000.0,
      "Reconciled Cost Of Revenue": 10484000000.0,
      "EBITDA": 11538000000.0,
      "EBIT": 8187000000.0,
      "Net Interest Income": -370000000.0,
      "Interest Expense": 389000000.0,
      "Interest Income": 3000000.0,
      "Normalized Income": 7006400872.018466,
      "Net Income From Continuing And Discontinued Operation": 6223000000.0,
      "Total Expenses": 30028000000.0,
      "Total Operating Income As Reported": 8126000000.0,
      "Diluted Average Shares": null,
      "Basic Average Shares": null,
      "Diluted EPS": null,
      "Basic EPS": null,
      "Diluted NI Availto Com Stockholders": 6223000000.0,
      "Net Income Common Stockholders": 6223000000.0,
      "Net Income": 6223000000.0,
      "Minority Interests": -56000000.0,
      "Net Income Including Noncontrolling Interests": 6279000000.0,
      "Net Income Discontinuous Operations": 0.0,
      "Net Income Continuous Operations": 6279000000.0,
      "Earnings From Equity Interest Net Of Tax": 39000000.0,
      "Tax Provision": 1558000000.0,
      "Pretax Income": 7798000000.0,
      "Other Income Expense": -979000000.0,
      "Other Non Operating Income Expenses": -5000000.0,
      "Special Income Charges": -1021000000.0,
      "Other Special Charges": 5000000.0,
      "Impairment Of Capital Assets": 192000000.0,
      "Restructuring And Mergern Acquisition": 824000000.0,
      "Gain On Sale Of Security": 42000000.0,
      "Net Non Operating Interest Income Expense": -370000000.0,
      "Total Other Finance Cost": -16000000.0,
      "Interest Expense Non Operating": 389000000.0,
      "Interest Income Non Operating": 3000000.0,
      "Operating Income": 9147000000.0,
      "Operating Expense": 17773000000.0,
      "Other Operating Expenses": 946000000.0,
      "Depreciation Amortization Depletion Income Statement": 1580000000.0,
      "Depreciation And Amortization In Income Statement": 1580000000.0,
      "Amortization": 1580000000.0,
      "Amortization Of Intangibles Income Statement": 1580000000.0,
      "Research And Development": 5692000000.0,
      "Selling General And Administration": 9555000000.0,
      "Gross Profit": 26920000000.0,
      "Cost Of Revenue": 12255000000.0,
      "Total Revenue": 39175000000.0,
      "Operating Revenue": 37761000000.0
    }
  },
  "quarterly_income": {
    "2025-12-31T00:00:00": {
      "Tax Effect Of Unusual Items": null,
      "Tax Rate For Calcs": null,
      "Normalized EBITDA": null,
      "Total Unusual Items": null,
      "Total Unusual Items Excluding Goodwill": null,
      "Net Income From Continuing Operation Net Minority Interest": null,
      "Reconciled Depreciation": null,
      "Reconciled Cost Of Revenue": null,
      "EBITDA": null,
      "EBIT": null,
      "Net Interest Income": null,
      "Interest Expense": null,
      "Interest Income": null,
      "Normalized Income": null,
      "Net Income From Continuing And Discontinued Operation": null,
      "Total Expenses": null,
      "Total Operating Income As Reported": null,
      "Diluted Average Shares": 1212700000.0,
      "Basic Average Shares": 1212700000.0,
      "Diluted EPS": -0.66,
      "Basic EPS": -0.66,
      "Diluted NI Availto Com Stockholders": null,
      "Net Income Common Stockholders": null,
      "Net Income": null,
      "Minority Interests": null,
      "Net Income Including Noncontrolling Interests": null,
      "Net Income Discontinuous Operations": null,
      "Net Income Continuous Operations": null,
      "Earnings From Equity Interest Net Of Tax": null,
      "Tax Provision": null,
      "Pretax Income": null,
      "Other Income Expense": null,
      "Special Income Charges": null,
      "Gain On Sale Of Business": null,
      "Other Special Charges": null,
      "Impairment Of Capital Assets": null,
      "Restructuring And Mergern Acquisition": null,
      "Net Non Operating Interest Income Expense": null,
      "Interest Expense Non Operating": null,
      "Interest Income Non Operating": null,
      "Operating Income": null,
      "Operating Expense": null,
      "Other Operating Expenses": null,
      "Depreciation Amortization Depletion Income Statement": null,
      "Depreciation And Amortization In Income Statement": null,
      "Amortization": null,
      "Amortization Of Intangibles Income Statement": null,
      "Research And Development": null,
      "Selling General And Administration": null,
      "Gross Profit": null,
      "Cost Of Revenue": null,
      "Total Revenue": null,
      "Operating Revenue": null
    },
    "2025-09-30T00:00:00": {
      "Tax Effect Of Unusual Items": -31073000.0,
      "Tax Rate For Calcs": 0.193,
      "Normalized EBITDA": 4359000000.0,
      "Total Unusual Items": -161000000.0,
      "Total Unusual Items Excluding Goodwill": -161000000.0,
      "Net Income From Continuing Operation Net Minority Interest": 2822000000.0,
      "Reconciled Depreciation": 461000000.0,
      "Reconciled Cost Of Revenue": 3412000000.0,
      "EBITDA": 4198000000.0,
      "EBIT": 3737000000.0,
      "Net Interest Income": -113000000.0,
      "Interest Expense": 227000000.0,
      "Interest Income": 114000000.0,
      "Normalized Income": 2951927000.0,
      "Net Income From Continuing And Discontinued Operation": 2802000000.0,
      "Total Expenses": 9385000000.0,
      "Total Operating Income As Reported": 3623000000.0,
      "Diluted Average Shares": null,
      "Basic Average Shares": null,
      "Diluted EPS": null,
      "Basic EPS": null,
      "Diluted NI Availto Com Stockholders": 2802000000.0,
      "Net Income Common Stockholders": 2802000000.0,
      "Net Income": 2802000000.0,
      "Minority Interests": -6000000.0,
      "Net Income Including Noncontrolling Interests": 2808000000.0,
      "Net Income Discontinuous Operations": -20000000.0,
      "Net Income Continuous Operations": 2828000000.0,
      "Earnings From Equity Interest Net Of Tax": -2000000.0,
      "Tax Provision": 680000000.0,
      "Pretax Income": 3510000000.0,
      "Other Income Expense": -161000000.0,
      "Special Income Charges": -161000000.0,
      "Gain On Sale Of Business": 85000000.0,
      "Other Special Charges": null,
      "Impairment Of Capital Assets": 18000000.0,
      "Restructuring And Mergern Acquisition": 228000000.0,
      "Net Non Operating Interest Income Expense": -113000000.0,
      "Interest Expense Non Operating": 227000000.0,
      "Interest Income Non Operating": 114000000.0,
      "Operating Income": 3785000000.0,
      "Operating Expense": 5973000000.0,
      "Other Operating Expenses": 1387000000.0,
      "Depreciation Amortization Depletion Income Statement": 461000000.0,
      "Depreciation And Amortization In Income Statement": 461000000.0,
      "Amortization": 461000000.0,
      "Amortization Of Intangibles Income Statement": 461000000.0,
      "Research And Development": 1834000000.0,
      "Selling General And Administration": 2291000000.0,
      "Gross Profit": 9758000000.0,
      "Cost Of Revenue": 3412000000.0,
      "Total Revenue": 13170000000.0,
      "Operating Revenue": 12434000000.0
    },
    "2025-06-30T00:00:00": {
      "Tax Effect Of Unusual Items": -38279494.382022,
      "Tax Rate For Calcs": 0.161517,
      "Normalized EBITDA": 2126000000.0,
      "Total Unusual Items": -237000000.0,
      "Total Unusual Items Excluding Goodwill": -237000000.0,
      "Net Income From Continuing Operation Net Minority Interest": 1233000000.0,
      "Reconciled Depreciation": 378000000.0,
      "Reconciled Cost Of Revenue": 2992000000.0,
      "EBITDA": 1889000000.0,
      "EBIT": 1511000000.0,
      "Net Interest Income": -51000000.0,
      "Interest Expense": 87000000.0,
      "Interest Income": 76000000.0,
      "Normalized Income": 1431720505.617978,
      "Net Income From Continuing And Discontinued Operation": 3940000000.0,
      "Total Expenses": 9023000000.0,
      "Total Operating Income As Reported": 1474000000.0,
      "Diluted Average Shares": null,
      "Basic Average Shares": null,
      "Diluted EPS": null,
      "Basic EPS": null,
      "Diluted NI Availto Com Stockholders": 3940000000.0,
      "Net Income Common Stockholders": 3940000000.0,
      "Net Income": 3940000000.0,
      "Minority Interests": -4000000.0,
      "Net Income Including Noncontrolling Interests": 3944000000.0,
      "Net Income Discontinuous Operations": 2707000000.0,
      "Net Income Continuous Operations": 1237000000.0,
      "Earnings From Equity Interest Net Of Tax": 43000000.0,
      "Tax Provision": 230000000.0,
      "Pretax Income": 1424000000.0,
      "Other Income Expense": -237000000.0,
      "Special Income Charges": -238000000.0,
      "Gain On Sale Of Business": null,
      "Other Special Charges": 20000000.0,
      "Impairment Of Capital Assets": 185000000.0,
      "Restructuring And Mergern Acquisition": 377000000.0,
      "Net Non Operating Interest Income Expense": -51000000.0,
      "Interest Expense Non Operating": 87000000.0,
      "Interest Income Non Operating": 76000000.0,
      "Operating Income": 1712000000.0,
      "Operating Expense": 6031000000.0,
      "Other Operating Expenses": 1114000000.0,
      "Depreciation Amortization Depletion Income Statement": 378000000.0,
      "Depreciation And Amortization In Income Statement": 378000000.0,
      "Amortization": 378000000.0,
      "Amortization Of Intangibles Income Statement": 378000000.0,
      "Research And Development": 1909000000.0,
      "Selling General And Administration": 2630000000.0,
      "Gross Profit": 7743000000.0,
      "Cost Of Revenue": 2992000000.0,
      "Total Revenue": 10735000000.0,
      "Operating Revenue": 9994000000.0
    },
    "2025-03-31T00:00:00": {
      "Tax Effect Of Unusual Items": -39248000.0,
      "Tax Rate For Calcs": 0.223,
      "Normalized EBITDA": 2946000000.0,
      "Total Unusual Items": -176000000.0,
      "Total Unusual Items Excluding Goodwill": -176000000.0,
      "Net Income From Continuing Operation Net Minority Interest": 1698000000.0,
      "Reconciled Depreciation": 399000000.0,
      "Reconciled Cost Of Revenue": 2889000000.0,
      "EBITDA": 2770000000.0,
      "EBIT": 2371000000.0,
      "Net Interest Income": -127000000.0,
      "Interest Expense": 213000000.0,
      "Interest Income": 86000000.0,
      "Normalized Income": 1834752000.0,
      "Net Income From Continuing And Discontinued Operation": 1872000000.0,
      "Total Expenses": 8145000000.0,
      "Total Operating Income As Reported": 2285000000.0,
      "Diluted Average Shares": 1233900000.0,
      "Basic Average Shares": 1233900000.0,
      "Diluted EPS": 1.52,
      "Basic EPS": 1.52,
      "Diluted NI Availto Com Stockholders": 1872000000.0,
      "Net Income Common Stockholders": 1872000000.0,
      "Net Income": 1872000000.0,
      "Minority Interests": -21000000.0,
      "Net Income Including Noncontrolling Interests": 1893000000.0,
      "Net Income Discontinuous Operations": 174000000.0,
      "Net Income Continuous Operations": 1719000000.0,
      "Earnings From Equity Interest Net Of Tax": 42000000.0,
      "Tax Provision": 481000000.0,
      "Pretax Income": 2158000000.0,
      "Other Income Expense": -176000000.0,
      "Special Income Charges": -176000000.0,
      "Gain On Sale Of Business": null,
      "Other Special Charges": 37000000.0,
      "Impairment Of Capital Assets": 25000000.0,
      "Restructuring And Mergern Acquisition": 114000000.0,
      "Net Non Operating Interest Income Expense": -127000000.0,
      "Interest Expense Non Operating": 213000000.0,
      "Interest Income Non Operating": 86000000.0,
      "Operating Income": 2461000000.0,
      "Operating Expense": 5256000000.0,
      "Other Operating Expenses": 827000000.0,
      "Depreciation Amortization Depletion Income Statement": 399000000.0,
      "Depreciation And Amortization In Income Statement": 399000000.0,
      "Amortization": 399000000.0,
      "Amortization Of Intangibles Income Statement": 399000000.0,
      "Research And Development": 1808000000.0,
      "Selling General And Administration": 2222000000.0,
      "Gross Profit": 7717000000.0,
      "Cost Of Revenue": 2889000000.0,
      "Total Revenue": 10606000000.0,
      "Operating Revenue": 9895000000.0
    },
    "2024-12-31T00:00:00": {
      "Tax Effect Of Unusual Items": -2473684.210526,
      "Tax Rate For Calcs": 0.008772,
      "Normalized EBITDA": 845000000.0,
      "Total Unusual Items": -282000000.0,
      "Total Unusual Items Excluding Goodwill": -282000000.0,
      "Net Income From Continuing Operation Net Minority Interest": 435000000.0,
      "Reconciled Depreciation": 209000000.0,
      "Reconciled Cost Of Revenue": 2271000000.0,
      "EBITDA": 563000000.0,
      "EBIT": 354000000.0,
      "Net Interest Income": -123000000.0,
      "Interest Expense": -102000000.0,
      "Interest Income": -1000000.0,
      "Normalized Income": 714526315.789474,
      "Net Income From Continuing And Discontinued Operation": 499000000.0,
      "Total Expenses": 6770000000.0,
      "Total Operating Income As Reported": 573000000.0,
      "Diluted Average Shares": 1253600000.0,
      "Basic Average Shares": 1253600000.0,
      "Diluted EPS": 0.54,
      "Basic EPS": 0.54,
      "Diluted NI Availto Com Stockholders": 499000000.0,
      "Net Income Common Stockholders": 499000000.0,
      "Net Income": 499000000.0,
      "Minority Interests": -12000000.0,
      "Net Income Including Noncontrolling Interests": 511000000.0,
      "Net Income Discontinuous Operations": null,
      "Net Income Continuous Operations": 447000000.0,
      "Earnings From Equity Interest Net Of Tax": -5000000.0,
      "Tax Provision": 4000000.0,
      "Pretax Income": 456000000.0,
      "Other Income Expense": -282000000.0,
      "Special Income Charges": -288000000.0,
      "Gain On Sale Of Business": null,
      "Other Special Charges": 18000000.0,
      "Impairment Of Capital Assets": 439000000.0,
      "Restructuring And Mergern Acquisition": -169000000.0,
      "Net Non Operating Interest Income Expense": -123000000.0,
      "Interest Expense Non Operating": -102000000.0,
      "Interest Income Non Operating": -1000000.0,
      "Operating Income": 861000000.0,
      "Operating Expense": 4499000000.0,
      "Other Operating Expenses": 929000000.0,
      "Depreciation Amortization Depletion Income Statement": 209000000.0,
      "Depreciation And Amortization In Income Statement": 209000000.0,
      "Amortization": 209000000.0,
      "Amortization Of Intangibles Income Statement": 209000000.0,
      "Research And Development": 2119000000.0,
      "Selling General And Administration": 1242000000.0,
      "Gross Profit": 5360000000.0,
      "Cost Of Revenue": 2271000000.0,
      "Total Revenue": 7631000000.0,
      "Operating Revenue": 6434000000.0
    },
    "2024-09-30T00:00:00": {
      "Tax Effect Of Unusual Items": -69400000.0,
      "Tax Rate For Calcs": 0.2,
      "Normalized EBITDA": 4418000000.0,
      "Total Unusual Items": -347000000.0,
      "Total Unusual Items Excluding Goodwill": -347000000.0,
      "Net Income From Continuing Operation Net Minority Interest": 2775000000.0,
      "Reconciled Depreciation": 401000000.0,
      "Reconciled Cost Of Revenue": 3663000000.0,
      "EBITDA": 4071000000.0,
      "EBIT": 3670000000.0,
      "Net Interest Income": -124000000.0,
      "Interest Expense": 255000000.0,
      "Interest Income": 131000000.0,
      "Normalized Income": 3052600000.0,
      "Net Income From Continuing And Discontinued Operation": 2815000000.0,
      "Total Expenses": 9091000000.0,
      "Total Operating Income As Reported": 3539000000.0,
      "Diluted Average Shares": 1253000000.0,
      "Basic Average Shares": 1253000000.0,
      "Diluted EPS": 2.25,
      "Basic EPS": 2.25,
      "Diluted NI Availto Com Stockholders": 2815000000.0,
      "Net Income Common Stockholders": 2815000000.0,
      "Net Income": 2815000000.0,
      "Minority Interests": -29000000.0,
      "Net Income Including Noncontrolling Interests": 2844000000.0,
      "Net Income Discontinuous Operations": null,
      "Net Income Continuous Operations": 2804000000.0,
      "Earnings From Equity Interest Net Of Tax": 73000000.0,
      "Tax Provision": 684000000.0,
      "Pretax Income": 3415000000.0,
      "Other Income Expense": -347000000.0,
      "Special Income Charges": -347000000.0,
      "Gain On Sale Of Business": null,
      "Other Special Charges": 15000000.0,
      "Impairment Of Capital Assets": 180000000.0,
      "Restructuring And Mergern Acquisition": 152000000.0,
      "Net Non Operating Interest Income Expense": -124000000.0,
      "Interest Expense Non Operating": 255000000.0,
      "Interest Income Non Operating": 131000000.0,
      "Operating Income": 3886000000.0,
      "Operating Expense": 5428000000.0,
      "Other Operating Expenses": 993000000.0,
      "Depreciation Amortization Depletion Income Statement": 401000000.0,
      "Depreciation And Amortization In Income Statement": 401000000.0,
      "Amortization": 401000000.0,
      "Amortization Of Intangibles Income Statement": 401000000.0,
      "Research And Development": 1802000000.0,
      "Selling General And Administration": 2232000000.0,
      "Gross Profit": 9314000000.0,
      "Cost Of Revenue": 3663000000.0,
      "Total Revenue": 12977000000.0,
      "Operating Revenue": 12157000000.0
    },
    "2024-06-30T00:00:00": {
      "Tax Effect Of Unusual Items": null,
      "Tax Rate For Calcs": null,
      "Normalized EBITDA": null,
      "Total Unusual Items": null,
      "Total Unusual Items Excluding Goodwill": null,
      "Net Income From Continuing Operation Net Minority Interest": null,
      "Reconciled Depreciation": null,
      "Reconciled Cost Of Revenue": null,
      "EBITDA": null,
      "EBIT": null,
      "Net Interest Income": null,
      "Interest Expense": null,
      "Interest Income": null,
      "Normalized Income": null,
      "Net Income From Continuing And Discontinued Operation": null,
      "Total Expenses": null,
      "Total Operating Income As Reported": null,
      "Diluted Average Shares": null,
      "Basic Average Shares": null,
      "Diluted EPS": null,
      "Basic EPS": null,
      "Diluted NI Availto Com Stockholders": null,
      "Net Income Common Stockholders": null,
      "Net Income": null,
      "Minority Interests": null,
      "Net Income Including Noncontrolling Interests": null,
      "Net Income Discontinuous Operations": null,
      "Net Income Continuous Operations": null,
      "Earnings From Equity Interest Net Of Tax": null,
      "Tax Provision": null,
      "Pretax Income": null,
      "Other Income Expense": null,
      "Special Income Charges": null,
      "Gain On Sale Of Business": null,
      "Other Special Charges": 363000000.0,
      "Impairment Of Capital Assets": null,
      "Restructuring And Mergern Acquisition": null,
      "Net Non Operating Interest Income Expense": null,
      "Interest Expense Non Operating": null,
      "Interest Income Non Operating": null,
      "Operating Income": null,
      "Operating Expense": null,
      "Other Operating Expenses": null,
      "Depreciation Amortization Depletion Income Statement": null,
      "Depreciation And Amortization In Income Statement": null,
      "Amortization": null,
      "Amortization Of Intangibles Income Statement": null,
      "Research And Development": null,
      "Selling General And Administration": null,
      "Gross Profit": null,
      "Cost Of Revenue": null,
      "Total Revenue": null,
      "Operating Revenue": null
    }
  },
  "balance_sheet": {
    "2024-12-31T00:00:00": {
      "Treasury Shares Number": 9531081.0,
      "Ordinary Shares Number": 1253591640.0,
      "Share Issued": 1263122721.0,
      "Net Debt": 8559000000.0,
      "Total Debt": 17906000000.0,
      "Tangible Book Value": 11494000000.0,
      "Invested Capital": 93507000000.0,
      "Working Capital": 13426000000.0,
      "Net Tangible Assets": 11494000000.0,
      "Capital Lease Obligations": 1906000000.0,
      "Common Stock Equity": 77507000000.0,
      "Total Capitalization": 89298000000.0,
      "Total Equity Gross Minority Interest": 77857000000.0,
      "Minority Interest": 350000000.0,
      "Stockholders Equity": 77507000000.0,
      "Other Equity Interest": 5260000000.0,
      "Gains Losses Not Affecting Retained Earnings": 70561000000.0,
      "Other Equity Adjustments": 70561000000.0,
      "Treasury Stock": 840000000.0,
      "Additional Paid In Capital": 0.0,
      "Capital Stock": 2526000000.0,
      "Common Stock": 2526000000.0,
      "Total Liabilities Net Minority Interest": 54941000000.0,
      "Total Non Current Liabilities Net Minority Interest": 25779000000.0,
      "Other Non Current Liabilities": 2903000000.0,
      "Tradeand Other Payables Non Current": 1512000000.0,
      "Non Current Deferred Liabilities": 2166000000.0,
      "Non Current Deferred Taxes Liabilities": 2166000000.0,
      "Long Term Debt And Capital Lease Obligation": 13436000000.0,
      "Long Term Capital Lease Obligation": 1645000000.0,
      "Long Term Debt": 11791000000.0,
      "Long Term Provisions": 5762000000.0,
      "Current Liabilities": 29162000000.0,
      "Other Current Liabilities": 12547000000.0,
      "Current Deferred Liabilities": 0.0,
      "Current Deferred Revenue": 0.0,
      "Current Debt And Capital Lease Obligation": 4470000000.0,
      "Current Capital Lease Obligation": 261000000.0,
      "Current Debt": 4209000000.0,
      "Other Current Borrowings": 4209000000.0,
      "Pensionand Other Post Retirement Benefit Plans Current": 1929000000.0,
      "Current Provisions": 653000000.0,
      "Payables And Accrued Expenses": 9563000000.0,
      "Payables": 9563000000.0,
      "Other Payable": 878000000.0,
      "Total Tax Payable": 1134000000.0,
      "Income Tax Payable": 697000000.0,
      "Accounts Payable": 7551000000.0,
      "Total Assets": 132798000000.0,
      "Total Non Current Assets": 90210000000.0,
      "Defined Pension Benefit": 156000000.0,
      "Non Current Prepaid Assets": 152000000.0,
      "Non Current Deferred Assets": 7967000000.0,
      "Non Current Deferred Taxes Assets": 7967000000.0,
      "Non Current Note Receivables": 502000000.0,
      "Non Current Accounts Receivable": 560000000.0,
      "Financial Assets": 0.0,
      "Investments And Advances": 3259000000.0,
      "Investmentin Financial Assets": 2943000000.0,
      "Available For Sale Securities": 1916000000.0,
      "Financial Assets Designatedas Fair Value Through Profitor Loss Total": 1027000000.0,
      "Long Term Equity Investment": 316000000.0,
      "Goodwill And Other Intangible Assets": 66013000000.0,
      "Other Intangible Assets": 22629000000.0,
      "Goodwill": 43384000000.0,
      "Net PPE": 11601000000.0,
      "Accumulated Depreciation": -15073000000.0,
      "Gross PPE": 26674000000.0,
      "Construction In Progress": 3573000000.0,
      "Other Properties": 2613000000.0,
      "Machinery Furniture Equipment": 12843000000.0,
      "Buildings And Improvements": 7444000000.0,
      "Land And Improvements": 201000000.0,
      "Properties": 0.0,
      "Current Assets": 42588000000.0,
      "Hedging Assets Current": 217000000.0,
      "Assets Held For Sale Current": 13489000000.0,
      "Prepaid Assets": 895000000.0,
      "Inventory": 9431000000.0,
      "Finished Goods": 2682000000.0,
      "Work In Process": 5296000000.0,
      "Raw Materials": 1453000000.0,
      "Receivables": 10629000000.0,
      "Other Receivables": 1446000000.0,
      "Taxes Receivable": 1506000000.0,
      "Accounts Receivable": 7677000000.0,
      "Allowance For Doubtful Accounts Receivable": -100000000.0,
      "Gross Accounts Receivable": 7777000000.0,
      "Cash Cash Equivalents And Short Term Investments": 7927000000.0,
      "Other Short Term Investments": 486000000.0,
      "Cash And Cash Equivalents": 7441000000.0,
      "Cash Equivalents": 6171000000.0,
      "Cash Financial": 1270000000.0
    },
    "2023-12-31T00:00:00": {
      "Treasury Shares Number": 13450388.0,
      "Ordinary Shares Number": 1251349581.0,
      "Share Issued": 1264799969.0,
      "Net Debt": 7682000000.0,
      "Total Debt": 18422000000.0,
      "Tangible Book Value": 317000000.0,
      "Invested Capital": 90432000000.0,
      "Working Capital": 6463000000.0,
      "Net Tangible Assets": 317000000.0,
      "Capital Lease Obligations": 2030000000.0,
      "Common Stock Equity": 74040000000.0,
      "Total Capitalization": 88387000000.0,
      "Total Equity Gross Minority Interest": 74353000000.0,
      "Minority Interest": 313000000.0,
      "Stockholders Equity": 74040000000.0,
      "Other Equity Interest": 4944000000.0,
      "Gains Losses Not Affecting Retained Earnings": 67437000000.0,
      "Other Equity Adjustments": 67437000000.0,
      "Treasury Stock": 1184000000.0,
      "Additional Paid In Capital": 313000000.0,
      "Capital Stock": 2530000000.0,
      "Common Stock": 2530000000.0,
      "Total Liabilities Net Minority Interest": 52111000000.0,
      "Total Non Current Liabilities Net Minority Interest": 27904000000.0,
      "Other Non Current Liabilities": 2841000000.0,
      "Tradeand Other Payables Non Current": 1842000000.0,
      "Non Current Deferred Liabilities": 1857000000.0,
      "Non Current Deferred Taxes Liabilities": 1857000000.0,
      "Long Term Debt And Capital Lease Obligation": 16102000000.0,
      "Long Term Capital Lease Obligation": 1755000000.0,
      "Long Term Debt": 14347000000.0,
      "Long Term Provisions": 5262000000.0,
      "Current Liabilities": 24207000000.0,
      "Other Current Liabilities": 9938000000.0,
      "Current Deferred Liabilities": 0.0,
      "Current Deferred Revenue": 0.0,
      "Current Debt And Capital Lease Obligation": 2320000000.0,
      "Current Capital Lease Obligation": 275000000.0,
      "Current Debt": 2045000000.0,
      "Other Current Borrowings": 2045000000.0,
      "Pensionand Other Post Retirement Benefit Plans Current": 2106000000.0,
      "Current Provisions": 578000000.0,
      "Payables And Accrued Expenses": 9265000000.0,
      "Payables": 9265000000.0,
      "Other Payable": 945000000.0,
      "Total Tax Payable": 992000000.0,
      "Income Tax Payable": 597000000.0,
      "Accounts Payable": 7328000000.0,
      "Total Assets": 126464000000.0,
      "Total Non Current Assets": 95794000000.0,
      "Defined Pension Benefit": 271000000.0,
      "Non Current Prepaid Assets": 114000000.0,
      "Non Current Deferred Assets": 6427000000.0,
      "Non Current Deferred Taxes Assets": 6427000000.0,
      "Non Current Note Receivables": 591000000.0,
      "Non Current Accounts Receivable": 188000000.0,
      "Financial Assets": 0.0,
      "Investments And Advances": 2666000000.0,
      "Investmentin Financial Assets": 2242000000.0,
      "Available For Sale Securities": 1434000000.0,
      "Financial Assets Designatedas Fair Value Through Profitor Loss Total": 808000000.0,
      "Long Term Equity Investment": 424000000.0,
      "Goodwill And Other Intangible Assets": 73723000000.0,
      "Other Intangible Assets": 24319000000.0,
      "Goodwill": 49404000000.0,
      "Net PPE": 11814000000.0,
      "Accumulated Depreciation": -15628000000.0,
      "Gross PPE": 27442000000.0,
      "Construction In Progress": 3449000000.0,
      "Other Properties": 2672000000.0,
      "Machinery Furniture Equipment": 13412000000.0,
      "Buildings And Improvements": 7681000000.0,
      "Land And Improvements": 228000000.0,
      "Properties": 0.0,
      "Current Assets": 30670000000.0,
      "Hedging Assets Current": 201000000.0,
      "Assets Held For Sale Current": 15000000.0,
      "Prepaid Assets": 768000000.0,
      "Inventory": 9666000000.0,
      "Finished Goods": 2800000000.0,
      "Work In Process": 5316000000.0,
      "Raw Materials": 1550000000.0,
      "Receivables": 11040000000.0,
      "Other Receivables": 1448000000.0,
      "Taxes Receivable": 1159000000.0,
      "Accounts Receivable": 8433000000.0,
      "Allowance For Doubtful Accounts Receivable": -95000000.0,
      "Gross Accounts Receivable": 8528000000.0,
      "Cash Cash Equivalents And Short Term Investments": 8980000000.0,
      "Other Short Term Investments": 270000000.0,
      "Cash And Cash Equivalents": 8710000000.0,
      "Cash Equivalents": 7249000000.0,
      "Cash Financial": 1461000000.0
    },
    "2022-12-31T00:00:00": {
      "Treasury Shares Number": 8200000.0,
      "Ordinary Shares Number": 1260835732.0,
      "Share Issued": 1269035732.0,
      "Net Debt": 6295000000.0,
      "Total Debt": 21212000000.0,
      "Tangible Book Value": 3252000000.0,
      "Invested Capital": 93815000000.0,
      "Working Capital": 10136000000.0,
      "Net Tangible Assets": 3252000000.0,
      "Capital Lease Obligations": 2181000000.0,
      "Common Stock Equity": 74784000000.0,
      "Total Capitalization": 89641000000.0,
      "Total Equity Gross Minority Interest": 75152000000.0,
      "Minority Interest": 368000000.0,
      "Stockholders Equity": 74784000000.0,
      "Other Equity Interest": 4658000000.0,
      "Gains Losses Not Affecting Retained Earnings": 68185000000.0,
      "Other Equity Adjustments": 68185000000.0,
      "Treasury Stock": 706000000.0,
      "Additional Paid In Capital": 125000000.0,
      "Capital Stock": 2522000000.0,
      "Common Stock": 2522000000.0,
      "Total Liabilities Net Minority Interest": 51570000000.0,
      "Total Non Current Liabilities Net Minority Interest": 27596000000.0,
      "Other Non Current Liabilities": 1193000000.0,
      "Tradeand Other Payables Non Current": 1979000000.0,
      "Non Current Deferred Liabilities": 1841000000.0,
      "Non Current Deferred Taxes Liabilities": 1841000000.0,
      "Long Term Debt And Capital Lease Obligation": 16761000000.0,
      "Long Term Capital Lease Obligation": 1904000000.0,
      "Long Term Debt": 14857000000.0,
      "Long Term Provisions": 5822000000.0,
      "Current Liabilities": 23974000000.0,
      "Other Current Liabilities": 8103000000.0,
      "Current Deferred Liabilities": 269000000.0,
      "Current Deferred Revenue": 269000000.0,
      "Current Debt And Capital Lease Obligation": 4451000000.0,
      "Current Capital Lease Obligation": 277000000.0,
      "Current Debt": 4174000000.0,
      "Other Current Borrowings": 4174000000.0,
      "Pensionand Other Post Retirement Benefit Plans Current": 2158000000.0,
      "Current Provisions": 472000000.0,
      "Payables And Accrued Expenses": 8521000000.0,
      "Payables": 8521000000.0,
      "Other Payable": 714000000.0,
      "Total Tax Payable": 994000000.0,
      "Income Tax Payable": 574000000.0,
      "Accounts Payable": 6813000000.0,
      "Total Assets": 126722000000.0,
      "Total Non Current Assets": 92611000000.0,
      "Defined Pension Benefit": 269000000.0,
      "Non Current Prepaid Assets": 286000000.0,
      "Non Current Deferred Assets": 5381000000.0,
      "Non Current Deferred Taxes Assets": 5381000000.0,
      "Non Current Note Receivables": 452000000.0,
      "Non Current Accounts Receivable": 242000000.0,
      "Financial Assets": 0.0,
      "Investments And Advances": 2765000000.0,
      "Investmentin Financial Assets": 2088000000.0,
      "Available For Sale Securities": 1265000000.0,
      "Financial Assets Designatedas Fair Value Through Profitor Loss Total": 823000000.0,
      "Long Term Equity Investment": 677000000.0,
      "Goodwill And Other Intangible Assets": 71532000000.0,
      "Other Intangible Assets": 21640000000.0,
      "Goodwill": 49892000000.0,
      "Net PPE": 11684000000.0,
      "Accumulated Depreciation": -15112000000.0,
      "Gross PPE": 26796000000.0,
      "Construction In Progress": 2996000000.0,
      "Other Properties": 2872000000.0,
      "Machinery Furniture Equipment": 13363000000.0,
      "Buildings And Improvements": 7328000000.0,
      "Land And Improvements": 237000000.0,
      "Properties": 0.0,
      "Current Assets": 34110000000.0,
      "Hedging Assets Current": 206000000.0,
      "Assets Held For Sale Current": 85000000.0,
      "Prepaid Assets": 714000000.0,
      "Inventory": 8960000000.0,
      "Finished Goods": 2501000000.0,
      "Work In Process": 4985000000.0,
      "Raw Materials": 1474000000.0,
      "Receivables": 10746000000.0,
      "Other Receivables": 1290000000.0,
      "Taxes Receivable": 1032000000.0,
      "Accounts Receivable": 8424000000.0,
      "Allowance For Doubtful Accounts Receivable": -113000000.0,
      "Gross Accounts Receivable": 8537000000.0,
      "Cash Cash Equivalents And Short Term Investments": 13399000000.0,
      "Other Short Term Investments": 663000000.0,
      "Cash And Cash Equivalents": 12736000000.0,
      "Cash Equivalents": 11351000000.0,
      "Cash Financial": 1385000000.0
    },
    "2021-12-31T00:00:00": {
      "Treasury Shares Number": 11020000.0,
      "Ordinary Shares Number": 1252540695.0,
      "Share Issued": 1263560695.0,
      "Net Debt": 10208000000.0,
      "Total Debt": 22414000000.0,
      "Tangible Book Value": -782000000.0,
      "Invested Capital": 88987000000.0,
      "Working Capital": 9358000000.0,
      "Net Tangible Assets": -782000000.0,
      "Capital Lease Obligations": 2108000000.0,
      "Common Stock Equity": 68681000000.0,
      "Total Capitalization": 85804000000.0,
      "Total Equity Gross Minority Interest": 69031000000.0,
      "Minority Interest": 350000000.0,
      "Stockholders Equity": 68681000000.0,
      "Other Equity Interest": 4405000000.0,
      "Gains Losses Not Affecting Retained Earnings": 62156000000.0,
      "Other Equity Adjustments": 62156000000.0,
      "Treasury Stock": 939000000.0,
      "Additional Paid In Capital": 532000000.0,
      "Capital Stock": 2527000000.0,
      "Common Stock": 2527000000.0,
      "Total Liabilities Net Minority Interest": 51211000000.0,
      "Total Non Current Liabilities Net Minority Interest": 29916000000.0,
      "Other Non Current Liabilities": 868000000.0,
      "Tradeand Other Payables Non Current": 2039000000.0,
      "Non Current Deferred Liabilities": 1617000000.0,
      "Non Current Deferred Taxes Liabilities": 1617000000.0,
      "Long Term Debt And Capital Lease Obligation": 18962000000.0,
      "Long Term Capital Lease Obligation": 1839000000.0,
      "Long Term Debt": 17123000000.0,
      "Long Term Provisions": 6430000000.0,
      "Current Liabilities": 21295000000.0,
      "Other Current Liabilities": 7328000000.0,
      "Current Deferred Liabilities": 319000000.0,
      "Current Deferred Revenue": 319000000.0,
      "Current Debt And Capital Lease Obligation": 3452000000.0,
      "Current Capital Lease Obligation": 269000000.0,
      "Current Debt": 3183000000.0,
      "Other Current Borrowings": 3183000000.0,
      "Pensionand Other Post Retirement Benefit Plans Current": 2126000000.0,
      "Current Provisions": 594000000.0,
      "Payables And Accrued Expenses": 7476000000.0,
      "Payables": 7476000000.0,
      "Other Payable": 559000000.0,
      "Total Tax Payable": 737000000.0,
      "Income Tax Payable": 309000000.0,
      "Accounts Payable": 6180000000.0,
      "Total Assets": 120242000000.0,
      "Total Non Current Assets": 89589000000.0,
      "Defined Pension Benefit": 408000000.0,
      "Non Current Prepaid Assets": 59000000.0,
      "Non Current Deferred Assets": 4598000000.0,
      "Non Current Deferred Taxes Assets": 4598000000.0,
      "Non Current Note Receivables": 485000000.0,
      "Non Current Accounts Receivable": 175000000.0,
      "Financial Assets": 3000000.0,
      "Investments And Advances": 2422000000.0,
      "Investmentin Financial Assets": 2172000000.0,
      "Available For Sale Securities": 1270000000.0,
      "Financial Assets Designatedas Fair Value Through Profitor Loss Total": 902000000.0,
      "Long Term Equity Investment": 250000000.0,
      "Goodwill And Other Intangible Assets": 69463000000.0,
      "Other Intangible Assets": 21407000000.0,
      "Goodwill": 48056000000.0,
      "Net PPE": 11976000000.0,
      "Accumulated Depreciation": -15579000000.0,
      "Gross PPE": 27555000000.0,
      "Construction In Progress": 3097000000.0,
      "Other Properties": 2745000000.0,
      "Machinery Furniture Equipment": 14303000000.0,
      "Buildings And Improvements": 7170000000.0,
      "Land And Improvements": 240000000.0,
      "Properties": 0.0,
      "Current Assets": 30653000000.0,
      "Hedging Assets Current": 295000000.0,
      "Assets Held For Sale Current": 89000000.0,
      "Prepaid Assets": 615000000.0,
      "Inventory": 8715000000.0,
      "Finished Goods": 2412000000.0,
      "Work In Process": 5025000000.0,
      "Raw Materials": 1278000000.0,
      "Receivables": 9787000000.0,
      "Other Receivables": 805000000.0,
      "Taxes Receivable": 1414000000.0,
      "Accounts Receivable": 7568000000.0,
      "Allowance For Doubtful Accounts Receivable": -137000000.0,
      "Gross Accounts Receivable": 7705000000.0,
      "Cash Cash Equivalents And Short Term Investments": 11152000000.0,
      "Other Short Term Investments": 1054000000.0,
      "Cash And Cash Equivalents": 10098000000.0,
      "Cash Equivalents": 8740000000.0,
      "Cash Financial": 1358000000.0
    }
  },
  "cashflow": {
    "2024-12-31T00:00:00": {
      "Free Cash Flow": 5886000000.0,
      "Repurchase Of Capital Stock": -302000000.0,
      "Repayment Of Debt": -953000000.0,
      "Issuance Of Debt": 0.0,
      "Issuance Of Capital Stock": 187000000.0,
      "Capital Expenditure": -3195000000.0,
      "Interest Paid Supplemental Data": 587000000.0,
      "Income Tax Paid Supplemental Data": 3291000000.0,
      "End Cash Position": 7441000000.0,
      "Beginning Cash Position": 8710000000.0,
      "Effect Of Exchange Rate Changes": -13000000.0,
      "Changes In Cash": -1256000000.0,
      "Other Cash Adjustment Inside Changein Cash": -167000000.0,
      "Financing Cash Flow": -5763000000.0,
      "Cash From Discontinued Financing Activities": -12000000.0,
      "Cash Flow From Continuing Financing Activities": -5751000000.0,
      "Net Other Financing Charges": -38000000.0,
      "Cash Dividends Paid": -4704000000.0,
      "Common Stock Dividend Paid": -4704000000.0,
      "Net Common Stock Issuance": -115000000.0,
      "Common Stock Payments": -302000000.0,
      "Common Stock Issuance": 187000000.0,
      "Net Issuance Payments Of Debt": -894000000.0,
      "Net Short Term Debt Issuance": 59000000.0,
      "Net Long Term Debt Issuance": -953000000.0,
      "Long Term Debt Payments": -953000000.0,
      "Long Term Debt Issuance": 0.0,
      "Investing Cash Flow": -4407000000.0,
      "Cash From Discontinued Investing Activities": -109000000.0,
      "Cash Flow From Continuing Investing Activities": -4298000000.0,
      "Net Other Investing Changes": -40000000.0,
      "Net Investment Purchase And Sale": null,
      "Purchase Of Investment": null,
      "Net Business Purchase And Sale": -2524000000.0,
      "Sale Of Business": 0.0,
      "Purchase Of Business": -2524000000.0,
      "Net PPE Purchase And Sale": -1734000000.0,
      "Sale Of PPE": 1461000000.0,
      "Purchase Of PPE": -3195000000.0,
      "Operating Cash Flow": 9081000000.0,
      "Cash From Discontinued Operating Activities": 474000000.0,
      "Cash Flow From Continuing Operating Activities": 8607000000.0,
      "Change In Working Capital": -615000000.0,
      "Change In Other Working Capital": -899000000.0,
      "Change In Payables And Accrued Expense": 789000000.0,
      "Change In Payable": 789000000.0,
      "Change In Account Payable": 789000000.0,
      "Change In Inventory": -477000000.0,
      "Change In Receivables": -28000000.0,
      "Changes In Account Receivables": -28000000.0,
      "Other Non Cash Items": 136000000.0,
      "Provisionand Write Offof Assets": 812000000.0,
      "Deferred Tax": -802000000.0,
      "Deferred Income Tax": -802000000.0,
      "Depreciation Amortization Depletion": 3586000000.0,
      "Depreciation And Amortization": 3586000000.0,
      "Depreciation": 3586000000.0,
      "Operating Gains Losses": -6000000.0,
      "Pension And Employee Benefit Expense": 278000000.0,
      "Earnings Losses From Equity Investments": 82000000.0,
      "Net Income From Continuing Operations": 5496000000.0
    },
    "2023-12-31T00:00:00": {
      "Free Cash Flow": 7352000000.0,
      "Repurchase Of Capital Stock": -593000000.0,
      "Repayment Of Debt": -3936000000.0,
      "Issuance Of Debt": 48000000.0,
      "Issuance Of Capital Stock": 195000000.0,
      "Capital Expenditure": -2906000000.0,
      "Interest Paid Supplemental Data": 559000000.0,
      "Income Tax Paid Supplemental Data": 2623000000.0,
      "End Cash Position": 8710000000.0,
      "Beginning Cash Position": 12736000000.0,
      "Effect Of Exchange Rate Changes": -32000000.0,
      "Changes In Cash": -3994000000.0,
      "Other Cash Adjustment Inside Changein Cash": 0.0,
      "Financing Cash Flow": -8052000000.0,
      "Cash From Discontinued Financing Activities": -4000000.0,
      "Cash Flow From Continuing Financing Activities": -8048000000.0,
      "Net Other Financing Charges": -59000000.0,
      "Cash Dividends Paid": -4454000000.0,
      "Common Stock Dividend Paid": -4454000000.0,
      "Net Common Stock Issuance": -398000000.0,
      "Common Stock Payments": -593000000.0,
      "Common Stock Issuance": 195000000.0,
      "Net Issuance Payments Of Debt": -3137000000.0,
      "Net Short Term Debt Issuance": 751000000.0,
      "Net Long Term Debt Issuance": -3888000000.0,
      "Long Term Debt Payments": -3936000000.0,
      "Long Term Debt Issuance": 48000000.0,
      "Investing Cash Flow": -6200000000.0,
      "Cash From Discontinued Investing Activities": -1250000000.0,
      "Cash Flow From Continuing Investing Activities": -4950000000.0,
      "Net Other Investing Changes": -224000000.0,
      "Net Investment Purchase And Sale": -134000000.0,
      "Purchase Of Investment": -134000000.0,
      "Net Business Purchase And Sale": -2627000000.0,
      "Sale Of Business": 42000000.0,
      "Purchase Of Business": -2669000000.0,
      "Net PPE Purchase And Sale": -2099000000.0,
      "Sale Of PPE": 807000000.0,
      "Purchase Of PPE": -2906000000.0,
      "Operating Cash Flow": 10258000000.0,
      "Cash From Discontinued Operating Activities": 987000000.0,
      "Cash Flow From Continuing Operating Activities": 9271000000.0,
      "Change In Working Capital": 413000000.0,
      "Change In Other Working Capital": 1493000000.0,
      "Change In Payables And Accrued Expense": 258000000.0,
      "Change In Payable": 258000000.0,
      "Change In Account Payable": 258000000.0,
      "Change In Inventory": -866000000.0,
      "Change In Receivables": -472000000.0,
      "Changes In Account Receivables": -472000000.0,
      "Other Non Cash Items": 306000000.0,
      "Provisionand Write Offof Assets": 105000000.0,
      "Deferred Tax": -1233000000.0,
      "Deferred Income Tax": -1233000000.0,
      "Depreciation Amortization Depletion": 4429000000.0,
      "Depreciation And Amortization": 4429000000.0,
      "Depreciation": 4429000000.0,
      "Operating Gains Losses": 189000000.0,
      "Pension And Employee Benefit Expense": 260000000.0,
      "Earnings Losses From Equity Investments": 293000000.0,
      "Net Income From Continuing Operations": 5062000000.0
    },
    "2022-12-31T00:00:00": {
      "Free Cash Flow": 8423000000.0,
      "Repurchase Of Capital Stock": -497000000.0,
      "Repayment Of Debt": -2998000000.0,
      "Issuance Of Debt": 1549000000.0,
      "Issuance Of Capital Stock": 188000000.0,
      "Capital Expenditure": -2103000000.0,
      "Interest Paid Supplemental Data": 380000000.0,
      "Income Tax Paid Supplemental Data": 2452000000.0,
      "End Cash Position": 12736000000.0,
      "Beginning Cash Position": 10098000000.0,
      "Effect Of Exchange Rate Changes": 8000000.0,
      "Changes In Cash": 2630000000.0,
      "Other Cash Adjustment Inside Changein Cash": 0.0,
      "Financing Cash Flow": -5821000000.0,
      "Cash From Discontinued Financing Activities": -14000000.0,
      "Cash Flow From Continuing Financing Activities": -5807000000.0,
      "Net Other Financing Charges": -97000000.0,
      "Cash Dividends Paid": -4168000000.0,
      "Common Stock Dividend Paid": -4168000000.0,
      "Net Common Stock Issuance": -309000000.0,
      "Common Stock Payments": -497000000.0,
      "Common Stock Issuance": 188000000.0,
      "Net Issuance Payments Of Debt": -1233000000.0,
      "Net Short Term Debt Issuance": 216000000.0,
      "Net Long Term Debt Issuance": -1449000000.0,
      "Long Term Debt Payments": -2998000000.0,
      "Long Term Debt Issuance": 1549000000.0,
      "Investing Cash Flow": -2075000000.0,
      "Cash From Discontinued Investing Activities": 42000000.0,
      "Cash Flow From Continuing Investing Activities": -2117000000.0,
      "Net Other Investing Changes": -14000000.0,
      "Net Investment Purchase And Sale": -488000000.0,
      "Purchase Of Investment": -488000000.0,
      "Net Business Purchase And Sale": -1340000000.0,
      "Sale Of Business": 134000000.0,
      "Purchase Of Business": -1474000000.0,
      "Net PPE Purchase And Sale": -763000000.0,
      "Sale Of PPE": 1340000000.0,
      "Purchase Of PPE": -2103000000.0,
      "Operating Cash Flow": 10526000000.0,
      "Cash From Discontinued Operating Activities": 888000000.0,
      "Cash Flow From Continuing Operating Activities": 9638000000.0,
      "Change In Working Capital": -794000000.0,
      "Change In Other Working Capital": 284000000.0,
      "Change In Payables And Accrued Expense": 340000000.0,
      "Change In Payable": 340000000.0,
      "Change In Account Payable": 340000000.0,
      "Change In Inventory": -918000000.0,
      "Change In Receivables": -500000000.0,
      "Changes In Account Receivables": -500000000.0,
      "Other Non Cash Items": 236000000.0,
      "Provisionand Write Offof Assets": 48000000.0,
      "Deferred Tax": -529000000.0,
      "Deferred Income Tax": -529000000.0,
      "Depreciation Amortization Depletion": 3108000000.0,
      "Depreciation And Amortization": 3108000000.0,
      "Depreciation": 3108000000.0,
      "Operating Gains Losses": -401000000.0,
      "Pension And Employee Benefit Expense": 234000000.0,
      "Earnings Losses From Equity Investments": -45000000.0,
      "Net Income From Continuing Operations": 7970000000.0
    },
    "2021-12-31T00:00:00": {
      "Free Cash Flow": 8479000000.0,
      "Repurchase Of Capital Stock": -382000000.0,
      "Repayment Of Debt": -2390000000.0,
      "Issuance Of Debt": 0.0,
      "Issuance Of Capital Stock": 186000000.0,
      "Capital Expenditure": -2043000000.0,
      "Interest Paid Supplemental Data": 334000000.0,
      "Income Tax Paid Supplemental Data": 1280000000.0,
      "End Cash Position": 10098000000.0,
      "Beginning Cash Position": 13915000000.0,
      "Effect Of Exchange Rate Changes": 15000000.0,
      "Changes In Cash": -3832000000.0,
      "Other Cash Adjustment Inside Changein Cash": null,
      "Financing Cash Flow": -7056000000.0,
      "Cash From Discontinued Financing Activities": null,
      "Cash Flow From Continuing Financing Activities": -7056000000.0,
      "Net Other Financing Charges": -48000000.0,
      "Cash Dividends Paid": -4008000000.0,
      "Common Stock Dividend Paid": -4008000000.0,
      "Net Common Stock Issuance": -196000000.0,
      "Common Stock Payments": -382000000.0,
      "Common Stock Issuance": 186000000.0,
      "Net Issuance Payments Of Debt": -2804000000.0,
      "Net Short Term Debt Issuance": -414000000.0,
      "Net Long Term Debt Issuance": -2390000000.0,
      "Long Term Debt Payments": -2390000000.0,
      "Long Term Debt Issuance": 0.0,
      "Investing Cash Flow": -7298000000.0,
      "Cash From Discontinued Investing Activities": 0.0,
      "Cash Flow From Continuing Investing Activities": -7298000000.0,
      "Net Other Investing Changes": -68000000.0,
      "Net Investment Purchase And Sale": -311000000.0,
      "Purchase Of Investment": -311000000.0,
      "Net Business Purchase And Sale": -5552000000.0,
      "Sale Of Business": 42000000.0,
      "Purchase Of Business": -5594000000.0,
      "Net PPE Purchase And Sale": -1367000000.0,
      "Sale Of PPE": 676000000.0,
      "Purchase Of PPE": -2043000000.0,
      "Operating Cash Flow": 10522000000.0,
      "Cash From Discontinued Operating Activities": null,
      "Cash Flow From Continuing Operating Activities": 10522000000.0,
      "Change In Working Capital": 1409000000.0,
      "Change In Other Working Capital": 1130000000.0,
      "Change In Payables And Accrued Expense": 451000000.0,
      "Change In Payable": 451000000.0,
      "Change In Account Payable": 451000000.0,
      "Change In Inventory": -357000000.0,
      "Change In Receivables": 185000000.0,
      "Changes In Account Receivables": 185000000.0,
      "Other Non Cash Items": 3000000.0,
      "Provisionand Write Offof Assets": -37000000.0,
      "Deferred Tax": -356000000.0,
      "Deferred Income Tax": -356000000.0,
      "Depreciation Amortization Depletion": 3351000000.0,
      "Depreciation And Amortization": 3351000000.0,
      "Depreciation": 3351000000.0,
      "Operating Gains Losses": -71000000.0,
      "Pension And Employee Benefit Expense": 244000000.0,
      "Earnings Losses From Equity Investments": -15000000.0,
      "Net Income From Continuing Operations": 6223000000.0
    }
  },
  "earnings_estimate": {
    "avg": {
      "0q": 1.76558,
      "+1q": 1.82864,
      "0y": 8.37813,
      "+1y": 8.91328
    },
    "low": {
      "0q": 1.58603,
      "+1q": 1.6047,
      "0y": 7.74866,
      "+1y": 8.16726
    },
    "high": {
      "0q": 1.87,
      "+1q": 1.99,
      "0y": 8.64435,
      "+1y": 9.9
    },
    "yearAgoEps": {
      "0q": 1.79,
      "+1q": 1.59,
      "0y": 7.83,
      "+1y": 8.37813
    },
    "numberOfAnalysts": {
      "0q": 5,
      "+1q": 4,
      "0y": 20,
      "+1y": 21
    },
    "growth": {
      "0q": -0.0136,
      "+1q": 0.15010001,
      "0y": 0.07,
      "+1y": 0.0639
    }
  },
  "revenue_estimate": {
    "avg": {
      "0q": 10021693250,
      "+1q": 10733957750,
      "0y": 46383889940,
      "+1y": 49278994800
    },
    "low": {
      "0q": 9871773000,
      "+1q": 10696831000,
      "0y": 45822000000,
      "+1y": 48039000000
    },
    "high": {
      "0q": 10134000000,
      "+1q": 10772000000,
      "0y": 47301000000,
      "+1y": 50922000000
    },
    "numberOfAnalysts": {
      "0q": 4,
      "+1q": 4,
      "0y": 9,
      "+1y": 10
    },
    "yearAgoRevenue": {
      "0q": 9895000000,
      "+1q": 9994000000,
      "0y": 43626000000,
      "+1y": 46383889940
    },
    "growth": {
      "0q": 0.0128,
      "+1q": 0.074,
      "0y": 0.063200004,
      "+1y": 0.0624
    }
  },
  "growth_estimates": {
    "stockTrend": {
      "0q": -0.0136,
      "+1q": 0.15010001,
      "0y": 0.07,
      "+1y": 0.0639,
      "LTG": null
    },
    "indexTrend": {
      "0q": 0.1273,
      "+1q": 0.103599995,
      "0y": 0.14310001,
      "+1y": 0.1557,
      "LTG": 0.122
    }
  },
  "revenue_forecasts": null,
  "dividend_rate": 3.92,
  "trailing_dividend_rate": 4.12
}