{
  "ticker": "SAP.DE",
  "name": "SAP",
  "country": "germany",
  "currency": "EUR",
  "last_fetched": "2026-02-26T20:47:08.264120",
  "market_cap": 200568143872,
  "revenue": 36800000000,
  "net_income": 7327000064,
  "pe_ratio": 27.59936,
  "forward_pe": 20.199675,
  "dividend_yield": 1.5,
  "profit_margin": 0.1991,
  "roe": 0.16457,
  "debt_to_equity": 17.84,
  "beta": 0.706,
  "ev_to_ebitda": 16.476,
  "sector": "Technology",
  "industry": "Software - Application",
  "summary": "SAP SE, together with its subsidiaries, provides enterprise application and business solutions worldwide. It offers SAP S/4HANA that provides software capabilities for finance, risk and project management, procurement, manufacturing, supply chain and asset management, and research and development; SAP SuccessFactors solutions for human resources, including HR, time, payroll, talent and employee experience management, and analytics and planning; and spend management solutions that covers direct and indirect spend, travel and expense, and external workforce management. The company also provides SAP customer experience solutions; SAP Business Technology platform that enables customers and partners to build, integrate, and automate applications; and SAP Business Network, a business-to-business collaboration platform that helps digitalize key business processes across the supply chain and enables communication between trading partners. In addition, it offers SAP Signavio to help customers to discover, analyze, and understand their business process operations; industry solutions that provides customers and partners with industry-specific solutions; and SAP LeanIX to visualize their as-is enterprise architecture, assess interdependencies and the potential impact of IT modernization, and manage the transition toward the target landscape with established practices and a detailed roadmap. Further, the company provides WalkMe to execute workflows across various number of applications; SAP Enable Now, which offers e-learning content embedded in SAP workflows; Taulia solutions for working capital management to help businesses create and deliver the right cash flow strategy, and the flexibility to adjust it to meet liquidity challenges; and sustainability solutions and services. Additionally, it provides services and support solutions. SAP SE was founded in 1972 and is headquartered in Walldorf, Germany.",
  "website": "https://www.sap.com",
  "employees": 110650,
  "target_high": 315.0,
  "target_low": 187.0,
  "target_mean": 252.11893,
  "target_median": 256.5,
  "recommendation": "buy",
  "num_analysts": 28,
  "income_stmt": {
    "2024-12-31T00:00:00": {
      "Tax Effect Of Unusual Items": -1155312000.0,
      "Tax Rate For Calcs": 0.339,
      "Normalized EBITDA": 10483000000.0,
      "Total Unusual Items": -3408000000.0,
      "Total Unusual Items Excluding Goodwill": -3408000000.0,
      "Net Income From Continuing Operation Net Minority Interest": 3124000000.0,
      "Reconciled Depreciation": 1280000000.0,
      "Reconciled Cost Of Revenue": 9243000000.0,
      "EBITDA": 7075000000.0,
      "EBIT": 5795000000.0,
      "Net Interest Income": 398000000.0,
      "Interest Expense": 1031000000.0,
      "Interest Income": 1429000000.0,
      "Normalized Income": 5376688000.0,
      "Net Income From Continuing And Discontinued Operation": 3124000000.0,
      "Total Expenses": 26367000000.0,
      "Total Operating Income As Reported": 4665000000.0,
      "Diluted Average Shares": 1180000000.0,
      "Basic Average Shares": 1166000000.0,
      "Diluted EPS": 2.65,
      "Basic EPS": 2.68,
      "Diluted NI Availto Com Stockholders": 3124000000.0,
      "Net Income Common Stockholders": 3124000000.0,
      "Net Income": 3124000000.0,
      "Minority Interests": -26000000.0,
      "Net Income Including Noncontrolling Interests": 3150000000.0,
      "Net Income Discontinuous Operations": 0.0,
      "Net Income Continuous Operations": 3150000000.0,
      "Tax Provision": 1614000000.0,
      "Pretax Income": 4764000000.0,
      "Other Income Expense": -3442000000.0,
      "Other Non Operating Income Expenses": -34000000.0,
      "Special Income Charges": -3162000000.0,
      "Gain On Sale Of Business": -18000000.0,
      "Restructuring And Mergern Acquisition": 3144000000.0,
      "Gain On Sale Of Security": -246000000.0,
      "Net Non Operating Interest Income Expense": 398000000.0,
      "Total Other Finance Cost": 241000000.0,
      "Interest Expense Non Operating": 1031000000.0,
      "Interest Income Non Operating": 1429000000.0,
      "Operating Income": 7808000000.0,
      "Operating Expense": 17124000000.0,
      "Other Operating Expenses": 85000000.0,
      "Research And Development": 6514000000.0,
      "Selling General And Administration": 10525000000.0,
      "Selling And Marketing Expense": 9090000000.0,
      "General And Administrative Expense": 1435000000.0,
      "Other Gand A": 1435000000.0,
      "Gross Profit": 24932000000.0,
      "Cost Of Revenue": 9243000000.0,
      "Total Revenue": 34176000000.0,
      "Operating Revenue": 34176000000.0
    },
    "2023-12-31T00:00:00": {
      "Tax Effect Of Unusual Items": -59006000.0,
      "Tax Rate For Calcs": 0.326,
      "Normalized EBITDA": 8208000000.0,
      "Total Unusual Items": -181000000.0,
      "Total Unusual Items Excluding Goodwill": -181000000.0,
      "Net Income From Continuing Operation Net Minority Interest": 3776000000.0,
      "Reconciled Depreciation": 1373000000.0,
      "Reconciled Cost Of Revenue": 8674000000.0,
      "EBITDA": 8027000000.0,
      "EBIT": 6654000000.0,
      "Net Interest Income": -456000000.0,
      "Interest Expense": 1313000000.0,
      "Interest Income": 857000000.0,
      "Normalized Income": 3897994000.0,
      "Net Income From Continuing And Discontinued Operation": 6139000000.0,
      "Total Expenses": 25194000000.0,
      "Total Operating Income As Reported": 5799000000.0,
      "Diluted Average Shares": 1180000000.0,
      "Basic Average Shares": 1167000000.0,
      "Diluted EPS": 5.17,
      "Basic EPS": 5.23,
      "Diluted NI Availto Com Stockholders": 6139000000.0,
      "Net Income Common Stockholders": 6139000000.0,
      "Net Income": 6139000000.0,
      "Minority Interests": 175000000.0,
      "Net Income Including Noncontrolling Interests": 5963000000.0,
      "Net Income Discontinuous Operations": 2363000000.0,
      "Net Income Continuous Operations": 3600000000.0,
      "Tax Provision": 1741000000.0,
      "Pretax Income": 5341000000.0,
      "Other Income Expense": -217000000.0,
      "Other Non Operating Income Expenses": -36000000.0,
      "Special Income Charges": -227000000.0,
      "Gain On Sale Of Business": -12000000.0,
      "Restructuring And Mergern Acquisition": 215000000.0,
      "Gain On Sale Of Security": 46000000.0,
      "Net Non Operating Interest Income Expense": -456000000.0,
      "Total Other Finance Cost": 345000000.0,
      "Interest Expense Non Operating": 1313000000.0,
      "Interest Income Non Operating": 857000000.0,
      "Operating Income": 6014000000.0,
      "Operating Expense": 16520000000.0,
      "Other Operating Expenses": 4000000.0,
      "Research And Development": 6324000000.0,
      "Selling General And Administration": 10192000000.0,
      "Selling And Marketing Expense": 8828000000.0,
      "General And Administrative Expense": 1364000000.0,
      "Other Gand A": 1364000000.0,
      "Gross Profit": 22534000000.0,
      "Cost Of Revenue": 8674000000.0,
      "Total Revenue": 31207000000.0,
      "Operating Revenue": 31207000000.0
    },
    "2022-12-31T00:00:00": {
      "Tax Effect Of Unusual Items": -33963217.372036,
      "Tax Rate For Calcs": 0.320408,
      "Normalized EBITDA": 8388000000.0,
      "Total Unusual Items": -106000000.0,
      "Total Unusual Items Excluding Goodwill": -106000000.0,
      "Net Income From Continuing Operation Net Minority Interest": 3643000000.0,
      "Reconciled Depreciation": 1569000000.0,
      "Reconciled Cost Of Revenue": 8038000000.0,
      "EBITDA": 8282000000.0,
      "EBIT": 6713000000.0,
      "Net Interest Income": -1389000000.0,
      "Interest Expense": 2200000000.0,
      "Interest Income": 811000000.0,
      "Normalized Income": 3715036782.627964,
      "Net Income From Continuing And Discontinued Operation": 2284000000.0,
      "Total Expenses": 23469000000.0,
      "Total Operating Income As Reported": 5914000000.0,
      "Diluted Average Shares": 1175000000.0,
      "Basic Average Shares": 1170000000.0,
      "Diluted EPS": 1.95,
      "Basic EPS": 1.96,
      "Diluted NI Availto Com Stockholders": 2284000000.0,
      "Net Income Common Stockholders": 2284000000.0,
      "Net Income": 2284000000.0,
      "Minority Interests": 576000000.0,
      "Net Income Including Noncontrolling Interests": 1709000000.0,
      "Net Income Discontinuous Operations": -1359000000.0,
      "Net Income Continuous Operations": 3068000000.0,
      "Tax Provision": 1446000000.0,
      "Pretax Income": 4513000000.0,
      "Other Income Expense": -149000000.0,
      "Other Non Operating Income Expenses": -43000000.0,
      "Special Income Charges": 38000000.0,
      "Gain On Sale Of Business": 176000000.0,
      "Restructuring And Mergern Acquisition": 138000000.0,
      "Gain On Sale Of Security": -144000000.0,
      "Net Non Operating Interest Income Expense": -1389000000.0,
      "Total Other Finance Cost": 143000000.0,
      "Interest Expense Non Operating": 2200000000.0,
      "Interest Income Non Operating": 811000000.0,
      "Operating Income": 6051000000.0,
      "Operating Expense": 15431000000.0,
      "Other Operating Expenses": 116000000.0,
      "Research And Development": 6080000000.0,
      "Selling General And Administration": 9235000000.0,
      "Selling And Marketing Expense": 7946000000.0,
      "General And Administrative Expense": 1289000000.0,
      "Other Gand A": 1289000000.0,
      "Gross Profit": 21482000000.0,
      "Cost Of Revenue": 8038000000.0,
      "Total Revenue": 29519000000.0,
      "Operating Revenue": 29519000000.0
    },
    "2021-12-31T00:00:00": {
      "Tax Effect Of Unusual Items": -20963198.118754,
      "Tax Rate For Calcs": 0.197766,
      "Normalized EBITDA": 11093000000.0,
      "Total Unusual Items": -106000000.0,
      "Total Unusual Items Excluding Goodwill": -106000000.0,
      "Net Income From Continuing Operation Net Minority Interest": 6703000000.0,
      "Reconciled Depreciation": 1537000000.0,
      "Reconciled Cost Of Revenue": 7219000000.0,
      "EBITDA": 10987000000.0,
      "EBIT": 9450000000.0,
      "Net Interest Income": 2178000000.0,
      "Interest Expense": 945000000.0,
      "Interest Income": 3123000000.0,
      "Normalized Income": 6788036801.881246,
      "Net Income From Continuing And Discontinued Operation": 5256000000.0,
      "Total Expenses": 20488000000.0,
      "Total Operating Income As Reported": 6308000000.0,
      "Diluted Average Shares": 1179579340.0,
      "Basic Average Shares": 1179579340.0,
      "Diluted EPS": 4.560948,
      "Basic EPS": 4.560948,
      "Diluted NI Availto Com Stockholders": 5256000000.0,
      "Net Income Common Stockholders": 5256000000.0,
      "Net Income": 5256000000.0,
      "Minority Interests": -121000000.0,
      "Net Income Including Noncontrolling Interests": 5377000000.0,
      "Net Income Discontinuous Operations": -1447000000.0,
      "Net Income Continuous Operations": 6824000000.0,
      "Tax Provision": 1682000000.0,
      "Pretax Income": 8505000000.0,
      "Other Income Expense": -138000000.0,
      "Other Non Operating Income Expenses": -32000000.0,
      "Special Income Charges": -157000000.0,
      "Gain On Sale Of Business": null,
      "Restructuring And Mergern Acquisition": 157000000.0,
      "Gain On Sale Of Security": 51000000.0,
      "Net Non Operating Interest Income Expense": 2178000000.0,
      "Total Other Finance Cost": null,
      "Interest Expense Non Operating": 945000000.0,
      "Interest Income Non Operating": 3123000000.0,
      "Operating Income": 6465000000.0,
      "Operating Expense": 13269000000.0,
      "Other Operating Expenses": -44000000.0,
      "Research And Development": 5270000000.0,
      "Selling General And Administration": 8043000000.0,
      "Selling And Marketing Expense": 6856000000.0,
      "General And Administrative Expense": 1187000000.0,
      "Other Gand A": 1187000000.0,
      "Gross Profit": 19734000000.0,
      "Cost Of Revenue": 7219000000.0,
      "Total Revenue": 26953000000.0,
      "Operating Revenue": 26953000000.0
    }
  },
  "quarterly_income": {
    "2025-12-31T00:00:00": {
      "Tax Effect Of Unusual Items": null,
      "Tax Rate For Calcs": null,
      "Normalized EBITDA": null,
      "Total Unusual Items": null,
      "Total Unusual Items Excluding Goodwill": null,
      "Net Income From Continuing Operation Net Minority Interest": null,
      "Reconciled Depreciation": null,
      "Reconciled Cost Of Revenue": null,
      "EBITDA": null,
      "EBIT": null,
      "Net Interest Income": null,
      "Interest Expense": null,
      "Interest Income": null,
      "Normalized Income": null,
      "Net Income From Continuing And Discontinued Operation": null,
      "Total Expenses": null,
      "Total Operating Income As Reported": null,
      "Diluted Average Shares": 1172000000.0,
      "Basic Average Shares": 1166000000.0,
      "Diluted EPS": 1.57,
      "Basic EPS": 1.58,
      "Diluted NI Availto Com Stockholders": null,
      "Net Income Common Stockholders": null,
      "Net Income": null,
      "Minority Interests": null,
      "Net Income Including Noncontrolling Interests": null,
      "Net Income Discontinuous Operations": null,
      "Net Income Continuous Operations": null,
      "Tax Provision": null,
      "Pretax Income": null,
      "Other Income Expense": null,
      "Other Non Operating Income Expenses": null,
      "Special Income Charges": null,
      "Restructuring And Mergern Acquisition": null,
      "Net Non Operating Interest Income Expense": null,
      "Interest Expense Non Operating": null,
      "Interest Income Non Operating": null,
      "Operating Income": null,
      "Operating Expense": null,
      "Other Operating Expenses": null,
      "Research And Development": null,
      "Selling General And Administration": null,
      "Selling And Marketing Expense": null,
      "General And Administrative Expense": null,
      "Other Gand A": null,
      "Gross Profit": null,
      "Cost Of Revenue": null,
      "Total Revenue": null,
      "Operating Revenue": null
    },
    "2025-09-30T00:00:00": {
      "Tax Effect Of Unusual Items": 4554000.0,
      "Tax Rate For Calcs": 0.253,
      "Normalized EBITDA": 3357000000.0,
      "Total Unusual Items": 18000000.0,
      "Total Unusual Items Excluding Goodwill": 18000000.0,
      "Net Income From Continuing Operation Net Minority Interest": 2004000000.0,
      "Reconciled Depreciation": 318000000.0,
      "Reconciled Cost Of Revenue": 2405000000.0,
      "EBITDA": 3375000000.0,
      "EBIT": 3057000000.0,
      "Net Interest Income": 212000000.0,
      "Interest Expense": 312000000.0,
      "Interest Income": 524000000.0,
      "Normalized Income": 1990554000.0,
      "Net Income From Continuing And Discontinued Operation": 2004000000.0,
      "Total Expenses": 6606000000.0,
      "Total Operating Income As Reported": 2487000000.0,
      "Diluted Average Shares": null,
      "Basic Average Shares": null,
      "Diluted EPS": null,
      "Basic EPS": null,
      "Diluted NI Availto Com Stockholders": 2004000000.0,
      "Net Income Common Stockholders": 2004000000.0,
      "Net Income": 2004000000.0,
      "Minority Interests": -47000000.0,
      "Net Income Including Noncontrolling Interests": 2051000000.0,
      "Net Income Discontinuous Operations": null,
      "Net Income Continuous Operations": 2051000000.0,
      "Tax Provision": 694000000.0,
      "Pretax Income": 2745000000.0,
      "Other Income Expense": 64000000.0,
      "Other Non Operating Income Expenses": 46000000.0,
      "Special Income Charges": 18000000.0,
      "Restructuring And Mergern Acquisition": -18000000.0,
      "Net Non Operating Interest Income Expense": 212000000.0,
      "Interest Expense Non Operating": 312000000.0,
      "Interest Income Non Operating": 524000000.0,
      "Operating Income": 2470000000.0,
      "Operating Expense": 4201000000.0,
      "Other Operating Expenses": 8000000.0,
      "Research And Development": 1644000000.0,
      "Selling General And Administration": 2549000000.0,
      "Selling And Marketing Expense": 2185000000.0,
      "General And Administrative Expense": 364000000.0,
      "Other Gand A": 364000000.0,
      "Gross Profit": 6671000000.0,
      "Cost Of Revenue": 2405000000.0,
      "Total Revenue": 9076000000.0,
      "Operating Revenue": 9076000000.0
    },
    "2025-06-30T00:00:00": {
      "Tax Effect Of Unusual Items": -5418000.0,
      "Tax Rate For Calcs": 0.301,
      "Normalized EBITDA": 3107000000.0,
      "Total Unusual Items": -18000000.0,
      "Total Unusual Items Excluding Goodwill": -18000000.0,
      "Net Income From Continuing Operation Net Minority Interest": 1697000000.0,
      "Reconciled Depreciation": 319000000.0,
      "Reconciled Cost Of Revenue": 2407000000.0,
      "EBITDA": 3089000000.0,
      "EBIT": 2770000000.0,
      "Net Interest Income": 49000000.0,
      "Interest Expense": 268000000.0,
      "Interest Income": 317000000.0,
      "Normalized Income": 1709582000.0,
      "Net Income From Continuing And Discontinued Operation": 1697000000.0,
      "Total Expenses": 6553000000.0,
      "Total Operating Income As Reported": 2456000000.0,
      "Diluted Average Shares": 1175000000.0,
      "Basic Average Shares": 1166000000.0,
      "Diluted EPS": 1.44,
      "Basic EPS": 1.45,
      "Diluted NI Availto Com Stockholders": 1697000000.0,
      "Net Income Common Stockholders": 1697000000.0,
      "Net Income": 1697000000.0,
      "Minority Interests": -52000000.0,
      "Net Income Including Noncontrolling Interests": 1749000000.0,
      "Net Income Discontinuous Operations": null,
      "Net Income Continuous Operations": 1749000000.0,
      "Tax Provision": 753000000.0,
      "Pretax Income": 2502000000.0,
      "Other Income Expense": -21000000.0,
      "Other Non Operating Income Expenses": -3000000.0,
      "Special Income Charges": -18000000.0,
      "Restructuring And Mergern Acquisition": 18000000.0,
      "Net Non Operating Interest Income Expense": 49000000.0,
      "Interest Expense Non Operating": 268000000.0,
      "Interest Income Non Operating": 317000000.0,
      "Operating Income": 2474000000.0,
      "Operating Expense": 4146000000.0,
      "Other Operating Expenses": 11000000.0,
      "Research And Development": 1618000000.0,
      "Selling General And Administration": 2517000000.0,
      "Selling And Marketing Expense": 2156000000.0,
      "General And Administrative Expense": 361000000.0,
      "Other Gand A": 361000000.0,
      "Gross Profit": 6620000000.0,
      "Cost Of Revenue": 2407000000.0,
      "Total Revenue": 9027000000.0,
      "Operating Revenue": 9027000000.0
    },
    "2025-03-31T00:00:00": {
      "Tax Effect Of Unusual Items": 0.0,
      "Tax Rate For Calcs": 0.272,
      "Normalized EBITDA": 3097000000.0,
      "Total Unusual Items": 0.0,
      "Total Unusual Items Excluding Goodwill": 0.0,
      "Net Income From Continuing Operation Net Minority Interest": 1780000000.0,
      "Reconciled Depreciation": 349000000.0,
      "Reconciled Cost Of Revenue": 2406000000.0,
      "EBITDA": 3097000000.0,
      "EBIT": 2748000000.0,
      "Net Interest Income": 125000000.0,
      "Interest Expense": 280000000.0,
      "Interest Income": 405000000.0,
      "Normalized Income": 1780000000.0,
      "Net Income From Continuing And Discontinued Operation": 1780000000.0,
      "Total Expenses": 6680000000.0,
      "Total Operating Income As Reported": 2333000000.0,
      "Diluted Average Shares": 1177000000.0,
      "Basic Average Shares": 1167000000.0,
      "Diluted EPS": 1.51,
      "Basic EPS": 1.52,
      "Diluted NI Availto Com Stockholders": 1780000000.0,
      "Net Income Common Stockholders": 1780000000.0,
      "Net Income": 1780000000.0,
      "Minority Interests": -16000000.0,
      "Net Income Including Noncontrolling Interests": 1796000000.0,
      "Net Income Discontinuous Operations": null,
      "Net Income Continuous Operations": 1796000000.0,
      "Tax Provision": 672000000.0,
      "Pretax Income": 2468000000.0,
      "Other Income Expense": 10000000.0,
      "Other Non Operating Income Expenses": 10000000.0,
      "Special Income Charges": 0.0,
      "Restructuring And Mergern Acquisition": 0.0,
      "Net Non Operating Interest Income Expense": 125000000.0,
      "Interest Expense Non Operating": 280000000.0,
      "Interest Income Non Operating": 405000000.0,
      "Operating Income": 2333000000.0,
      "Operating Expense": 4274000000.0,
      "Other Operating Expenses": 8000000.0,
      "Research And Development": 1673000000.0,
      "Selling General And Administration": 2593000000.0,
      "Selling And Marketing Expense": 2235000000.0,
      "General And Administrative Expense": 358000000.0,
      "Other Gand A": 358000000.0,
      "Gross Profit": 6607000000.0,
      "Cost Of Revenue": 2406000000.0,
      "Total Revenue": 9013000000.0,
      "Operating Revenue": 9013000000.0
    },
    "2024-12-31T00:00:00": {
      "Tax Effect Of Unusual Items": -157189397.371998,
      "Tax Rate For Calcs": 0.267784,
      "Normalized EBITDA": 3436000000.0,
      "Total Unusual Items": -587000000.0,
      "Total Unusual Items Excluding Goodwill": -587000000.0,
      "Net Income From Continuing Operation Net Minority Interest": 1601000000.0,
      "Reconciled Depreciation": 337000000.0,
      "Reconciled Cost Of Revenue": 2435000000.0,
      "EBITDA": 2849000000.0,
      "EBIT": 2512000000.0,
      "Net Interest Income": 274000000.0,
      "Interest Expense": 305000000.0,
      "Interest Income": 579000000.0,
      "Normalized Income": 2030810602.628002,
      "Net Income From Continuing And Discontinued Operation": 1601000000.0,
      "Total Expenses": 7038000000.0,
      "Total Operating Income As Reported": 2017000000.0,
      "Diluted Average Shares": 1176000000.0,
      "Basic Average Shares": 1165000000.0,
      "Diluted EPS": 1.36,
      "Basic EPS": 1.37,
      "Diluted NI Availto Com Stockholders": 1601000000.0,
      "Net Income Common Stockholders": 1601000000.0,
      "Net Income": 1601000000.0,
      "Minority Interests": -15000000.0,
      "Net Income Including Noncontrolling Interests": 1616000000.0,
      "Net Income Discontinuous Operations": 0.0,
      "Net Income Continuous Operations": 1616000000.0,
      "Tax Provision": 591000000.0,
      "Pretax Income": 2207000000.0,
      "Other Income Expense": -406000000.0,
      "Other Non Operating Income Expenses": 181000000.0,
      "Special Income Charges": -341000000.0,
      "Restructuring And Mergern Acquisition": 323000000.0,
      "Net Non Operating Interest Income Expense": 274000000.0,
      "Interest Expense Non Operating": 305000000.0,
      "Interest Income Non Operating": 579000000.0,
      "Operating Income": 2339000000.0,
      "Operating Expense": 4603000000.0,
      "Other Operating Expenses": 54000000.0,
      "Research And Development": 1675000000.0,
      "Selling General And Administration": 2874000000.0,
      "Selling And Marketing Expense": 2496000000.0,
      "General And Administrative Expense": 378000000.0,
      "Other Gand A": 378000000.0,
      "Gross Profit": 6942000000.0,
      "Cost Of Revenue": 2435000000.0,
      "Total Revenue": 9377000000.0,
      "Operating Revenue": 9377000000.0
    },
    "2024-09-30T00:00:00": {
      "Tax Effect Of Unusual Items": 17160000.0,
      "Tax Rate For Calcs": 0.33,
      "Normalized EBITDA": 2657000000.0,
      "Total Unusual Items": 52000000.0,
      "Total Unusual Items Excluding Goodwill": 52000000.0,
      "Net Income From Continuing Operation Net Minority Interest": 1463000000.0,
      "Reconciled Depreciation": 317000000.0,
      "Reconciled Cost Of Revenue": 2258000000.0,
      "EBITDA": 2709000000.0,
      "EBIT": 2392000000.0,
      "Net Interest Income": -1000000.0,
      "Interest Expense": 241000000.0,
      "Interest Income": 240000000.0,
      "Normalized Income": 1428160000.0,
      "Net Income From Continuing And Discontinued Operation": 1463000000.0,
      "Total Expenses": 6307000000.0,
      "Total Operating Income As Reported": 2214000000.0,
      "Diluted Average Shares": 1178000000.0,
      "Basic Average Shares": 1166000000.0,
      "Diluted EPS": 1.24,
      "Basic EPS": 1.25,
      "Diluted NI Availto Com Stockholders": 1463000000.0,
      "Net Income Common Stockholders": 1463000000.0,
      "Net Income": 1463000000.0,
      "Minority Interests": 23000000.0,
      "Net Income Including Noncontrolling Interests": 1441000000.0,
      "Net Income Discontinuous Operations": 0.0,
      "Net Income Continuous Operations": 1441000000.0,
      "Tax Provision": 710000000.0,
      "Pretax Income": 2151000000.0,
      "Other Income Expense": -10000000.0,
      "Other Non Operating Income Expenses": -62000000.0,
      "Special Income Charges": 52000000.0,
      "Restructuring And Mergern Acquisition": -52000000.0,
      "Net Non Operating Interest Income Expense": -1000000.0,
      "Interest Expense Non Operating": 241000000.0,
      "Interest Income Non Operating": 240000000.0,
      "Operating Income": 2163000000.0,
      "Operating Expense": 4049000000.0,
      "Other Operating Expenses": 22000000.0,
      "Research And Development": 1568000000.0,
      "Selling General And Administration": 2459000000.0,
      "Selling And Marketing Expense": 2098000000.0,
      "General And Administrative Expense": 361000000.0,
      "Other Gand A": 361000000.0,
      "Gross Profit": 6212000000.0,
      "Cost Of Revenue": 2258000000.0,
      "Total Revenue": 8470000000.0,
      "Operating Revenue": 8470000000.0
    },
    "2024-06-30T00:00:00": {
      "Tax Effect Of Unusual Items": null,
      "Tax Rate For Calcs": null,
      "Normalized EBITDA": null,
      "Total Unusual Items": null,
      "Total Unusual Items Excluding Goodwill": null,
      "Net Income From Continuing Operation Net Minority Interest": null,
      "Reconciled Depreciation": null,
      "Reconciled Cost Of Revenue": null,
      "EBITDA": null,
      "EBIT": null,
      "Net Interest Income": null,
      "Interest Expense": null,
      "Interest Income": null,
      "Normalized Income": null,
      "Net Income From Continuing And Discontinued Operation": null,
      "Total Expenses": null,
      "Total Operating Income As Reported": null,
      "Diluted Average Shares": null,
      "Basic Average Shares": null,
      "Diluted EPS": null,
      "Basic EPS": null,
      "Diluted NI Availto Com Stockholders": null,
      "Net Income Common Stockholders": null,
      "Net Income": null,
      "Minority Interests": null,
      "Net Income Including Noncontrolling Interests": null,
      "Net Income Discontinuous Operations": 0.0,
      "Net Income Continuous Operations": null,
      "Tax Provision": null,
      "Pretax Income": null,
      "Other Income Expense": null,
      "Other Non Operating Income Expenses": null,
      "Special Income Charges": null,
      "Restructuring And Mergern Acquisition": null,
      "Net Non Operating Interest Income Expense": null,
      "Interest Expense Non Operating": null,
      "Interest Income Non Operating": null,
      "Operating Income": null,
      "Operating Expense": null,
      "Other Operating Expenses": null,
      "Research And Development": null,
      "Selling General And Administration": null,
      "Selling And Marketing Expense": null,
      "General And Administrative Expense": null,
      "Other Gand A": null,
      "Gross Profit": null,
      "Cost Of Revenue": null,
      "Total Revenue": null,
      "Operating Revenue": null
    }
  },
  "balance_sheet": {
    "2024-12-31T00:00:00": {
      "Treasury Shares Number": 61914771.0,
      "Ordinary Shares Number": 1166589461.0,
      "Share Issued": 1228504232.0,
      "Net Debt": null,
      "Total Debt": 10651000000.0,
      "Tangible Book Value": 11587000000.0,
      "Invested Capital": 54376000000.0,
      "Working Capital": 2322000000.0,
      "Net Tangible Assets": 11587000000.0,
      "Capital Lease Obligations": 1715000000.0,
      "Common Stock Equity": 45440000000.0,
      "Total Capitalization": 50740000000.0,
      "Total Equity Gross Minority Interest": 45808000000.0,
      "Minority Interest": 368000000.0,
      "Stockholders Equity": 45440000000.0,
      "Other Equity Interest": 4694000000.0,
      "Treasury Stock": 5954000000.0,
      "Retained Earnings": 42907000000.0,
      "Additional Paid In Capital": 2564000000.0,
      "Capital Stock": 1229000000.0,
      "Common Stock": 1229000000.0,
      "Total Liabilities Net Minority Interest": 28314000000.0,
      "Total Non Current Liabilities Net Minority Interest": 9235000000.0,
      "Other Non Current Liabilities": 450000000.0,
      "Derivative Product Liabilities": null,
      "Employee Benefits": 749000000.0,
      "Tradeand Other Payables Non Current": 519000000.0,
      "Non Current Deferred Liabilities": 303000000.0,
      "Non Current Deferred Revenue": 88000000.0,
      "Non Current Deferred Taxes Liabilities": 215000000.0,
      "Long Term Debt And Capital Lease Obligation": 6720000000.0,
      "Long Term Capital Lease Obligation": 1420000000.0,
      "Long Term Debt": 5300000000.0,
      "Long Term Provisions": 494000000.0,
      "Current Liabilities": 19079000000.0,
      "Other Current Liabilities": 359000000.0,
      "Current Deferred Liabilities": 5978000000.0,
      "Current Deferred Revenue": 5978000000.0,
      "Current Debt And Capital Lease Obligation": 3931000000.0,
      "Current Capital Lease Obligation": 295000000.0,
      "Current Debt": 3636000000.0,
      "Other Current Borrowings": 3138000000.0,
      "Commercial Paper": 498000000.0,
      "Pensionand Other Post Retirement Benefit Plans Current": 4511000000.0,
      "Current Provisions": 716000000.0,
      "Payables And Accrued Expenses": 3584000000.0,
      "Payables": 3584000000.0,
      "Total Tax Payable": 1594000000.0,
      "Accounts Payable": 1990000000.0,
      "Total Assets": 74122000000.0,
      "Total Non Current Assets": 52721000000.0,
      "Other Non Current Assets": 1000000.0,
      "Non Current Prepaid Assets": 430000000.0,
      "Non Current Deferred Assets": 6168000000.0,
      "Non Current Deferred Taxes Assets": 2676000000.0,
      "Non Current Accounts Receivable": 635000000.0,
      "Financial Assets": 593000000.0,
      "Investments And Advances": 6548000000.0,
      "Investmentin Financial Assets": 6404000000.0,
      "Available For Sale Securities": 6404000000.0,
      "Long Term Equity Investment": 144000000.0,
      "Investmentsin Associatesat Cost": 144000000.0,
      "Goodwill And Other Intangible Assets": 33853000000.0,
      "Other Intangible Assets": 2706000000.0,
      "Goodwill": 31147000000.0,
      "Net PPE": 4493000000.0,
      "Gross PPE": 4493000000.0,
      "Leases": 1391000000.0,
      "Construction In Progress": 156000000.0,
      "Other Properties": 66000000.0,
      "Machinery Furniture Equipment": 1379000000.0,
      "Land And Improvements": 1501000000.0,
      "Properties": 0.0,
      "Current Assets": 21401000000.0,
      "Other Current Assets": 88000000.0,
      "Current Deferred Assets": 1350000000.0,
      "Prepaid Assets": 988000000.0,
      "Receivables": 7737000000.0,
      "Other Receivables": 543000000.0,
      "Taxes Receivable": 963000000.0,
      "Accounts Receivable": 6231000000.0,
      "Cash Cash Equivalents And Short Term Investments": 11238000000.0,
      "Other Short Term Investments": 1629000000.0,
      "Cash And Cash Equivalents": 9609000000.0,
      "Cash Equivalents": 5647000000.0,
      "Cash Financial": 3962000000.0
    },
    "2023-12-31T00:00:00": {
      "Treasury Shares Number": 61275176.0,
      "Ordinary Shares Number": 1167229056.0,
      "Share Issued": 1228504232.0,
      "Net Debt": null,
      "Total Debt": 8791000000.0,
      "Tangible Book Value": 11571000000.0,
      "Invested Capital": 50327000000.0,
      "Working Capital": 5930000000.0,
      "Net Tangible Assets": 11571000000.0,
      "Capital Lease Obligations": 1621000000.0,
      "Common Stock Equity": 43157000000.0,
      "Total Capitalization": 49184000000.0,
      "Total Equity Gross Minority Interest": 43406000000.0,
      "Minority Interest": 249000000.0,
      "Stockholders Equity": 43157000000.0,
      "Other Equity Interest": 2367000000.0,
      "Treasury Stock": 4741000000.0,
      "Retained Earnings": 42457000000.0,
      "Additional Paid In Capital": 1845000000.0,
      "Capital Stock": 1229000000.0,
      "Common Stock": 1229000000.0,
      "Total Liabilities Net Minority Interest": 24925000000.0,
      "Total Non Current Liabilities Net Minority Interest": 10284000000.0,
      "Other Non Current Liabilities": 587000000.0,
      "Derivative Product Liabilities": 0.0,
      "Employee Benefits": 698000000.0,
      "Tradeand Other Payables Non Current": 913000000.0,
      "Non Current Deferred Liabilities": 300000000.0,
      "Non Current Deferred Revenue": 33000000.0,
      "Non Current Deferred Taxes Liabilities": 267000000.0,
      "Long Term Debt And Capital Lease Obligation": 7354000000.0,
      "Long Term Capital Lease Obligation": 1327000000.0,
      "Long Term Debt": 6027000000.0,
      "Long Term Provisions": 432000000.0,
      "Current Liabilities": 14641000000.0,
      "Other Current Liabilities": 315000000.0,
      "Current Deferred Liabilities": 4975000000.0,
      "Current Deferred Revenue": 4975000000.0,
      "Current Debt And Capital Lease Obligation": 1437000000.0,
      "Current Capital Lease Obligation": 294000000.0,
      "Current Debt": 1143000000.0,
      "Other Current Borrowings": 1143000000.0,
      "Commercial Paper": 0.0,
      "Pensionand Other Post Retirement Benefit Plans Current": 4760000000.0,
      "Current Provisions": 235000000.0,
      "Payables And Accrued Expenses": 2919000000.0,
      "Payables": 2919000000.0,
      "Total Tax Payable": 1136000000.0,
      "Accounts Payable": 1783000000.0,
      "Total Assets": 68331000000.0,
      "Total Non Current Assets": 47760000000.0,
      "Other Non Current Assets": 1000000.0,
      "Non Current Prepaid Assets": 386000000.0,
      "Non Current Deferred Assets": 5351000000.0,
      "Non Current Deferred Taxes Assets": 2197000000.0,
      "Non Current Accounts Receivable": 618000000.0,
      "Financial Assets": 294000000.0,
      "Investments And Advances": 5249000000.0,
      "Investmentin Financial Assets": 5114000000.0,
      "Available For Sale Securities": 5114000000.0,
      "Long Term Equity Investment": 135000000.0,
      "Investmentsin Associatesat Cost": 135000000.0,
      "Goodwill And Other Intangible Assets": 31586000000.0,
      "Other Intangible Assets": 2505000000.0,
      "Goodwill": 29081000000.0,
      "Net PPE": 4276000000.0,
      "Gross PPE": 4276000000.0,
      "Leases": 1320000000.0,
      "Construction In Progress": 162000000.0,
      "Other Properties": 55000000.0,
      "Machinery Furniture Equipment": 1309000000.0,
      "Land And Improvements": 1430000000.0,
      "Properties": 0.0,
      "Current Assets": 20571000000.0,
      "Other Current Assets": 44000000.0,
      "Current Deferred Assets": 1246000000.0,
      "Prepaid Assets": 844000000.0,
      "Receivables": 6969000000.0,
      "Other Receivables": 429000000.0,
      "Taxes Receivable": 648000000.0,
      "Accounts Receivable": 5892000000.0,
      "Cash Cash Equivalents And Short Term Investments": 11468000000.0,
      "Other Short Term Investments": 3344000000.0,
      "Cash And Cash Equivalents": 8124000000.0,
      "Cash Equivalents": 4755000000.0,
      "Cash Financial": 3369000000.0
    },
    "2022-12-31T00:00:00": {
      "Treasury Shares Number": 61386685.0,
      "Ordinary Shares Number": 1167117547.0,
      "Share Issued": 1228504232.0,
      "Net Debt": 1937000000.0,
      "Total Debt": 13085000000.0,
      "Tangible Book Value": 3274000000.0,
      "Invested Capital": 51131000000.0,
      "Working Capital": 1069000000.0,
      "Net Tangible Assets": 3274000000.0,
      "Capital Lease Obligations": 2140000000.0,
      "Common Stock Equity": 40186000000.0,
      "Total Capitalization": 47147000000.0,
      "Total Equity Gross Minority Interest": 42848000000.0,
      "Minority Interest": 2662000000.0,
      "Stockholders Equity": 40186000000.0,
      "Other Equity Interest": 3799000000.0,
      "Treasury Stock": 4341000000.0,
      "Retained Earnings": 36418000000.0,
      "Additional Paid In Capital": 3081000000.0,
      "Capital Stock": 1229000000.0,
      "Common Stock": 1229000000.0,
      "Total Liabilities Net Minority Interest": 29311000000.0,
      "Total Non Current Liabilities Net Minority Interest": 11858000000.0,
      "Other Non Current Liabilities": 796000000.0,
      "Derivative Product Liabilities": 0.0,
      "Employee Benefits": 705000000.0,
      "Tradeand Other Payables Non Current": 972000000.0,
      "Non Current Deferred Liabilities": 274000000.0,
      "Non Current Deferred Revenue": 33000000.0,
      "Non Current Deferred Taxes Liabilities": 241000000.0,
      "Long Term Debt And Capital Lease Obligation": 8752000000.0,
      "Long Term Capital Lease Obligation": 1791000000.0,
      "Long Term Debt": 6961000000.0,
      "Long Term Provisions": 359000000.0,
      "Current Liabilities": 17453000000.0,
      "Other Current Liabilities": 474000000.0,
      "Current Deferred Liabilities": 5309000000.0,
      "Current Deferred Revenue": 5309000000.0,
      "Current Debt And Capital Lease Obligation": 4333000000.0,
      "Current Capital Lease Obligation": 349000000.0,
      "Current Debt": 3984000000.0,
      "Other Current Borrowings": 3056000000.0,
      "Commercial Paper": 928000000.0,
      "Pensionand Other Post Retirement Benefit Plans Current": 4156000000.0,
      "Current Provisions": 90000000.0,
      "Payables And Accrued Expenses": 3091000000.0,
      "Payables": 3091000000.0,
      "Total Tax Payable": 945000000.0,
      "Accounts Payable": 2146000000.0,
      "Total Assets": 72159000000.0,
      "Total Non Current Assets": 53638000000.0,
      "Other Non Current Assets": -1000000.0,
      "Non Current Prepaid Assets": 512000000.0,
      "Non Current Deferred Assets": 5114000000.0,
      "Non Current Deferred Taxes Assets": 2095000000.0,
      "Non Current Accounts Receivable": 541000000.0,
      "Financial Assets": 332000000.0,
      "Investments And Advances": 5294000000.0,
      "Investmentin Financial Assets": 5143000000.0,
      "Available For Sale Securities": 5143000000.0,
      "Long Term Equity Investment": 151000000.0,
      "Investmentsin Associatesat Cost": 151000000.0,
      "Goodwill And Other Intangible Assets": 36912000000.0,
      "Other Intangible Assets": 3835000000.0,
      "Goodwill": 33077000000.0,
      "Net PPE": 4934000000.0,
      "Gross PPE": 4934000000.0,
      "Leases": 1758000000.0,
      "Construction In Progress": 142000000.0,
      "Other Properties": 43000000.0,
      "Machinery Furniture Equipment": 1406000000.0,
      "Land And Improvements": 1585000000.0,
      "Properties": 0.0,
      "Current Assets": 18522000000.0,
      "Other Current Assets": 30000000.0,
      "Current Deferred Assets": 1036000000.0,
      "Prepaid Assets": 828000000.0,
      "Receivables": 6767000000.0,
      "Other Receivables": 454000000.0,
      "Taxes Receivable": 531000000.0,
      "Accounts Receivable": 5782000000.0,
      "Cash Cash Equivalents And Short Term Investments": 9861000000.0,
      "Other Short Term Investments": 853000000.0,
      "Cash And Cash Equivalents": 9008000000.0,
      "Cash Equivalents": 5831000000.0,
      "Cash Financial": 3176000000.0
    },
    "2021-12-31T00:00:00": {
      "Treasury Shares Number": 48900000.0,
      "Ordinary Shares Number": 1179579340.0,
      "Share Issued": 1228479340.0,
      "Net Debt": 4102000000.0,
      "Total Debt": 15143000000.0,
      "Tangible Book Value": 3800000000.0,
      "Invested Capital": 51853000000.0,
      "Working Capital": 3908000000.0,
      "Net Tangible Assets": 3800000000.0,
      "Capital Lease Obligations": 2143000000.0,
      "Common Stock Equity": 38853000000.0,
      "Total Capitalization": 48097000000.0,
      "Total Equity Gross Minority Interest": 41523000000.0,
      "Minority Interest": 2670000000.0,
      "Stockholders Equity": 38853000000.0,
      "Other Equity Interest": 1756000000.0,
      "Treasury Stock": 3072000000.0,
      "Retained Earnings": 37022000000.0,
      "Additional Paid In Capital": 1918000000.0,
      "Capital Stock": 1229000000.0,
      "Common Stock": 1229000000.0,
      "Total Liabilities Net Minority Interest": 29651000000.0,
      "Total Non Current Liabilities Net Minority Interest": 13515000000.0,
      "Other Non Current Liabilities": 62000000.0,
      "Derivative Product Liabilities": 0.0,
      "Employee Benefits": 860000000.0,
      "Tradeand Other Payables Non Current": 949000000.0,
      "Non Current Deferred Liabilities": 309000000.0,
      "Non Current Deferred Revenue": 13000000.0,
      "Non Current Deferred Taxes Liabilities": 296000000.0,
      "Long Term Debt And Capital Lease Obligation": 10980000000.0,
      "Long Term Capital Lease Obligation": 1736000000.0,
      "Long Term Debt": 9244000000.0,
      "Long Term Provisions": 355000000.0,
      "Current Liabilities": 16136000000.0,
      "Other Current Liabilities": 367000000.0,
      "Current Deferred Liabilities": 4431000000.0,
      "Current Deferred Revenue": 4431000000.0,
      "Current Debt And Capital Lease Obligation": 4163000000.0,
      "Current Capital Lease Obligation": 407000000.0,
      "Current Debt": 3756000000.0,
      "Other Current Borrowings": 2826000000.0,
      "Commercial Paper": 930000000.0,
      "Pensionand Other Post Retirement Benefit Plans Current": 4556000000.0,
      "Current Provisions": 89000000.0,
      "Payables And Accrued Expenses": 2530000000.0,
      "Payables": 2530000000.0,
      "Total Tax Payable": 950000000.0,
      "Accounts Payable": 1580000000.0,
      "Total Assets": 71174000000.0,
      "Total Non Current Assets": 51130000000.0,
      "Other Non Current Assets": 2347000000.0,
      "Non Current Prepaid Assets": 242000000.0,
      "Non Current Deferred Assets": 1786000000.0,
      "Non Current Deferred Taxes Assets": 1786000000.0,
      "Non Current Accounts Receivable": 463000000.0,
      "Financial Assets": 308000000.0,
      "Investments And Advances": 5954000000.0,
      "Investmentin Financial Assets": 5954000000.0,
      "Available For Sale Securities": 5954000000.0,
      "Long Term Equity Investment": null,
      "Investmentsin Associatesat Cost": null,
      "Goodwill And Other Intangible Assets": 35053000000.0,
      "Other Intangible Assets": 3965000000.0,
      "Goodwill": 31088000000.0,
      "Net PPE": 4977000000.0,
      "Gross PPE": 4977000000.0,
      "Leases": 1801000000.0,
      "Construction In Progress": 77000000.0,
      "Other Properties": 40000000.0,
      "Machinery Furniture Equipment": 1450000000.0,
      "Land And Improvements": 1609000000.0,
      "Properties": 0.0,
      "Current Assets": 20044000000.0,
      "Other Current Assets": 826000000.0,
      "Current Deferred Assets": null,
      "Prepaid Assets": 588000000.0,
      "Receivables": 6974000000.0,
      "Other Receivables": 465000000.0,
      "Taxes Receivable": 622000000.0,
      "Accounts Receivable": 5887000000.0,
      "Cash Cash Equivalents And Short Term Investments": 11656000000.0,
      "Other Short Term Investments": 2758000000.0,
      "Cash And Cash Equivalents": 8898000000.0,
      "Cash Equivalents": 5748000000.0,
      "Cash Financial": 3149000000.0
    }
  },
  "cashflow": {
    "2024-12-31T00:00:00": {
      "Free Cash Flow": 4423000000.0,
      "Repurchase Of Capital Stock": -2106000000.0,
      "Repayment Of Debt": -1495000000.0,
      "Issuance Of Debt": 2767000000.0,
      "Capital Expenditure": -797000000.0,
      "End Cash Position": 9609000000.0,
      "Beginning Cash Position": 8124000000.0,
      "Effect Of Exchange Rate Changes": 333000000.0,
      "Changes In Cash": 1152000000.0,
      "Financing Cash Flow": -3412000000.0,
      "Cash From Discontinued Financing Activities": 0.0,
      "Cash Flow From Continuing Financing Activities": -3411000000.0,
      "Net Other Financing Charges": -13000000.0,
      "Cash Dividends Paid": -2565000000.0,
      "Common Stock Dividend Paid": -2565000000.0,
      "Net Common Stock Issuance": -2106000000.0,
      "Common Stock Payments": -2106000000.0,
      "Net Issuance Payments Of Debt": 1272000000.0,
      "Net Long Term Debt Issuance": 1272000000.0,
      "Long Term Debt Payments": -1495000000.0,
      "Long Term Debt Issuance": 2767000000.0,
      "Investing Cash Flow": -656000000.0,
      "Cash From Discontinued Investing Activities": 0.0,
      "Cash Flow From Continuing Investing Activities": -657000000.0,
      "Net Other Investing Changes": 1000000.0,
      "Net Investment Purchase And Sale": 1132000000.0,
      "Sale Of Investment": 7533000000.0,
      "Purchase Of Investment": -6401000000.0,
      "Net Business Purchase And Sale": -1114000000.0,
      "Sale Of Business": 0.0,
      "Purchase Of Business": -1114000000.0,
      "Net Intangibles Purchase And Sale": -675000000.0,
      "Sale Of Intangibles": 122000000.0,
      "Purchase Of Intangibles": -797000000.0,
      "Operating Cash Flow": 5220000000.0,
      "Cash From Discontinued Operating Activities": 0.0,
      "Cash Flow From Continuing Operating Activities": 5218000000.0,
      "Taxes Refund Paid": -2277000000.0,
      "Interest Received Cfo": 563000000.0,
      "Interest Paid Cfo": -550000000.0,
      "Change In Working Capital": 623000000.0,
      "Change In Other Working Capital": 899000000.0,
      "Change In Other Current Assets": -632000000.0,
      "Change In Payables And Accrued Expense": 603000000.0,
      "Change In Payable": 603000000.0,
      "Change In Account Payable": 603000000.0,
      "Change In Receivables": -247000000.0,
      "Other Non Cash Items": -1568000000.0,
      "Stock Based Compensation": 2385000000.0,
      "Deferred Tax": 1614000000.0,
      "Deferred Income Tax": 1614000000.0,
      "Depreciation Amortization Depletion": 1280000000.0,
      "Depreciation And Amortization": 1280000000.0,
      "Net Income From Continuing Operations": 3150000000.0
    },
    "2023-12-31T00:00:00": {
      "Free Cash Flow": 5547000000.0,
      "Repurchase Of Capital Stock": -949000000.0,
      "Repayment Of Debt": -4413000000.0,
      "Issuance Of Debt": 13000000.0,
      "Capital Expenditure": -785000000.0,
      "End Cash Position": 8124000000.0,
      "Beginning Cash Position": 9008000000.0,
      "Effect Of Exchange Rate Changes": -388000000.0,
      "Changes In Cash": -496000000.0,
      "Financing Cash Flow": -7734000000.0,
      "Cash From Discontinued Financing Activities": 24000000.0,
      "Cash Flow From Continuing Financing Activities": -7757000000.0,
      "Net Other Financing Charges": -14000000.0,
      "Cash Dividends Paid": -2395000000.0,
      "Common Stock Dividend Paid": -2395000000.0,
      "Net Common Stock Issuance": -949000000.0,
      "Common Stock Payments": -949000000.0,
      "Net Issuance Payments Of Debt": -4400000000.0,
      "Net Long Term Debt Issuance": -4400000000.0,
      "Long Term Debt Payments": -4413000000.0,
      "Long Term Debt Issuance": 13000000.0,
      "Investing Cash Flow": 906000000.0,
      "Cash From Discontinued Investing Activities": 5510000000.0,
      "Cash Flow From Continuing Investing Activities": -4604000000.0,
      "Net Other Investing Changes": null,
      "Net Investment Purchase And Sale": -2659000000.0,
      "Sale Of Investment": 907000000.0,
      "Purchase Of Investment": -3566000000.0,
      "Net Business Purchase And Sale": -1259000000.0,
      "Sale Of Business": 0.0,
      "Purchase Of Business": -1259000000.0,
      "Net Intangibles Purchase And Sale": -686000000.0,
      "Sale Of Intangibles": 99000000.0,
      "Purchase Of Intangibles": -785000000.0,
      "Operating Cash Flow": 6332000000.0,
      "Cash From Discontinued Operating Activities": 122000000.0,
      "Cash Flow From Continuing Operating Activities": 6211000000.0,
      "Taxes Refund Paid": -2161000000.0,
      "Interest Received Cfo": 469000000.0,
      "Interest Paid Cfo": -393000000.0,
      "Change In Working Capital": -27000000.0,
      "Change In Other Working Capital": 433000000.0,
      "Change In Other Current Assets": -700000000.0,
      "Change In Payables And Accrued Expense": 633000000.0,
      "Change In Payable": 633000000.0,
      "Change In Account Payable": 633000000.0,
      "Change In Receivables": -393000000.0,
      "Other Non Cash Items": -613000000.0,
      "Stock Based Compensation": 2220000000.0,
      "Deferred Tax": 1741000000.0,
      "Deferred Income Tax": 1741000000.0,
      "Depreciation Amortization Depletion": 1373000000.0,
      "Depreciation And Amortization": 1373000000.0,
      "Net Income From Continuing Operations": 3601000000.0
    },
    "2022-12-31T00:00:00": {
      "Free Cash Flow": 4770000000.0,
      "Repurchase Of Capital Stock": -1500000000.0,
      "Repayment Of Debt": -1855000000.0,
      "Issuance Of Debt": 158000000.0,
      "Capital Expenditure": -877000000.0,
      "End Cash Position": 9008000000.0,
      "Beginning Cash Position": 8898000000.0,
      "Effect Of Exchange Rate Changes": 134000000.0,
      "Changes In Cash": -24000000.0,
      "Financing Cash Flow": -6337000000.0,
      "Cash From Discontinued Financing Activities": -263000000.0,
      "Cash Flow From Continuing Financing Activities": -6074000000.0,
      "Net Other Financing Charges": -12000000.0,
      "Cash Dividends Paid": -2865000000.0,
      "Common Stock Dividend Paid": -2865000000.0,
      "Net Common Stock Issuance": -1500000000.0,
      "Common Stock Payments": -1500000000.0,
      "Net Issuance Payments Of Debt": -1697000000.0,
      "Net Long Term Debt Issuance": -1697000000.0,
      "Long Term Debt Payments": -1855000000.0,
      "Long Term Debt Issuance": 158000000.0,
      "Investing Cash Flow": 667000000.0,
      "Cash From Discontinued Investing Activities": -32000000.0,
      "Cash Flow From Continuing Investing Activities": 698000000.0,
      "Net Other Investing Changes": 1000000.0,
      "Net Investment Purchase And Sale": 1870000000.0,
      "Sale Of Investment": 4190000000.0,
      "Purchase Of Investment": -2320000000.0,
      "Net Business Purchase And Sale": -390000000.0,
      "Sale Of Business": 289000000.0,
      "Purchase Of Business": -679000000.0,
      "Net Intangibles Purchase And Sale": -782000000.0,
      "Sale Of Intangibles": 95000000.0,
      "Purchase Of Intangibles": -877000000.0,
      "Operating Cash Flow": 5647000000.0,
      "Cash From Discontinued Operating Activities": -29000000.0,
      "Cash Flow From Continuing Operating Activities": 5674000000.0,
      "Taxes Refund Paid": -1642000000.0,
      "Interest Received Cfo": 156000000.0,
      "Interest Paid Cfo": -244000000.0,
      "Change In Working Capital": -143000000.0,
      "Change In Other Working Capital": 720000000.0,
      "Change In Other Current Assets": -1213000000.0,
      "Change In Payables And Accrued Expense": 154000000.0,
      "Change In Payable": 154000000.0,
      "Change In Account Payable": 154000000.0,
      "Change In Receivables": 196000000.0,
      "Other Non Cash Items": 36000000.0,
      "Stock Based Compensation": 1431000000.0,
      "Deferred Tax": 1446000000.0,
      "Deferred Income Tax": 1446000000.0,
      "Depreciation Amortization Depletion": 1569000000.0,
      "Depreciation And Amortization": 1569000000.0,
      "Net Income From Continuing Operations": 3067000000.0
    },
    "2021-12-31T00:00:00": {
      "Free Cash Flow": 5522000000.0,
      "Repurchase Of Capital Stock": 0.0,
      "Repayment Of Debt": -2327000000.0,
      "Issuance Of Debt": 1680000000.0,
      "Capital Expenditure": -701000000.0,
      "End Cash Position": 8898000000.0,
      "Beginning Cash Position": 5311000000.0,
      "Effect Of Exchange Rate Changes": 484000000.0,
      "Changes In Cash": 3103000000.0,
      "Financing Cash Flow": -56000000.0,
      "Cash From Discontinued Financing Activities": 2828000000.0,
      "Cash Flow From Continuing Financing Activities": -2885000000.0,
      "Net Other Financing Charges": -55000000.0,
      "Cash Dividends Paid": -2182000000.0,
      "Common Stock Dividend Paid": -2182000000.0,
      "Net Common Stock Issuance": 0.0,
      "Common Stock Payments": 0.0,
      "Net Issuance Payments Of Debt": -647000000.0,
      "Net Long Term Debt Issuance": -647000000.0,
      "Long Term Debt Payments": -2327000000.0,
      "Long Term Debt Issuance": 1680000000.0,
      "Investing Cash Flow": -3063000000.0,
      "Cash From Discontinued Investing Activities": -208000000.0,
      "Cash Flow From Continuing Investing Activities": -2855000000.0,
      "Net Other Investing Changes": -1000000.0,
      "Net Investment Purchase And Sale": -1139000000.0,
      "Sale Of Investment": 3229000000.0,
      "Purchase Of Investment": -4368000000.0,
      "Net Business Purchase And Sale": -1104000000.0,
      "Sale Of Business": null,
      "Purchase Of Business": -1104000000.0,
      "Net Intangibles Purchase And Sale": -612000000.0,
      "Sale Of Intangibles": 89000000.0,
      "Purchase Of Intangibles": -701000000.0,
      "Operating Cash Flow": 6223000000.0,
      "Cash From Discontinued Operating Activities": 41000000.0,
      "Cash Flow From Continuing Operating Activities": 6182000000.0,
      "Taxes Refund Paid": -2047000000.0,
      "Interest Received Cfo": 56000000.0,
      "Interest Paid Cfo": -198000000.0,
      "Change In Working Capital": 213000000.0,
      "Change In Other Working Capital": -68000000.0,
      "Change In Other Current Assets": -645000000.0,
      "Change In Payables And Accrued Expense": 429000000.0,
      "Change In Payable": 429000000.0,
      "Change In Account Payable": 429000000.0,
      "Change In Receivables": 497000000.0,
      "Other Non Cash Items": -3219000000.0,
      "Stock Based Compensation": 1335000000.0,
      "Deferred Tax": 1682000000.0,
      "Deferred Income Tax": 1682000000.0,
      "Depreciation Amortization Depletion": 1537000000.0,
      "Depreciation And Amortization": 1537000000.0,
      "Net Income From Continuing Operations": 6823000000.0
    }
  },
  "earnings_estimate": {
    "avg": {
      "0q": 1.64321,
      "+1q": 1.74848,
      "0y": 7.24564,
      "+1y": 8.52588
    },
    "low": {
      "0q": 1.53883,
      "+1q": 1.65924,
      "0y": 6.9562,
      "+1y": 7.95
    },
    "high": {
      "0q": 1.74,
      "+1q": 1.81,
      "0y": 8.26336,
      "+1y": 9.82715
    },
    "yearAgoEps": {
      "0q": 1.44,
      "+1q": 1.5,
      "0y": 6.15,
      "+1y": 7.24564
    },
    "numberOfAnalysts": {
      "0q": 8,
      "+1q": 8,
      "0y": 24,
      "+1y": 24
    },
    "growth": {
      "0q": 0.14109999,
      "+1q": 0.1657,
      "0y": 0.17819999,
      "+1y": 0.1767
    }
  },
  "revenue_estimate": {
    "avg": {
      "0q": 9583708290,
      "+1q": 9865999990,
      "0y": 40144030760,
      "+1y": 45503522220
    },
    "low": {
      "0q": 9415036480,
      "+1q": 9691000000,
      "0y": 39336525300,
      "+1y": 43415900000
    },
    "high": {
      "0q": 9845762990,
      "+1q": 10119949130,
      "0y": 40876000000,
      "+1y": 50826500000
    },
    "numberOfAnalysts": {
      "0q": 12,
      "+1q": 11,
      "0y": 25,
      "+1y": 31
    },
    "yearAgoRevenue": {
      "0q": 9013000000,
      "+1q": 9027000000,
      "0y": 36800000000,
      "+1y": 40144030760
    },
    "growth": {
      "0q": 0.0633,
      "+1q": 0.0929,
      "0y": 0.090900004,
      "+1y": 0.13350001
    }
  },
  "growth_estimates": {
    "stockTrend": {
      "0q": 0.14109999,
      "+1q": 0.1657,
      "0y": 0.17819999,
      "+1y": 0.1767,
      "LTG": null
    },
    "indexTrend": {
      "0q": 0.1273,
      "+1q": 0.103599995,
      "0y": 0.14310001,
      "+1y": 0.1557,
      "LTG": 0.122
    }
  },
  "revenue_forecasts": null,
  "dividend_rate": 2.5,
  "trailing_dividend_rate": 2.5
}