{
  "ticker": "SHEL.L",
  "name": "Shell",
  "country": "uk",
  "currency": "GBP",
  "last_fetched": "2026-02-26T20:45:56.853334",
  "market_cap": 170450845696,
  "revenue": 266886004736,
  "net_income": 17838000128,
  "pe_ratio": 13.621621,
  "forward_pe": 10.707013,
  "dividend_yield": 3.64,
  "profit_margin": 0.06684,
  "roe": 0.101940006,
  "debt_to_equity": 43.146,
  "beta": -0.107,
  "ev_to_ebitda": 4.115,
  "sector": "Energy",
  "industry": "Oil & Gas Integrated",
  "summary": "Shell plc operates as an energy and petrochemical company Europe, Asia, Oceania, Africa, the United States, and other Americas. It operates through Integrated Gas; Upstream; Marketing; Chemicals and Products; and Renewables and Energy Solutions segments. The company explores for and extracts natural gas to produce liquefied natural gas or convert into gas-to-liquids products; explores for and extracts crude oil and natural gas liquids; and operates upstream and midstream infrastructure to deliver gas to market. It is also involved in marketing supplies fuels and lubricants for transport, manufacturing, mining, power generation, agriculture, and construction industries; operates electric vehicle charging and convenience retail; turn crude oil and other feedstocks into products for households, industry, and transport; trades crude oil, oil products, and petrochemicals; and oil sand activities. In addition, the company generates, markets, and trades power from wind, solar and pipeline gas; hydrogen production and marketing; commercial carbon capture and storage hubs; carbon credits and nature-based solutions; and provides heavy-duty LNG-fuelled trucks. Further, it offers base chemicals, including ethylene, propylene, and aromatics, as well as intermediate chemicals, such as styrene monomer, propylene oxide, solvents, linear alpha olefins, detergent alcohols, ethylene oxide, ethylene glycol, and polyethylene; and sustainable aviation fuel. The company was formerly known as Royal Dutch Shell plc and changed its name to Shell plc in January 2022. Shell plc was founded in 1897 and is headquartered in London, the United Kingdom.",
  "website": "https://www.shell.com",
  "employees": null,
  "target_high": 4016.3916,
  "target_low": 2715.8865,
  "target_mean": 3119.8367,
  "target_median": 3076.6226,
  "recommendation": "buy",
  "num_analysts": 17,
  "income_stmt": {
    "2024-12-31T00:00:00": {
      "Tax Effect Of Unusual Items": -54250000.0,
      "Tax Rate For Calcs": 0.25,
      "Normalized EBITDA": 61869000000.0,
      "Total Unusual Items": -217000000.0,
      "Total Unusual Items Excluding Goodwill": -217000000.0,
      "Net Income From Continuing Operation Net Minority Interest": 16094000000.0,
      "Reconciled Depreciation": 26872000000.0,
      "Reconciled Cost Of Revenue": 238371000000.0,
      "EBITDA": 61652000000.0,
      "EBIT": 34780000000.0,
      "Net Interest Income": -2486000000.0,
      "Interest Expense": 4858000000.0,
      "Interest Income": 2372000000.0,
      "Normalized Income": 16256750000.0,
      "Net Income From Continuing And Discontinued Operation": 16094000000.0,
      "Total Expenses": 254320000000.0,
      "Diluted Average Shares": 6363700000.0,
      "Basic Average Shares": 6299600000.0,
      "Diluted EPS": 2.53,
      "Basic EPS": 2.55,
      "Diluted NI Availto Com Stockholders": 16094000000.0,
      "Net Income Common Stockholders": 16094000000.0,
      "Otherunder Preferred Stock Dividend": 0.0,
      "Net Income": 16094000000.0,
      "Minority Interests": -427000000.0,
      "Net Income Including Noncontrolling Interests": 16521000000.0,
      "Net Income Continuous Operations": 16521000000.0,
      "Tax Provision": 13401000000.0,
      "Pretax Income": 29922000000.0,
      "Other Non Operating Income Expenses": 582000000.0,
      "Special Income Charges": -288000000.0,
      "Other Special Charges": 288000000.0,
      "Write Off": null,
      "Impairment Of Capital Assets": null,
      "Net Non Operating Interest Income Expense": -2486000000.0,
      "Total Other Finance Cost": null,
      "Interest Expense Non Operating": 4858000000.0,
      "Interest Income Non Operating": 2372000000.0,
      "Operating Income": 29992000000.0,
      "Operating Expense": 15949000000.0,
      "Other Operating Expenses": 2411000000.0,
      "Research And Development": 1099000000.0,
      "Selling General And Administration": 12439000000.0,
      "General And Administrative Expense": 12439000000.0,
      "Gross Profit": 45941000000.0,
      "Cost Of Revenue": 238371000000.0,
      "Total Revenue": 284312000000.0,
      "Operating Revenue": 284312000000.0
    },
    "2023-12-31T00:00:00": {
      "Tax Effect Of Unusual Items": 84800000.0,
      "Tax Rate For Calcs": 0.4,
      "Normalized EBITDA": 60149000000.0,
      "Total Unusual Items": 212000000.0,
      "Total Unusual Items Excluding Goodwill": 212000000.0,
      "Net Income From Continuing Operation Net Minority Interest": 19359000000.0,
      "Reconciled Depreciation": 23106000000.0,
      "Reconciled Cost Of Revenue": 269413000000.0,
      "EBITDA": 60361000000.0,
      "EBIT": 37255000000.0,
      "Net Interest Income": -2315000000.0,
      "Interest Expense": 4628000000.0,
      "Interest Income": 2313000000.0,
      "Normalized Income": 19231800000.0,
      "Net Income From Continuing And Discontinued Operation": 19359000000.0,
      "Total Expenses": 285883000000.0,
      "Diluted Average Shares": 6799800000.0,
      "Basic Average Shares": 6733500000.0,
      "Diluted EPS": 2.85,
      "Basic EPS": 2.88,
      "Diluted NI Availto Com Stockholders": 19359000000.0,
      "Net Income Common Stockholders": 19359000000.0,
      "Otherunder Preferred Stock Dividend": 0.0,
      "Net Income": 19359000000.0,
      "Minority Interests": -277000000.0,
      "Net Income Including Noncontrolling Interests": 19636000000.0,
      "Net Income Continuous Operations": 19636000000.0,
      "Tax Provision": 12991000000.0,
      "Pretax Income": 32627000000.0,
      "Other Non Operating Income Expenses": 677000000.0,
      "Special Income Charges": 257000000.0,
      "Other Special Charges": -257000000.0,
      "Write Off": null,
      "Impairment Of Capital Assets": 8185000000.0,
      "Net Non Operating Interest Income Expense": -2315000000.0,
      "Total Other Finance Cost": -259000000.0,
      "Interest Expense Non Operating": 4628000000.0,
      "Interest Income Non Operating": 2313000000.0,
      "Operating Income": 30737000000.0,
      "Operating Expense": 16470000000.0,
      "Other Operating Expenses": 1750000000.0,
      "Research And Development": 1287000000.0,
      "Selling General And Administration": 13433000000.0,
      "General And Administrative Expense": 13433000000.0,
      "Gross Profit": 47207000000.0,
      "Cost Of Revenue": 269413000000.0,
      "Total Revenue": 316620000000.0,
      "Operating Revenue": 316620000000.0
    },
    "2022-12-31T00:00:00": {
      "Tax Effect Of Unusual Items": 622533348.761861,
      "Tax Rate For Calcs": 0.338517,
      "Normalized EBITDA": 90715000000.0,
      "Total Unusual Items": 1839000000.0,
      "Total Unusual Items Excluding Goodwill": 1839000000.0,
      "Net Income From Continuing Operation Net Minority Interest": 42309000000.0,
      "Reconciled Depreciation": 22393000000.0,
      "Reconciled Cost Of Revenue": 302535000000.0,
      "EBITDA": 92554000000.0,
      "EBIT": 70161000000.0,
      "Net Interest Income": -4300000000.0,
      "Interest Expense": 5346000000.0,
      "Interest Income": 1046000000.0,
      "Normalized Income": 41092533348.76186,
      "Net Income From Continuing And Discontinued Operation": 42309000000.0,
      "Total Expenses": 318205000000.0,
      "Diluted Average Shares": 7410500000.0,
      "Basic Average Shares": 7347500000.0,
      "Diluted EPS": 5.71,
      "Basic EPS": 5.76,
      "Diluted NI Availto Com Stockholders": 42309000000.0,
      "Net Income Common Stockholders": 42309000000.0,
      "Otherunder Preferred Stock Dividend": 0.0,
      "Net Income": 42309000000.0,
      "Minority Interests": -565000000.0,
      "Net Income Including Noncontrolling Interests": 42874000000.0,
      "Net Income Continuous Operations": 42874000000.0,
      "Tax Provision": 21941000000.0,
      "Pretax Income": 64815000000.0,
      "Other Non Operating Income Expenses": 319000000.0,
      "Special Income Charges": 1768000000.0,
      "Other Special Charges": -1768000000.0,
      "Write Off": -1126000000.0,
      "Impairment Of Capital Assets": null,
      "Net Non Operating Interest Income Expense": -4300000000.0,
      "Total Other Finance Cost": 649000000.0,
      "Interest Expense Non Operating": 5346000000.0,
      "Interest Income Non Operating": 1046000000.0,
      "Operating Income": 63109000000.0,
      "Operating Expense": 15670000000.0,
      "Other Operating Expenses": 1712000000.0,
      "Research And Development": 1075000000.0,
      "Selling General And Administration": 12883000000.0,
      "General And Administrative Expense": 12883000000.0,
      "Gross Profit": 78779000000.0,
      "Cost Of Revenue": 302535000000.0,
      "Total Revenue": 381314000000.0,
      "Operating Revenue": 381314000000.0
    },
    "2021-12-31T00:00:00": {
      "Tax Effect Of Unusual Items": 1858140000.0,
      "Tax Rate For Calcs": 0.31,
      "Normalized EBITDA": 50512000000.0,
      "Total Unusual Items": 5994000000.0,
      "Total Unusual Items Excluding Goodwill": 5994000000.0,
      "Net Income From Continuing Operation Net Minority Interest": 20101000000.0,
      "Reconciled Depreciation": 23071000000.0,
      "Reconciled Cost Of Revenue": 225655000000.0,
      "EBITDA": 56506000000.0,
      "EBIT": 33435000000.0,
      "Net Interest Income": -3095000000.0,
      "Interest Expense": 3606000000.0,
      "Interest Income": 511000000.0,
      "Normalized Income": 15965140000.0,
      "Net Income From Continuing And Discontinued Operation": 20101000000.0,
      "Total Expenses": 239221000000.0,
      "Diluted Average Shares": 7806800000.0,
      "Basic Average Shares": 7761700000.0,
      "Diluted EPS": 2.57,
      "Basic EPS": 2.59,
      "Diluted NI Availto Com Stockholders": 20101000000.0,
      "Net Income Common Stockholders": 20101000000.0,
      "Otherunder Preferred Stock Dividend": 0.0,
      "Net Income": 20101000000.0,
      "Minority Interests": -529000000.0,
      "Net Income Including Noncontrolling Interests": 20630000000.0,
      "Net Income Continuous Operations": 20630000000.0,
      "Tax Provision": 9199000000.0,
      "Pretax Income": 29829000000.0,
      "Other Non Operating Income Expenses": 341000000.0,
      "Special Income Charges": 5995000000.0,
      "Other Special Charges": -5995000000.0,
      "Write Off": -3851000000.0,
      "Impairment Of Capital Assets": -3851000000.0,
      "Net Non Operating Interest Income Expense": -3095000000.0,
      "Total Other Finance Cost": -28000000.0,
      "Interest Expense Non Operating": 3606000000.0,
      "Interest Income Non Operating": 511000000.0,
      "Operating Income": 22283000000.0,
      "Operating Expense": 13566000000.0,
      "Other Operating Expenses": 1423000000.0,
      "Research And Development": 815000000.0,
      "Selling General And Administration": 11328000000.0,
      "General And Administrative Expense": 11328000000.0,
      "Gross Profit": 35849000000.0,
      "Cost Of Revenue": 225655000000.0,
      "Total Revenue": 261504000000.0,
      "Operating Revenue": 261504000000.0
    }
  },
  "quarterly_income": {
    "2025-12-31T00:00:00": {
      "Tax Effect Of Unusual Items": null,
      "Tax Rate For Calcs": null,
      "Normalized EBITDA": null,
      "Total Unusual Items": null,
      "Total Unusual Items Excluding Goodwill": null,
      "Net Income From Continuing Operation Net Minority Interest": null,
      "Reconciled Depreciation": null,
      "Reconciled Cost Of Revenue": null,
      "EBITDA": null,
      "EBIT": null,
      "Net Interest Income": null,
      "Interest Expense": null,
      "Interest Income": null,
      "Normalized Income": null,
      "Net Income From Continuing And Discontinued Operation": null,
      "Total Expenses": null,
      "Diluted Average Shares": 5906000000.0,
      "Basic Average Shares": 5845800000.0,
      "Diluted EPS": 0.71,
      "Basic EPS": 0.72,
      "Diluted NI Availto Com Stockholders": null,
      "Net Income Common Stockholders": null,
      "Otherunder Preferred Stock Dividend": null,
      "Net Income": null,
      "Minority Interests": null,
      "Net Income Including Noncontrolling Interests": null,
      "Net Income Continuous Operations": null,
      "Tax Provision": null,
      "Pretax Income": null,
      "Other Non Operating Income Expenses": null,
      "Special Income Charges": null,
      "Other Special Charges": null,
      "Write Off": null,
      "Impairment Of Capital Assets": null,
      "Net Non Operating Interest Income Expense": null,
      "Interest Expense Non Operating": null,
      "Interest Income Non Operating": null,
      "Operating Income": null,
      "Operating Expense": null,
      "Other Operating Expenses": null,
      "Research And Development": null,
      "Selling General And Administration": null,
      "General And Administrative Expense": null,
      "Gross Profit": null,
      "Cost Of Revenue": null,
      "Total Revenue": null,
      "Operating Revenue": null
    },
    "2025-09-30T00:00:00": {
      "Tax Effect Of Unusual Items": 89744573.447754,
      "Tax Rate For Calcs": 0.316002,
      "Normalized EBITDA": 14747000000.0,
      "Total Unusual Items": 284000000.0,
      "Total Unusual Items Excluding Goodwill": 284000000.0,
      "Net Income From Continuing Operation Net Minority Interest": 5322000000.0,
      "Reconciled Depreciation": 5823000000.0,
      "Reconciled Cost Of Revenue": 56577000000.0,
      "EBITDA": 15031000000.0,
      "EBIT": 9208000000.0,
      "Net Interest Income": -816000000.0,
      "Interest Expense": 1284000000.0,
      "Interest Income": 468000000.0,
      "Normalized Income": 5127744573.447754,
      "Net Income From Continuing And Discontinued Operation": 5322000000.0,
      "Total Expenses": 60419000000.0,
      "Diluted Average Shares": null,
      "Basic Average Shares": null,
      "Diluted EPS": null,
      "Basic EPS": null,
      "Diluted NI Availto Com Stockholders": 5322000000.0,
      "Net Income Common Stockholders": 5322000000.0,
      "Otherunder Preferred Stock Dividend": 0.0,
      "Net Income": 5322000000.0,
      "Minority Interests": -98000000.0,
      "Net Income Including Noncontrolling Interests": 5420000000.0,
      "Net Income Continuous Operations": 5420000000.0,
      "Tax Provision": 2504000000.0,
      "Pretax Income": 7924000000.0,
      "Other Non Operating Income Expenses": 117000000.0,
      "Special Income Charges": 284000000.0,
      "Other Special Charges": -1068000000.0,
      "Write Off": null,
      "Impairment Of Capital Assets": 784000000.0,
      "Net Non Operating Interest Income Expense": -816000000.0,
      "Interest Expense Non Operating": 1284000000.0,
      "Interest Income Non Operating": 468000000.0,
      "Operating Income": 7734000000.0,
      "Operating Expense": 3842000000.0,
      "Other Operating Expenses": 175000000.0,
      "Research And Development": 409000000.0,
      "Selling General And Administration": 3258000000.0,
      "General And Administrative Expense": 3258000000.0,
      "Gross Profit": 11576000000.0,
      "Cost Of Revenue": 56577000000.0,
      "Total Revenue": 68153000000.0,
      "Operating Revenue": 68153000000.0
    },
    "2025-06-30T00:00:00": {
      "Tax Effect Of Unusual Items": 49957489.539749,
      "Tax Rate For Calcs": 0.390293,
      "Normalized EBITDA": 12385000000.0,
      "Total Unusual Items": 128000000.0,
      "Total Unusual Items Excluding Goodwill": 128000000.0,
      "Net Income From Continuing Operation Net Minority Interest": 3601000000.0,
      "Reconciled Depreciation": 5463000000.0,
      "Reconciled Cost Of Revenue": 55678000000.0,
      "EBITDA": 12513000000.0,
      "EBIT": 7050000000.0,
      "Net Interest Income": -516000000.0,
      "Interest Expense": 1075000000.0,
      "Interest Income": 559000000.0,
      "Normalized Income": 3522957489.539749,
      "Net Income From Continuing And Discontinued Operation": 3601000000.0,
      "Total Expenses": 59393000000.0,
      "Diluted Average Shares": 6004700000.0,
      "Basic Average Shares": 5947900000.0,
      "Diluted EPS": 0.6,
      "Basic EPS": 0.61,
      "Diluted NI Availto Com Stockholders": 3601000000.0,
      "Net Income Common Stockholders": 3601000000.0,
      "Otherunder Preferred Stock Dividend": 0.0,
      "Net Income": 3601000000.0,
      "Minority Interests": -43000000.0,
      "Net Income Including Noncontrolling Interests": 3644000000.0,
      "Net Income Continuous Operations": 3644000000.0,
      "Tax Provision": 2332000000.0,
      "Pretax Income": 5975000000.0,
      "Other Non Operating Income Expenses": 42000000.0,
      "Special Income Charges": 128000000.0,
      "Other Special Charges": -128000000.0,
      "Write Off": null,
      "Impairment Of Capital Assets": null,
      "Net Non Operating Interest Income Expense": -516000000.0,
      "Interest Expense Non Operating": 1075000000.0,
      "Interest Income Non Operating": 559000000.0,
      "Operating Income": 6013000000.0,
      "Operating Expense": 3715000000.0,
      "Other Operating Expenses": 360000000.0,
      "Research And Development": 278000000.0,
      "Selling General And Administration": 3077000000.0,
      "General And Administrative Expense": 3077000000.0,
      "Gross Profit": 9728000000.0,
      "Cost Of Revenue": 55678000000.0,
      "Total Revenue": 65406000000.0,
      "Operating Revenue": 65406000000.0
    },
    "2025-03-31T00:00:00": {
      "Tax Effect Of Unusual Items": -109250000.0,
      "Tax Rate For Calcs": 0.25,
      "Normalized EBITDA": 15646000000.0,
      "Total Unusual Items": -437000000.0,
      "Total Unusual Items Excluding Goodwill": -437000000.0,
      "Net Income From Continuing Operation Net Minority Interest": 4780000000.0,
      "Reconciled Depreciation": 5130000000.0,
      "Reconciled Cost Of Revenue": 56528000000.0,
      "EBITDA": 15209000000.0,
      "EBIT": 10079000000.0,
      "Net Interest Income": -639000000.0,
      "Interest Expense": 1120000000.0,
      "Interest Income": 481000000.0,
      "Normalized Income": 5107750000.0,
      "Net Income From Continuing And Discontinued Operation": 4780000000.0,
      "Total Expenses": 59763000000.0,
      "Diluted Average Shares": 6087800000.0,
      "Basic Average Shares": 6033500000.0,
      "Diluted EPS": 0.79,
      "Basic EPS": 0.79,
      "Diluted NI Availto Com Stockholders": 4780000000.0,
      "Net Income Common Stockholders": 4780000000.0,
      "Otherunder Preferred Stock Dividend": 0.0,
      "Net Income": 4780000000.0,
      "Minority Interests": -95000000.0,
      "Net Income Including Noncontrolling Interests": 4875000000.0,
      "Net Income Continuous Operations": 4875000000.0,
      "Tax Provision": 4083000000.0,
      "Pretax Income": 8959000000.0,
      "Other Non Operating Income Expenses": 85000000.0,
      "Special Income Charges": -437000000.0,
      "Other Special Charges": 127000000.0,
      "Write Off": null,
      "Impairment Of Capital Assets": 310000000.0,
      "Net Non Operating Interest Income Expense": -639000000.0,
      "Interest Expense Non Operating": 1120000000.0,
      "Interest Income Non Operating": 481000000.0,
      "Operating Income": 9471000000.0,
      "Operating Expense": 3235000000.0,
      "Other Operating Expenses": 210000000.0,
      "Research And Development": 185000000.0,
      "Selling General And Administration": 2840000000.0,
      "General And Administrative Expense": 2840000000.0,
      "Gross Profit": 12706000000.0,
      "Cost Of Revenue": 56528000000.0,
      "Total Revenue": 69234000000.0,
      "Operating Revenue": 69234000000.0
    },
    "2024-12-31T00:00:00": {
      "Tax Effect Of Unusual Items": 565250000.0,
      "Tax Rate For Calcs": 0.25,
      "Normalized EBITDA": 9058000000.0,
      "Total Unusual Items": 2261000000.0,
      "Total Unusual Items Excluding Goodwill": 2261000000.0,
      "Net Income From Continuing Operation Net Minority Interest": 928000000.0,
      "Reconciled Depreciation": 5829000000.0,
      "Reconciled Cost Of Revenue": 59447000000.0,
      "EBITDA": 11319000000.0,
      "EBIT": 5490000000.0,
      "Net Interest Income": -737000000.0,
      "Interest Expense": 1285000000.0,
      "Interest Income": 548000000.0,
      "Normalized Income": -767750000.0,
      "Net Income From Continuing And Discontinued Operation": 928000000.0,
      "Total Expenses": 63869000000.0,
      "Diluted Average Shares": 6213900000.0,
      "Basic Average Shares": 6148400000.0,
      "Diluted EPS": 0.15,
      "Basic EPS": 0.15,
      "Diluted NI Availto Com Stockholders": 928000000.0,
      "Net Income Common Stockholders": 928000000.0,
      "Otherunder Preferred Stock Dividend": 0.0,
      "Net Income": 928000000.0,
      "Minority Interests": -113000000.0,
      "Net Income Including Noncontrolling Interests": 1041000000.0,
      "Net Income Continuous Operations": 1041000000.0,
      "Tax Provision": 3164000000.0,
      "Pretax Income": 4205000000.0,
      "Other Non Operating Income Expenses": 130000000.0,
      "Special Income Charges": 2190000000.0,
      "Other Special Charges": null,
      "Write Off": null,
      "Impairment Of Capital Assets": null,
      "Net Non Operating Interest Income Expense": -737000000.0,
      "Interest Expense Non Operating": 1285000000.0,
      "Interest Income Non Operating": 548000000.0,
      "Operating Income": 2412000000.0,
      "Operating Expense": 4422000000.0,
      "Other Operating Expenses": 860000000.0,
      "Research And Development": 331000000.0,
      "Selling General And Administration": 3231000000.0,
      "General And Administrative Expense": 3231000000.0,
      "Gross Profit": 6834000000.0,
      "Cost Of Revenue": 59447000000.0,
      "Total Revenue": 66281000000.0,
      "Operating Revenue": 66281000000.0
    },
    "2024-09-30T00:00:00": {
      "Tax Effect Of Unusual Items": -194837414.030261,
      "Tax Rate For Calcs": 0.396011,
      "Normalized EBITDA": 14514000000.0,
      "Total Unusual Items": -492000000.0,
      "Total Unusual Items Excluding Goodwill": -492000000.0,
      "Net Income From Continuing Operation Net Minority Interest": 4291000000.0,
      "Reconciled Depreciation": 5578000000.0,
      "Reconciled Cost Of Revenue": 59941000000.0,
      "EBITDA": 14022000000.0,
      "EBIT": 8444000000.0,
      "Net Interest Income": -555000000.0,
      "Interest Expense": 1174000000.0,
      "Interest Income": 619000000.0,
      "Normalized Income": 4588162585.969739,
      "Net Income From Continuing And Discontinued Operation": 4291000000.0,
      "Total Expenses": 63679000000.0,
      "Diluted Average Shares": 6320900000.0,
      "Basic Average Shares": 6256500000.0,
      "Diluted EPS": 0.68,
      "Basic EPS": 0.69,
      "Diluted NI Availto Com Stockholders": 4291000000.0,
      "Net Income Common Stockholders": 4291000000.0,
      "Otherunder Preferred Stock Dividend": 0.0,
      "Net Income": 4291000000.0,
      "Minority Interests": -100000000.0,
      "Net Income Including Noncontrolling Interests": 4391000000.0,
      "Net Income Continuous Operations": 4391000000.0,
      "Tax Provision": 2879000000.0,
      "Pretax Income": 7270000000.0,
      "Other Non Operating Income Expenses": 159000000.0,
      "Special Income Charges": -492000000.0,
      "Other Special Charges": 154000000.0,
      "Write Off": 338000000.0,
      "Impairment Of Capital Assets": 338000000.0,
      "Net Non Operating Interest Income Expense": -555000000.0,
      "Interest Expense Non Operating": 1174000000.0,
      "Interest Income Non Operating": 619000000.0,
      "Operating Income": 7410000000.0,
      "Operating Expense": 3738000000.0,
      "Other Operating Expenses": 305000000.0,
      "Research And Development": 294000000.0,
      "Selling General And Administration": 3139000000.0,
      "General And Administrative Expense": 3139000000.0,
      "Gross Profit": 11148000000.0,
      "Cost Of Revenue": 59941000000.0,
      "Total Revenue": 71089000000.0,
      "Operating Revenue": 71089000000.0
    },
    "2024-06-30T00:00:00": {
      "Tax Effect Of Unusual Items": null,
      "Tax Rate For Calcs": null,
      "Normalized EBITDA": null,
      "Total Unusual Items": null,
      "Total Unusual Items Excluding Goodwill": null,
      "Net Income From Continuing Operation Net Minority Interest": null,
      "Reconciled Depreciation": null,
      "Reconciled Cost Of Revenue": null,
      "EBITDA": null,
      "EBIT": null,
      "Net Interest Income": null,
      "Interest Expense": null,
      "Interest Income": null,
      "Normalized Income": null,
      "Net Income From Continuing And Discontinued Operation": null,
      "Total Expenses": null,
      "Diluted Average Shares": null,
      "Basic Average Shares": null,
      "Diluted EPS": null,
      "Basic EPS": null,
      "Diluted NI Availto Com Stockholders": null,
      "Net Income Common Stockholders": null,
      "Otherunder Preferred Stock Dividend": null,
      "Net Income": null,
      "Minority Interests": null,
      "Net Income Including Noncontrolling Interests": null,
      "Net Income Continuous Operations": null,
      "Tax Provision": null,
      "Pretax Income": null,
      "Other Non Operating Income Expenses": null,
      "Special Income Charges": null,
      "Other Special Charges": -143000000.0,
      "Write Off": null,
      "Impairment Of Capital Assets": null,
      "Net Non Operating Interest Income Expense": null,
      "Interest Expense Non Operating": null,
      "Interest Income Non Operating": null,
      "Operating Income": null,
      "Operating Expense": null,
      "Other Operating Expenses": null,
      "Research And Development": null,
      "Selling General And Administration": null,
      "General And Administrative Expense": null,
      "Gross Profit": null,
      "Cost Of Revenue": null,
      "Total Revenue": null,
      "Operating Revenue": null
    }
  },
  "balance_sheet": {
    "2024-12-31T00:00:00": {
      "Treasury Shares Number": 30800000.0,
      "Ordinary Shares Number": 6084231158.0,
      "Share Issued": 6115031158.0,
      "Net Debt": 10540000000.0,
      "Total Debt": 77078000000.0,
      "Tangible Book Value": 152795000000.0,
      "Invested Capital": 226683000000.0,
      "Working Capital": 32892000000.0,
      "Net Tangible Assets": 152795000000.0,
      "Capital Lease Obligations": 28702000000.0,
      "Common Stock Equity": 178307000000.0,
      "Total Capitalization": 219763000000.0,
      "Total Equity Gross Minority Interest": 180168000000.0,
      "Minority Interest": 1861000000.0,
      "Stockholders Equity": 178307000000.0,
      "Other Equity Interest": 1417000000.0,
      "Treasury Stock": 803000000.0,
      "Retained Earnings": 158834000000.0,
      "Additional Paid In Capital": 424000000.0,
      "Capital Stock": 510000000.0,
      "Common Stock": 510000000.0,
      "Total Liabilities Net Minority Interest": 207441000000.0,
      "Total Non Current Liabilities Net Minority Interest": 112407000000.0,
      "Other Non Current Liabilities": null,
      "Derivative Product Liabilities": 2185000000.0,
      "Non Current Pension And Other Postretirement Benefit Plans": 6752000000.0,
      "Non Current Accrued Expenses": null,
      "Tradeand Other Payables Non Current": 3290000000.0,
      "Non Current Deferred Taxes Liabilities": 13505000000.0,
      "Long Term Debt And Capital Lease Obligation": 65448000000.0,
      "Long Term Capital Lease Obligation": 23992000000.0,
      "Long Term Debt": 41456000000.0,
      "Long Term Provisions": 21227000000.0,
      "Current Liabilities": 95034000000.0,
      "Other Current Liabilities": null,
      "Current Debt And Capital Lease Obligation": 11630000000.0,
      "Current Capital Lease Obligation": 4710000000.0,
      "Current Debt": 6920000000.0,
      "Current Provisions": 4469000000.0,
      "Payables": 54102000000.0,
      "Other Payable": 16248000000.0,
      "Total Tax Payable": 8087000000.0,
      "Accounts Payable": 29767000000.0,
      "Total Assets": 387609000000.0,
      "Total Non Current Assets": 259683000000.0,
      "Other Non Current Assets": null,
      "Defined Pension Benefit": 10003000000.0,
      "Non Current Prepaid Assets": null,
      "Non Current Deferred Taxes Assets": 6857000000.0,
      "Financial Assets": 374000000.0,
      "Investmentin Financial Assets": 2255000000.0,
      "Held To Maturity Securities": 37000000.0,
      "Available For Sale Securities": 2121000000.0,
      "Financial Assets Designatedas Fair Value Through Profitor Loss Total": 97000000.0,
      "Long Term Equity Investment": 23445000000.0,
      "Investmentsin Joint Venturesat Cost": 15783000000.0,
      "Investmentsin Associatesat Cost": 7662000000.0,
      "Goodwill And Other Intangible Assets": 25512000000.0,
      "Other Intangible Assets": 9480000000.0,
      "Goodwill": 16032000000.0,
      "Net PPE": 185219000000.0,
      "Accumulated Depreciation": -245527000000.0,
      "Gross PPE": 430746000000.0,
      "Other Properties": 150507000000.0,
      "Properties": 280239000000.0,
      "Current Assets": 127926000000.0,
      "Other Current Assets": null,
      "Hedging Assets Current": 9673000000.0,
      "Assets Held For Sale Current": 9857000000.0,
      "Restricted Cash": 1274000000.0,
      "Prepaid Assets": 5713000000.0,
      "Inventory": 23426000000.0,
      "Other Inventories": 1602000000.0,
      "Finished Goods": 20211000000.0,
      "Raw Materials": 1613000000.0,
      "Other Receivables": 8526000000.0,
      "Taxes Receivable": 391000000.0,
      "Accounts Receivable": 31041000000.0,
      "Allowance For Doubtful Accounts Receivable": -527000000.0,
      "Gross Accounts Receivable": 31568000000.0,
      "Cash Cash Equivalents And Short Term Investments": 37836000000.0,
      "Cash And Cash Equivalents": 37836000000.0,
      "Cash Equivalents": null,
      "Cash Financial": null
    },
    "2023-12-31T00:00:00": {
      "Treasury Shares Number": 0.0,
      "Ordinary Shares Number": 6524109049.0,
      "Share Issued": 6524109049.0,
      "Net Debt": 15518000000.0,
      "Total Debt": 81541000000.0,
      "Tangible Book Value": 159694000000.0,
      "Invested Capital": 240439000000.0,
      "Working Capital": 38648000000.0,
      "Net Tangible Assets": 159694000000.0,
      "Capital Lease Obligations": 27709000000.0,
      "Common Stock Equity": 186607000000.0,
      "Total Capitalization": 235151000000.0,
      "Total Equity Gross Minority Interest": 188362000000.0,
      "Minority Interest": 1755000000.0,
      "Stockholders Equity": 186607000000.0,
      "Other Equity Interest": 1308000000.0,
      "Treasury Stock": 997000000.0,
      "Retained Earnings": 165915000000.0,
      "Additional Paid In Capital": 390000000.0,
      "Capital Stock": 544000000.0,
      "Common Stock": 544000000.0,
      "Total Liabilities Net Minority Interest": 217908000000.0,
      "Total Non Current Liabilities Net Minority Interest": 122441000000.0,
      "Other Non Current Liabilities": null,
      "Derivative Product Liabilities": 2301000000.0,
      "Non Current Pension And Other Postretirement Benefit Plans": 7549000000.0,
      "Non Current Accrued Expenses": null,
      "Tradeand Other Payables Non Current": 3103000000.0,
      "Non Current Deferred Taxes Liabilities": 15347000000.0,
      "Long Term Debt And Capital Lease Obligation": 71610000000.0,
      "Long Term Capital Lease Obligation": 23066000000.0,
      "Long Term Debt": 48544000000.0,
      "Long Term Provisions": 22531000000.0,
      "Current Liabilities": 95467000000.0,
      "Other Current Liabilities": null,
      "Current Debt And Capital Lease Obligation": 9931000000.0,
      "Current Capital Lease Obligation": 4643000000.0,
      "Current Debt": 5288000000.0,
      "Current Provisions": 4041000000.0,
      "Payables": 58524000000.0,
      "Other Payable": 17406000000.0,
      "Total Tax Payable": 6527000000.0,
      "Accounts Payable": 34591000000.0,
      "Total Assets": 406270000000.0,
      "Total Non Current Assets": 272155000000.0,
      "Other Non Current Assets": null,
      "Defined Pension Benefit": 9151000000.0,
      "Non Current Prepaid Assets": null,
      "Non Current Deferred Taxes Assets": 6454000000.0,
      "Financial Assets": 801000000.0,
      "Investmentin Financial Assets": 3246000000.0,
      "Held To Maturity Securities": 28000000.0,
      "Available For Sale Securities": 2890000000.0,
      "Financial Assets Designatedas Fair Value Through Profitor Loss Total": 328000000.0,
      "Long Term Equity Investment": 24457000000.0,
      "Investmentsin Joint Venturesat Cost": 17382000000.0,
      "Investmentsin Associatesat Cost": 7075000000.0,
      "Goodwill And Other Intangible Assets": 26913000000.0,
      "Other Intangible Assets": 10253000000.0,
      "Goodwill": 16660000000.0,
      "Net PPE": 194835000000.0,
      "Accumulated Depreciation": -260235000000.0,
      "Gross PPE": 455070000000.0,
      "Other Properties": 160765000000.0,
      "Properties": 294305000000.0,
      "Current Assets": 134115000000.0,
      "Other Current Assets": null,
      "Hedging Assets Current": 15098000000.0,
      "Assets Held For Sale Current": 951000000.0,
      "Restricted Cash": 460000000.0,
      "Prepaid Assets": 6156000000.0,
      "Inventory": 26019000000.0,
      "Other Inventories": 2108000000.0,
      "Finished Goods": 22232000000.0,
      "Raw Materials": 1679000000.0,
      "Other Receivables": 10098000000.0,
      "Taxes Receivable": 558000000.0,
      "Accounts Receivable": 36273000000.0,
      "Allowance For Doubtful Accounts Receivable": -600000000.0,
      "Gross Accounts Receivable": 36873000000.0,
      "Cash Cash Equivalents And Short Term Investments": 38314000000.0,
      "Cash And Cash Equivalents": 38314000000.0,
      "Cash Equivalents": 32888000000.0,
      "Cash Financial": 5886000000.0
    },
    "2022-12-31T00:00:00": {
      "Treasury Shares Number": 0.0,
      "Ordinary Shares Number": 7003503393.0,
      "Share Issued": 7003503393.0,
      "Net Debt": 16062000000.0,
      "Total Debt": 83795000000.0,
      "Tangible Book Value": 164771000000.0,
      "Invested Capital": 246624000000.0,
      "Working Capital": 44627000000.0,
      "Net Tangible Assets": 164771000000.0,
      "Capital Lease Obligations": 27643000000.0,
      "Common Stock Equity": 190472000000.0,
      "Total Capitalization": 242004000000.0,
      "Total Equity Gross Minority Interest": 192597000000.0,
      "Minority Interest": 2125000000.0,
      "Stockholders Equity": 190472000000.0,
      "Other Equity Interest": 1140000000.0,
      "Treasury Stock": 726000000.0,
      "Retained Earnings": 169482000000.0,
      "Additional Paid In Capital": 350000000.0,
      "Capital Stock": 584000000.0,
      "Common Stock": 584000000.0,
      "Total Liabilities Net Minority Interest": 250427000000.0,
      "Total Non Current Liabilities Net Minority Interest": 129116000000.0,
      "Other Non Current Liabilities": -1000000.0,
      "Derivative Product Liabilities": 3563000000.0,
      "Non Current Pension And Other Postretirement Benefit Plans": 7296000000.0,
      "Non Current Accrued Expenses": 253000000.0,
      "Tradeand Other Payables Non Current": 3432000000.0,
      "Non Current Deferred Taxes Liabilities": 16186000000.0,
      "Long Term Debt And Capital Lease Obligation": 74794000000.0,
      "Long Term Capital Lease Obligation": 23262000000.0,
      "Long Term Debt": 51532000000.0,
      "Long Term Provisions": 23845000000.0,
      "Current Liabilities": 121311000000.0,
      "Other Current Liabilities": -1000000.0,
      "Current Debt And Capital Lease Obligation": 9001000000.0,
      "Current Capital Lease Obligation": 4381000000.0,
      "Current Debt": 4620000000.0,
      "Current Provisions": 2910000000.0,
      "Payables": 69271000000.0,
      "Other Payable": 18500000000.0,
      "Total Tax Payable": 8139000000.0,
      "Accounts Payable": 42632000000.0,
      "Total Assets": 443024000000.0,
      "Total Non Current Assets": 277086000000.0,
      "Other Non Current Assets": 1000000.0,
      "Defined Pension Benefit": 10200000000.0,
      "Non Current Prepaid Assets": 2160000000.0,
      "Non Current Deferred Taxes Assets": 7815000000.0,
      "Financial Assets": 582000000.0,
      "Investmentin Financial Assets": 3362000000.0,
      "Held To Maturity Securities": 21000000.0,
      "Available For Sale Securities": 2841000000.0,
      "Financial Assets Designatedas Fair Value Through Profitor Loss Total": 500000000.0,
      "Long Term Equity Investment": 23864000000.0,
      "Investmentsin Joint Venturesat Cost": 17056000000.0,
      "Investmentsin Associatesat Cost": 6808000000.0,
      "Goodwill And Other Intangible Assets": 25701000000.0,
      "Other Intangible Assets": 9662000000.0,
      "Goodwill": 16039000000.0,
      "Net PPE": 198642000000.0,
      "Accumulated Depreciation": -236319000000.0,
      "Gross PPE": 434961000000.0,
      "Other Properties": 146380000000.0,
      "Properties": 288581000000.0,
      "Current Assets": 165938000000.0,
      "Other Current Assets": -1000000.0,
      "Hedging Assets Current": 24437000000.0,
      "Assets Held For Sale Current": 2851000000.0,
      "Restricted Cash": 156000000.0,
      "Prepaid Assets": 14511000000.0,
      "Inventory": 31894000000.0,
      "Other Inventories": 2557000000.0,
      "Finished Goods": 27823000000.0,
      "Raw Materials": 1514000000.0,
      "Other Receivables": 12096000000.0,
      "Taxes Receivable": 363000000.0,
      "Accounts Receivable": 39334000000.0,
      "Allowance For Doubtful Accounts Receivable": -1055000000.0,
      "Gross Accounts Receivable": 40389000000.0,
      "Cash Cash Equivalents And Short Term Investments": 40090000000.0,
      "Cash And Cash Equivalents": 40090000000.0,
      "Cash Equivalents": 33638000000.0,
      "Cash Financial": 6608000000.0
    },
    "2021-12-31T00:00:00": {
      "Treasury Shares Number": 0.0,
      "Ordinary Shares Number": 7684132453.0,
      "Share Issued": 7684132453.0,
      "Net Debt": 24722000000.0,
      "Total Debt": 89086000000.0,
      "Tangible Book Value": 147272000000.0,
      "Invested Capital": 233544000000.0,
      "Working Capital": 33218000000.0,
      "Net Tangible Assets": 147272000000.0,
      "Capital Lease Obligations": 27507000000.0,
      "Common Stock Equity": 171965000000.0,
      "Total Capitalization": 229464000000.0,
      "Total Equity Gross Minority Interest": 175325000000.0,
      "Minority Interest": 3360000000.0,
      "Stockholders Equity": 171965000000.0,
      "Other Equity Interest": 964000000.0,
      "Treasury Stock": 610000000.0,
      "Retained Earnings": 153026000000.0,
      "Additional Paid In Capital": 293000000.0,
      "Capital Stock": 641000000.0,
      "Common Stock": 641000000.0,
      "Total Liabilities Net Minority Interest": 229054000000.0,
      "Total Non Current Liabilities Net Minority Interest": 133507000000.0,
      "Other Non Current Liabilities": 1000000.0,
      "Derivative Product Liabilities": 887000000.0,
      "Non Current Pension And Other Postretirement Benefit Plans": 11325000000.0,
      "Non Current Accrued Expenses": 364000000.0,
      "Tradeand Other Payables Non Current": 2075000000.0,
      "Non Current Deferred Taxes Liabilities": 12547000000.0,
      "Long Term Debt And Capital Lease Obligation": 80868000000.0,
      "Long Term Capital Lease Obligation": 23369000000.0,
      "Long Term Debt": 57499000000.0,
      "Long Term Provisions": 25804000000.0,
      "Current Liabilities": 95547000000.0,
      "Other Current Liabilities": 1000000.0,
      "Current Debt And Capital Lease Obligation": 8218000000.0,
      "Current Capital Lease Obligation": 4138000000.0,
      "Current Debt": 4080000000.0,
      "Current Provisions": 3338000000.0,
      "Payables": 55322000000.0,
      "Other Payable": 14410000000.0,
      "Total Tax Payable": 6776000000.0,
      "Accounts Payable": 34136000000.0,
      "Total Assets": 404379000000.0,
      "Total Non Current Assets": 275614000000.0,
      "Other Non Current Assets": null,
      "Defined Pension Benefit": 8471000000.0,
      "Non Current Prepaid Assets": 1520000000.0,
      "Non Current Deferred Taxes Assets": 12426000000.0,
      "Financial Assets": 815000000.0,
      "Investmentin Financial Assets": 3797000000.0,
      "Held To Maturity Securities": 4000000.0,
      "Available For Sale Securities": 3016000000.0,
      "Financial Assets Designatedas Fair Value Through Profitor Loss Total": 777000000.0,
      "Long Term Equity Investment": 23415000000.0,
      "Investmentsin Joint Venturesat Cost": 15767000000.0,
      "Investmentsin Associatesat Cost": 7648000000.0,
      "Goodwill And Other Intangible Assets": 24693000000.0,
      "Other Intangible Assets": 9773000000.0,
      "Goodwill": 14920000000.0,
      "Net PPE": 194932000000.0,
      "Accumulated Depreciation": -241837000000.0,
      "Gross PPE": 436769000000.0,
      "Other Properties": 138187000000.0,
      "Properties": 298582000000.0,
      "Current Assets": 128765000000.0,
      "Other Current Assets": null,
      "Hedging Assets Current": 11369000000.0,
      "Assets Held For Sale Current": 1960000000.0,
      "Restricted Cash": 113000000.0,
      "Prepaid Assets": 8975000000.0,
      "Inventory": 25258000000.0,
      "Other Inventories": 1727000000.0,
      "Finished Goods": 22145000000.0,
      "Raw Materials": 1386000000.0,
      "Other Receivables": 8738000000.0,
      "Taxes Receivable": 550000000.0,
      "Accounts Receivable": 34717000000.0,
      "Allowance For Doubtful Accounts Receivable": -1031000000.0,
      "Gross Accounts Receivable": 35748000000.0,
      "Cash Cash Equivalents And Short Term Investments": 36857000000.0,
      "Cash And Cash Equivalents": 36857000000.0,
      "Cash Equivalents": null,
      "Cash Financial": null
    }
  },
  "cashflow": {
    "2024-12-31T00:00:00": {
      "Free Cash Flow": 35086000000.0,
      "Repurchase Of Capital Stock": -13898000000.0,
      "Repayment Of Debt": -9672000000.0,
      "Issuance Of Debt": 363000000.0,
      "Issuance Of Capital Stock": -789000000.0,
      "Capital Expenditure": -19601000000.0,
      "End Cash Position": 39110000000.0,
      "Other Cash Adjustment Outside Changein Cash": null,
      "Beginning Cash Position": 38774000000.0,
      "Effect Of Exchange Rate Changes": -761000000.0,
      "Changes In Cash": 1097000000.0,
      "Financing Cash Flow": -38435000000.0,
      "Net Other Financing Charges": -609000000.0,
      "Interest Paid Cff": -4557000000.0,
      "Cash Dividends Paid": -8668000000.0,
      "Common Stock Dividend Paid": -8668000000.0,
      "Net Common Stock Issuance": -14687000000.0,
      "Common Stock Payments": -13898000000.0,
      "Common Stock Issuance": -789000000.0,
      "Net Issuance Payments Of Debt": -9619000000.0,
      "Net Short Term Debt Issuance": -310000000.0,
      "Net Long Term Debt Issuance": -9309000000.0,
      "Long Term Debt Payments": -9672000000.0,
      "Long Term Debt Issuance": 363000000.0,
      "Investing Cash Flow": -15155000000.0,
      "Net Other Investing Changes": 738000000.0,
      "Interest Received Cfi": 2399000000.0,
      "Net Investment Purchase And Sale": 502000000.0,
      "Sale Of Investment": 582000000.0,
      "Purchase Of Investment": -80000000.0,
      "Net Business Purchase And Sale": -814000000.0,
      "Sale Of Business": 590000000.0,
      "Purchase Of Business": -1404000000.0,
      "Net PPE Purchase And Sale": 1621000000.0,
      "Sale Of PPE": 1621000000.0,
      "Capital Expenditure Reported": -19601000000.0,
      "Operating Cash Flow": 54687000000.0,
      "Taxes Refund Paid": -12002000000.0,
      "Dividend Received Cfo": 3632000000.0,
      "Change In Working Capital": 2062000000.0,
      "Change In Payable": -5789000000.0,
      "Change In Inventory": 1273000000.0,
      "Change In Receivables": 6578000000.0,
      "Other Non Cash Items": 3126000000.0,
      "Depreciation And Amortization": 26872000000.0,
      "Depreciation": 26872000000.0,
      "Pension And Employee Benefit Expense": -326000000.0,
      "Gain Loss On Investment Securities": 2772000000.0,
      "Net Income From Continuing Operations": 29922000000.0
    },
    "2023-12-31T00:00:00": {
      "Free Cash Flow": 31198000000.0,
      "Repurchase Of Capital Stock": -14617000000.0,
      "Repayment Of Debt": -10650000000.0,
      "Issuance Of Debt": 1029000000.0,
      "Issuance Of Capital Stock": -889000000.0,
      "Capital Expenditure": -22993000000.0,
      "End Cash Position": 38774000000.0,
      "Other Cash Adjustment Outside Changein Cash": null,
      "Beginning Cash Position": 40246000000.0,
      "Effect Of Exchange Rate Changes": 306000000.0,
      "Changes In Cash": -1778000000.0,
      "Financing Cash Flow": -38235000000.0,
      "Net Other Financing Charges": 701000000.0,
      "Interest Paid Cff": -4441000000.0,
      "Cash Dividends Paid": -8393000000.0,
      "Common Stock Dividend Paid": -8393000000.0,
      "Net Common Stock Issuance": -15506000000.0,
      "Common Stock Payments": -14617000000.0,
      "Common Stock Issuance": -889000000.0,
      "Net Issuance Payments Of Debt": -9832000000.0,
      "Net Short Term Debt Issuance": -211000000.0,
      "Net Long Term Debt Issuance": -9621000000.0,
      "Long Term Debt Payments": -10650000000.0,
      "Long Term Debt Issuance": 1029000000.0,
      "Investing Cash Flow": -17734000000.0,
      "Net Other Investing Changes": 1444000000.0,
      "Interest Received Cfi": 2124000000.0,
      "Net Investment Purchase And Sale": -146000000.0,
      "Sale Of Investment": 51000000.0,
      "Purchase Of Investment": -197000000.0,
      "Net Business Purchase And Sale": -728000000.0,
      "Sale Of Business": 474000000.0,
      "Purchase Of Business": -1202000000.0,
      "Net PPE Purchase And Sale": 2565000000.0,
      "Sale Of PPE": 2565000000.0,
      "Capital Expenditure Reported": -22993000000.0,
      "Operating Cash Flow": 54191000000.0,
      "Taxes Refund Paid": -13712000000.0,
      "Dividend Received Cfo": 3674000000.0,
      "Change In Working Capital": 7838000000.0,
      "Change In Payable": -10888000000.0,
      "Change In Inventory": 6325000000.0,
      "Change In Receivables": 12401000000.0,
      "Other Non Cash Items": 1337000000.0,
      "Depreciation And Amortization": 23106000000.0,
      "Depreciation": 23106000000.0,
      "Pension And Employee Benefit Expense": -37000000.0,
      "Gain Loss On Investment Securities": -5969000000.0,
      "Net Income From Continuing Operations": 32627000000.0
    },
    "2022-12-31T00:00:00": {
      "Free Cash Flow": 45814000000.0,
      "Repurchase Of Capital Stock": -18437000000.0,
      "Repayment Of Debt": -8459000000.0,
      "Issuance Of Debt": 269000000.0,
      "Issuance Of Capital Stock": -593000000.0,
      "Capital Expenditure": -22600000000.0,
      "End Cash Position": 40246000000.0,
      "Other Cash Adjustment Outside Changein Cash": 1000000.0,
      "Beginning Cash Position": 36970000000.0,
      "Effect Of Exchange Rate Changes": -736000000.0,
      "Changes In Cash": 4012000000.0,
      "Financing Cash Flow": -41954000000.0,
      "Net Other Financing Charges": -3764000000.0,
      "Interest Paid Cff": -3677000000.0,
      "Cash Dividends Paid": -7405000000.0,
      "Common Stock Dividend Paid": -7405000000.0,
      "Net Common Stock Issuance": -19030000000.0,
      "Common Stock Payments": -18437000000.0,
      "Common Stock Issuance": -593000000.0,
      "Net Issuance Payments Of Debt": -7872000000.0,
      "Net Short Term Debt Issuance": 318000000.0,
      "Net Long Term Debt Issuance": -8190000000.0,
      "Long Term Debt Payments": -8459000000.0,
      "Long Term Debt Issuance": 269000000.0,
      "Investing Cash Flow": -22448000000.0,
      "Net Other Investing Changes": -580000000.0,
      "Interest Received Cfi": 906000000.0,
      "Net Investment Purchase And Sale": -143000000.0,
      "Sale Of Investment": 117000000.0,
      "Purchase Of Investment": -260000000.0,
      "Net Business Purchase And Sale": -1462000000.0,
      "Sale Of Business": 511000000.0,
      "Purchase Of Business": -1973000000.0,
      "Net PPE Purchase And Sale": 1431000000.0,
      "Sale Of PPE": 1431000000.0,
      "Capital Expenditure Reported": -22600000000.0,
      "Operating Cash Flow": 68414000000.0,
      "Taxes Refund Paid": -13120000000.0,
      "Dividend Received Cfo": 4398000000.0,
      "Change In Working Capital": -5434000000.0,
      "Change In Payable": 11915000000.0,
      "Change In Inventory": -8360000000.0,
      "Change In Receivables": -8989000000.0,
      "Other Non Cash Items": 5161000000.0,
      "Depreciation And Amortization": 22393000000.0,
      "Depreciation": 22393000000.0,
      "Pension And Employee Benefit Expense": 417000000.0,
      "Gain Loss On Investment Securities": -3261000000.0,
      "Net Income From Continuing Operations": 64815000000.0
    },
    "2021-12-31T00:00:00": {
      "Free Cash Flow": 26104000000.0,
      "Repurchase Of Capital Stock": -2889000000.0,
      "Repayment Of Debt": -21534000000.0,
      "Issuance Of Debt": 1791000000.0,
      "Issuance Of Capital Stock": -285000000.0,
      "Capital Expenditure": -19000000000.0,
      "End Cash Position": 36970000000.0,
      "Other Cash Adjustment Outside Changein Cash": null,
      "Beginning Cash Position": 31830000000.0,
      "Effect Of Exchange Rate Changes": -539000000.0,
      "Changes In Cash": 5679000000.0,
      "Financing Cash Flow": -34664000000.0,
      "Net Other Financing Charges": -1146000000.0,
      "Interest Paid Cff": -4014000000.0,
      "Cash Dividends Paid": -6253000000.0,
      "Common Stock Dividend Paid": -6253000000.0,
      "Net Common Stock Issuance": -3174000000.0,
      "Common Stock Payments": -2889000000.0,
      "Common Stock Issuance": -285000000.0,
      "Net Issuance Payments Of Debt": -19729000000.0,
      "Net Short Term Debt Issuance": 14000000.0,
      "Net Long Term Debt Issuance": -19743000000.0,
      "Long Term Debt Payments": -21534000000.0,
      "Long Term Debt Issuance": 1791000000.0,
      "Investing Cash Flow": -4761000000.0,
      "Net Other Investing Changes": -600000000.0,
      "Interest Received Cfi": 423000000.0,
      "Net Investment Purchase And Sale": 78000000.0,
      "Sale Of Investment": 296000000.0,
      "Purchase Of Investment": -218000000.0,
      "Net Business Purchase And Sale": 105000000.0,
      "Sale Of Business": 584000000.0,
      "Purchase Of Business": -479000000.0,
      "Net PPE Purchase And Sale": 14233000000.0,
      "Sale Of PPE": 14233000000.0,
      "Capital Expenditure Reported": -19000000000.0,
      "Operating Cash Flow": 45104000000.0,
      "Taxes Refund Paid": -5476000000.0,
      "Dividend Received Cfo": 3929000000.0,
      "Change In Working Capital": -10367000000.0,
      "Change In Payable": 17519000000.0,
      "Change In Inventory": -7319000000.0,
      "Change In Receivables": -20567000000.0,
      "Other Non Cash Items": 3823000000.0,
      "Depreciation And Amortization": 23071000000.0,
      "Depreciation": 23071000000.0,
      "Pension And Employee Benefit Expense": 16000000.0,
      "Gain Loss On Investment Securities": -113000000.0,
      "Net Income From Continuing Operations": 29829000000.0
    }
  },
  "earnings_estimate": {
    "avg": {
      "0q": 0.78502,
      "+1q": 0.79376,
      "0y": 3.14918,
      "+1y": 3.81167
    },
    "low": {
      "0q": 0.66,
      "+1q": 0.54,
      "0y": 2.52924,
      "+1y": 2.95
    },
    "high": {
      "0q": 0.89845,
      "+1q": 0.97721,
      "0y": 3.82491,
      "+1y": 6.14
    },
    "yearAgoEps": {
      "0q": 0.92,
      "+1q": 0.72,
      "0y": 3.15,
      "+1y": 3.14918
    },
    "numberOfAnalysts": {
      "0q": 5,
      "+1q": 5,
      "0y": 19,
      "+1y": 18
    },
    "growth": {
      "0q": -0.1467,
      "+1q": 0.1024,
      "0y": -0.0003,
      "+1y": 0.21040002
    }
  },
  "revenue_estimate": {
    "avg": {
      "0q": 69938524100,
      "+1q": 67800144069,
      "0y": 260299306690,
      "+1y": 283180109810
    },
    "low": {
      "0q": 60680266570,
      "+1q": 61800177820,
      "0y": 218240620700,
      "+1y": 250385000000
    },
    "high": {
      "0q": 81677829830,
      "+1q": 77830398470,
      "0y": 306602056240,
      "+1y": 331707125130
    },
    "numberOfAnalysts": {
      "0q": 4,
      "+1q": 4,
      "0y": 14,
      "+1y": 13
    },
    "yearAgoRevenue": {
      "0q": 69234000000,
      "+1q": 65406000000,
      "0y": 266886000000,
      "+1y": 260299306690
    },
    "growth": {
      "0q": 0.010199999,
      "+1q": 0.0366,
      "0y": -0.0247,
      "+1y": 0.0879
    }
  },
  "growth_estimates": {
    "stockTrend": {
      "0q": -0.1467,
      "+1q": 0.1024,
      "0y": -0.0003,
      "+1y": 0.21040002,
      "LTG": null
    },
    "indexTrend": {
      "0q": 0.1273,
      "+1q": 0.103599995,
      "0y": 0.14310001,
      "+1y": 0.1557,
      "LTG": 0.122
    }
  },
  "revenue_forecasts": null,
  "dividend_rate": 1.1,
  "trailing_dividend_rate": 1.446
}