{
  "ticker": "SHL.DE",
  "name": "Siemens Healthineers",
  "country": "germany",
  "currency": "EUR",
  "last_fetched": "2026-02-26T20:47:54.673288",
  "market_cap": 47341318144,
  "revenue": 23295000576,
  "net_income": 2119000064,
  "pe_ratio": 22.428572,
  "forward_pe": 16.083014,
  "dividend_yield": 2.4,
  "profit_margin": 0.090959996,
  "roe": 0.11193,
  "debt_to_equity": 79.389,
  "beta": 0.815,
  "ev_to_ebitda": 14.682,
  "sector": "Healthcare",
  "industry": "Medical Devices",
  "summary": "Siemens Healthineers AG, through its subsidiaries, develops, manufactures, and sells a range of diagnostic and therapeutic products and services to healthcare providers in Germany, the United States, rest of Europe, CIS, Africa, the Middle East, the Americas, the Asia Pacific, Japan, and China. It operates in four segments: Imaging, Diagnostics, Varian, and Advanced Therapies. The Imaging segment offers magnetic resonance imaging, computed tomography, X-ray, molecular imaging, and ultrasound systems; and software solutions to support the reading and structured reporting of diagnostic images from different modalities. Its Diagnostics segment provides in-vitro diagnostic products and services to healthcare providers in the fields of general and specialty laboratory, and point-of-care diagnostics; and workflow solutions for laboratories and informatics products. The Varian segment offers microwave, cryoablation, and embolization technologies, as well as clinical professional services for cancer care that support oncology departments in hospitals and clinics; and customized support for cancer care operations. Its Advanced Therapies segment provides products that are designed to support image-guided minimally invasive clinical procedures in various areas, such as cardiology, neurology, and oncology; angiography systems and mobile C-arms; and AI-powered clinical applications. It also offers essential technical customer service, such as maintenance and repair; spare parts; medical equipment performance management; training; clinical education and e-learning; planning and design; financing; asset management; and managed departmental services for laboratories and healthcare facilities, as well as healthcare consulting, products, and services. The company was founded in 1896 and is headquartered in Forchheim, Germany. Siemens Healthineers AG is a subsidiary of Siemens Aktiengesellschaft.",
  "website": "https://www.siemens-healthineers.com",
  "employees": 73800,
  "target_high": 63.0,
  "target_low": 44.0,
  "target_mean": 55.4225,
  "target_median": 55.5,
  "recommendation": "buy",
  "num_analysts": 20,
  "income_stmt": {
    "2025-09-30T00:00:00": {
      "Tax Effect Of Unusual Items": null,
      "Tax Rate For Calcs": null,
      "Normalized EBITDA": null,
      "Total Unusual Items": null,
      "Total Unusual Items Excluding Goodwill": null,
      "Net Income From Continuing Operation Net Minority Interest": null,
      "Reconciled Depreciation": null,
      "Reconciled Cost Of Revenue": null,
      "EBITDA": null,
      "EBIT": null,
      "Net Interest Income": null,
      "Interest Expense": null,
      "Interest Income": null,
      "Normalized Income": null,
      "Net Income From Continuing And Discontinued Operation": null,
      "Total Expenses": null,
      "Diluted Average Shares": 1124739000.0,
      "Basic Average Shares": 1119828000.0,
      "Diluted EPS": 1.91,
      "Basic EPS": 1.91,
      "Diluted NI Availto Com Stockholders": null,
      "Net Income Common Stockholders": null,
      "Otherunder Preferred Stock Dividend": null,
      "Net Income": null,
      "Minority Interests": null,
      "Net Income Including Noncontrolling Interests": null,
      "Net Income Continuous Operations": null,
      "Tax Provision": null,
      "Pretax Income": null,
      "Special Income Charges": null,
      "Other Special Charges": null,
      "Net Non Operating Interest Income Expense": null,
      "Total Other Finance Cost": null,
      "Interest Expense Non Operating": null,
      "Interest Income Non Operating": null,
      "Operating Income": null,
      "Operating Expense": null,
      "Other Operating Expenses": null,
      "Research And Development": null,
      "Selling General And Administration": null,
      "General And Administrative Expense": null,
      "Gross Profit": null,
      "Cost Of Revenue": null,
      "Total Revenue": null,
      "Operating Revenue": null
    },
    "2024-09-30T00:00:00": {
      "Tax Effect Of Unusual Items": 0.0,
      "Tax Rate For Calcs": 0.224,
      "Normalized EBITDA": 4222000000.0,
      "Total Unusual Items": null,
      "Total Unusual Items Excluding Goodwill": null,
      "Net Income From Continuing Operation Net Minority Interest": 1942000000.0,
      "Reconciled Depreciation": 1223000000.0,
      "Reconciled Cost Of Revenue": 13895000000.0,
      "EBITDA": 4222000000.0,
      "EBIT": 2999000000.0,
      "Net Interest Income": -283000000.0,
      "Interest Expense": 476000000.0,
      "Interest Income": 119000000.0,
      "Normalized Income": 1942000000.0,
      "Net Income From Continuing And Discontinued Operation": 1942000000.0,
      "Total Expenses": 19554000000.0,
      "Diluted Average Shares": 1123447000.0,
      "Basic Average Shares": 1118129000.0,
      "Diluted EPS": 1.73,
      "Basic EPS": 1.74,
      "Diluted NI Availto Com Stockholders": 1942000000.0,
      "Net Income Common Stockholders": 1942000000.0,
      "Otherunder Preferred Stock Dividend": 0.0,
      "Net Income": 1942000000.0,
      "Minority Interests": -17000000.0,
      "Net Income Including Noncontrolling Interests": 1959000000.0,
      "Net Income Continuous Operations": 1959000000.0,
      "Tax Provision": 564000000.0,
      "Pretax Income": 2523000000.0,
      "Special Income Charges": null,
      "Other Special Charges": null,
      "Net Non Operating Interest Income Expense": -283000000.0,
      "Total Other Finance Cost": -74000000.0,
      "Interest Expense Non Operating": 476000000.0,
      "Interest Income Non Operating": 119000000.0,
      "Operating Income": 2809000000.0,
      "Operating Expense": 5659000000.0,
      "Other Operating Expenses": 79000000.0,
      "Research And Development": 1918000000.0,
      "Selling General And Administration": 3681000000.0,
      "General And Administrative Expense": 3681000000.0,
      "Gross Profit": 8468000000.0,
      "Cost Of Revenue": 13895000000.0,
      "Total Revenue": 22363000000.0,
      "Operating Revenue": 22363000000.0
    },
    "2023-09-30T00:00:00": {
      "Tax Effect Of Unusual Items": 0.0,
      "Tax Rate For Calcs": 0.209,
      "Normalized EBITDA": 3781000000.0,
      "Total Unusual Items": null,
      "Total Unusual Items Excluding Goodwill": null,
      "Net Income From Continuing Operation Net Minority Interest": 1509000000.0,
      "Reconciled Depreciation": 1557000000.0,
      "Reconciled Cost Of Revenue": 13971000000.0,
      "EBITDA": 3781000000.0,
      "EBIT": 2224000000.0,
      "Net Interest Income": -207000000.0,
      "Interest Expense": 296000000.0,
      "Interest Income": 85000000.0,
      "Normalized Income": 1509000000.0,
      "Net Income From Continuing And Discontinued Operation": 1509000000.0,
      "Total Expenses": 19547000000.0,
      "Diluted Average Shares": 1123552000.0,
      "Basic Average Shares": 1119472000.0,
      "Diluted EPS": 1.34,
      "Basic EPS": 1.35,
      "Diluted NI Availto Com Stockholders": 1509000000.0,
      "Net Income Common Stockholders": 1509000000.0,
      "Otherunder Preferred Stock Dividend": 0.0,
      "Net Income": 1509000000.0,
      "Minority Interests": -16000000.0,
      "Net Income Including Noncontrolling Interests": 1525000000.0,
      "Net Income Continuous Operations": 1525000000.0,
      "Tax Provision": 403000000.0,
      "Pretax Income": 1928000000.0,
      "Special Income Charges": null,
      "Other Special Charges": null,
      "Net Non Operating Interest Income Expense": -207000000.0,
      "Total Other Finance Cost": -4000000.0,
      "Interest Expense Non Operating": 296000000.0,
      "Interest Income Non Operating": 85000000.0,
      "Operating Income": 2133000000.0,
      "Operating Expense": 5576000000.0,
      "Other Operating Expenses": 120000000.0,
      "Research And Development": 1866000000.0,
      "Selling General And Administration": 3607000000.0,
      "General And Administrative Expense": 3607000000.0,
      "Gross Profit": 7709000000.0,
      "Cost Of Revenue": 13971000000.0,
      "Total Revenue": 21680000000.0,
      "Operating Revenue": 21680000000.0
    },
    "2022-09-30T00:00:00": {
      "Tax Effect Of Unusual Items": 0.0,
      "Tax Rate For Calcs": 0.266,
      "Normalized EBITDA": 4261000000.0,
      "Total Unusual Items": null,
      "Total Unusual Items Excluding Goodwill": null,
      "Net Income From Continuing Operation Net Minority Interest": 2038000000.0,
      "Reconciled Depreciation": 1343000000.0,
      "Reconciled Cost Of Revenue": 13577000000.0,
      "EBITDA": 4261000000.0,
      "EBIT": 2918000000.0,
      "Net Interest Income": -127000000.0,
      "Interest Expense": 118000000.0,
      "Interest Income": 48000000.0,
      "Normalized Income": 2038000000.0,
      "Net Income From Continuing And Discontinued Operation": 2038000000.0,
      "Total Expenses": 18790000000.0,
      "Diluted Average Shares": 1127746000.0,
      "Basic Average Shares": 1122794000.0,
      "Diluted EPS": 1.81,
      "Basic EPS": 1.81,
      "Diluted NI Availto Com Stockholders": 2038000000.0,
      "Net Income Common Stockholders": 2038000000.0,
      "Otherunder Preferred Stock Dividend": 0.0,
      "Net Income": 2038000000.0,
      "Minority Interests": -17000000.0,
      "Net Income Including Noncontrolling Interests": 2054000000.0,
      "Net Income Continuous Operations": 2054000000.0,
      "Tax Provision": 746000000.0,
      "Pretax Income": 2800000000.0,
      "Special Income Charges": null,
      "Other Special Charges": null,
      "Net Non Operating Interest Income Expense": -127000000.0,
      "Total Other Finance Cost": 57000000.0,
      "Interest Expense Non Operating": 118000000.0,
      "Interest Income Non Operating": 48000000.0,
      "Operating Income": 2924000000.0,
      "Operating Expense": 5213000000.0,
      "Other Operating Expenses": 31000000.0,
      "Research And Development": 1785000000.0,
      "Selling General And Administration": 3408000000.0,
      "General And Administrative Expense": 3408000000.0,
      "Gross Profit": 8137000000.0,
      "Cost Of Revenue": 13577000000.0,
      "Total Revenue": 21714000000.0,
      "Operating Revenue": 21714000000.0
    },
    "2021-09-30T00:00:00": {
      "Tax Effect Of Unusual Items": 0.0,
      "Tax Rate For Calcs": 0.274,
      "Normalized EBITDA": 3526000000.0,
      "Total Unusual Items": 11000000.0,
      "Total Unusual Items Excluding Goodwill": 11000000.0,
      "Net Income From Continuing Operation Net Minority Interest": 1727000000.0,
      "Reconciled Depreciation": 1039000000.0,
      "Reconciled Cost Of Revenue": 11045000000.0,
      "EBITDA": 3526000000.0,
      "EBIT": 2487000000.0,
      "Net Interest Income": -170000000.0,
      "Interest Expense": 83000000.0,
      "Interest Income": 33000000.0,
      "Normalized Income": 1727000000.0,
      "Net Income From Continuing And Discontinued Operation": 1727000000.0,
      "Total Expenses": 15429000000.0,
      "Diluted Average Shares": null,
      "Basic Average Shares": null,
      "Diluted EPS": null,
      "Basic EPS": null,
      "Diluted NI Availto Com Stockholders": 1727000000.0,
      "Net Income Common Stockholders": 1727000000.0,
      "Otherunder Preferred Stock Dividend": 0.0,
      "Net Income": 1727000000.0,
      "Minority Interests": -18000000.0,
      "Net Income Including Noncontrolling Interests": 1746000000.0,
      "Net Income Continuous Operations": 1746000000.0,
      "Tax Provision": 658000000.0,
      "Pretax Income": 2404000000.0,
      "Special Income Charges": 11000000.0,
      "Other Special Charges": -11000000.0,
      "Net Non Operating Interest Income Expense": -170000000.0,
      "Total Other Finance Cost": 120000000.0,
      "Interest Expense Non Operating": 83000000.0,
      "Interest Income Non Operating": 33000000.0,
      "Operating Income": 2568000000.0,
      "Operating Expense": 4384000000.0,
      "Other Operating Expenses": 40000000.0,
      "Research And Development": 1546000000.0,
      "Selling General And Administration": 2817000000.0,
      "General And Administrative Expense": 2817000000.0,
      "Gross Profit": 6952000000.0,
      "Cost Of Revenue": 11045000000.0,
      "Total Revenue": 17997000000.0,
      "Operating Revenue": 17997000000.0
    }
  },
  "quarterly_income": {
    "2025-12-31T00:00:00": {
      "Tax Effect Of Unusual Items": 0.0,
      "Tax Rate For Calcs": 0.244,
      "Normalized EBITDA": 997000000.0,
      "Net Income From Continuing Operation Net Minority Interest": 449000000.0,
      "Reconciled Depreciation": 298000000.0,
      "Reconciled Cost Of Revenue": 3326000000.0,
      "EBITDA": 997000000.0,
      "EBIT": 699000000.0,
      "Net Interest Income": -74000000.0,
      "Interest Expense": 96000000.0,
      "Interest Income": 24000000.0,
      "Normalized Income": 449000000.0,
      "Net Income From Continuing And Discontinued Operation": 449000000.0,
      "Total Expenses": 4724000000.0,
      "Diluted Average Shares": 1122500000.0,
      "Basic Average Shares": 1122500000.0,
      "Diluted EPS": 0.4,
      "Basic EPS": 0.4,
      "Diluted NI Availto Com Stockholders": 449000000.0,
      "Net Income Common Stockholders": 449000000.0,
      "Otherunder Preferred Stock Dividend": 0.0,
      "Net Income": 449000000.0,
      "Minority Interests": -6000000.0,
      "Net Income Including Noncontrolling Interests": 456000000.0,
      "Net Income Continuous Operations": 456000000.0,
      "Tax Provision": 147000000.0,
      "Pretax Income": 603000000.0,
      "Net Non Operating Interest Income Expense": -74000000.0,
      "Total Other Finance Cost": 2000000.0,
      "Interest Expense Non Operating": 96000000.0,
      "Interest Income Non Operating": 24000000.0,
      "Operating Income": 677000000.0,
      "Operating Expense": 1398000000.0,
      "Other Operating Expenses": 6000000.0,
      "Research And Development": 476000000.0,
      "Selling General And Administration": 925000000.0,
      "General And Administrative Expense": 925000000.0,
      "Gross Profit": 2075000000.0,
      "Cost Of Revenue": 3326000000.0,
      "Total Revenue": 5402000000.0,
      "Operating Revenue": 5402000000.0
    },
    "2025-06-30T00:00:00": {
      "Tax Effect Of Unusual Items": 0.0,
      "Tax Rate For Calcs": 0.24,
      "Normalized EBITDA": 1210000000.0,
      "Net Income From Continuing Operation Net Minority Interest": 552000000.0,
      "Reconciled Depreciation": 370000000.0,
      "Reconciled Cost Of Revenue": 3481000000.0,
      "EBITDA": 1210000000.0,
      "EBIT": 840000000.0,
      "Net Interest Income": 4000000.0,
      "Interest Expense": 104000000.0,
      "Interest Income": 25000000.0,
      "Normalized Income": 552000000.0,
      "Net Income From Continuing And Discontinued Operation": 552000000.0,
      "Total Expenses": 4930000000.0,
      "Diluted Average Shares": 1126530612.0,
      "Basic Average Shares": 1126530612.0,
      "Diluted EPS": 0.49,
      "Basic EPS": 0.49,
      "Diluted NI Availto Com Stockholders": 552000000.0,
      "Net Income Common Stockholders": 552000000.0,
      "Otherunder Preferred Stock Dividend": 0.0,
      "Net Income": 552000000.0,
      "Minority Interests": -4000000.0,
      "Net Income Including Noncontrolling Interests": 556000000.0,
      "Net Income Continuous Operations": 556000000.0,
      "Tax Provision": 180000000.0,
      "Pretax Income": 736000000.0,
      "Net Non Operating Interest Income Expense": 4000000.0,
      "Total Other Finance Cost": -83000000.0,
      "Interest Expense Non Operating": 104000000.0,
      "Interest Income Non Operating": 25000000.0,
      "Operating Income": 732000000.0,
      "Operating Expense": 1449000000.0,
      "Other Operating Expenses": 10000000.0,
      "Research And Development": 493000000.0,
      "Selling General And Administration": 947000000.0,
      "General And Administrative Expense": 947000000.0,
      "Gross Profit": 2181000000.0,
      "Cost Of Revenue": 3481000000.0,
      "Total Revenue": 5662000000.0,
      "Operating Revenue": 5662000000.0
    },
    "2025-03-31T00:00:00": {
      "Tax Effect Of Unusual Items": 0.0,
      "Tax Rate For Calcs": 0.265753,
      "Normalized EBITDA": 1146000000.0,
      "Net Income From Continuing Operation Net Minority Interest": 530000000.0,
      "Reconciled Depreciation": 312000000.0,
      "Reconciled Cost Of Revenue": 3586000000.0,
      "EBITDA": 1146000000.0,
      "EBIT": 834000000.0,
      "Net Interest Income": -111000000.0,
      "Interest Expense": 104000000.0,
      "Interest Income": 25000000.0,
      "Normalized Income": 530000000.0,
      "Net Income From Continuing And Discontinued Operation": 530000000.0,
      "Total Expenses": 5065000000.0,
      "Diluted Average Shares": null,
      "Basic Average Shares": null,
      "Diluted EPS": null,
      "Basic EPS": null,
      "Diluted NI Availto Com Stockholders": 530000000.0,
      "Net Income Common Stockholders": 530000000.0,
      "Otherunder Preferred Stock Dividend": 0.0,
      "Net Income": 530000000.0,
      "Minority Interests": -6000000.0,
      "Net Income Including Noncontrolling Interests": 537000000.0,
      "Net Income Continuous Operations": 536000000.0,
      "Tax Provision": 194000000.0,
      "Pretax Income": 730000000.0,
      "Net Non Operating Interest Income Expense": -111000000.0,
      "Total Other Finance Cost": 32000000.0,
      "Interest Expense Non Operating": 104000000.0,
      "Interest Income Non Operating": 25000000.0,
      "Operating Income": 844000000.0,
      "Operating Expense": 1479000000.0,
      "Other Operating Expenses": 7000000.0,
      "Research And Development": 485000000.0,
      "Selling General And Administration": 991000000.0,
      "General And Administrative Expense": 991000000.0,
      "Gross Profit": 2323000000.0,
      "Cost Of Revenue": 3586000000.0,
      "Total Revenue": 5909000000.0,
      "Operating Revenue": 5909000000.0
    },
    "2024-12-31T00:00:00": {
      "Tax Effect Of Unusual Items": 0.0,
      "Tax Rate For Calcs": 0.224,
      "Normalized EBITDA": 1030000000.0,
      "Net Income From Continuing Operation Net Minority Interest": 474000000.0,
      "Reconciled Depreciation": 305000000.0,
      "Reconciled Cost Of Revenue": 3330000000.0,
      "EBITDA": 1030000000.0,
      "EBIT": 725000000.0,
      "Net Interest Income": -81000000.0,
      "Interest Expense": 108000000.0,
      "Interest Income": 31000000.0,
      "Normalized Income": 474000000.0,
      "Net Income From Continuing And Discontinued Operation": 474000000.0,
      "Total Expenses": 4785000000.0,
      "Diluted Average Shares": 1128571429.0,
      "Basic Average Shares": 1128571429.0,
      "Diluted EPS": 0.42,
      "Basic EPS": 0.42,
      "Diluted NI Availto Com Stockholders": 474000000.0,
      "Net Income Common Stockholders": 474000000.0,
      "Otherunder Preferred Stock Dividend": 0.0,
      "Net Income": 474000000.0,
      "Minority Interests": -4000000.0,
      "Net Income Including Noncontrolling Interests": 478000000.0,
      "Net Income Continuous Operations": 479000000.0,
      "Tax Provision": 138000000.0,
      "Pretax Income": 617000000.0,
      "Net Non Operating Interest Income Expense": -81000000.0,
      "Total Other Finance Cost": 4000000.0,
      "Interest Expense Non Operating": 108000000.0,
      "Interest Income Non Operating": 31000000.0,
      "Operating Income": 697000000.0,
      "Operating Expense": 1455000000.0,
      "Other Operating Expenses": 5000000.0,
      "Research And Development": 481000000.0,
      "Selling General And Administration": 973000000.0,
      "General And Administrative Expense": 973000000.0,
      "Gross Profit": 2152000000.0,
      "Cost Of Revenue": 3330000000.0,
      "Total Revenue": 5482000000.0,
      "Operating Revenue": 5482000000.0
    },
    "2024-09-30T00:00:00": {
      "Tax Effect Of Unusual Items": 0.0,
      "Tax Rate For Calcs": 0.26,
      "Normalized EBITDA": 1295000000.0,
      "Net Income From Continuing Operation Net Minority Interest": 616000000.0,
      "Reconciled Depreciation": 309000000.0,
      "Reconciled Cost Of Revenue": 3921000000.0,
      "EBITDA": 1295000000.0,
      "EBIT": 986000000.0,
      "Net Interest Income": -99000000.0,
      "Interest Expense": 142000000.0,
      "Interest Income": 29000000.0,
      "Normalized Income": 616000000.0,
      "Net Income From Continuing And Discontinued Operation": 616000000.0,
      "Total Expenses": 5383000000.0,
      "Diluted Average Shares": 1120000000.0,
      "Basic Average Shares": 1120000000.0,
      "Diluted EPS": 0.55,
      "Basic EPS": 0.55,
      "Diluted NI Availto Com Stockholders": 616000000.0,
      "Net Income Common Stockholders": 616000000.0,
      "Otherunder Preferred Stock Dividend": 0.0,
      "Net Income": 616000000.0,
      "Minority Interests": -7000000.0,
      "Net Income Including Noncontrolling Interests": 624000000.0,
      "Net Income Continuous Operations": 623000000.0,
      "Tax Provision": 221000000.0,
      "Pretax Income": 844000000.0,
      "Net Non Operating Interest Income Expense": -99000000.0,
      "Total Other Finance Cost": -14000000.0,
      "Interest Expense Non Operating": 142000000.0,
      "Interest Income Non Operating": 29000000.0,
      "Operating Income": 946000000.0,
      "Operating Expense": 1462000000.0,
      "Other Operating Expenses": 8000000.0,
      "Research And Development": 496000000.0,
      "Selling General And Administration": 962000000.0,
      "General And Administrative Expense": 962000000.0,
      "Gross Profit": 2408000000.0,
      "Cost Of Revenue": 3921000000.0,
      "Total Revenue": 6329000000.0,
      "Operating Revenue": 6329000000.0
    },
    "2024-06-30T00:00:00": {
      "Tax Effect Of Unusual Items": null,
      "Tax Rate For Calcs": null,
      "Normalized EBITDA": null,
      "Net Income From Continuing Operation Net Minority Interest": null,
      "Reconciled Depreciation": null,
      "Reconciled Cost Of Revenue": null,
      "EBITDA": null,
      "EBIT": null,
      "Net Interest Income": null,
      "Interest Expense": null,
      "Interest Income": null,
      "Normalized Income": null,
      "Net Income From Continuing And Discontinued Operation": null,
      "Total Expenses": null,
      "Diluted Average Shares": 1116666667.0,
      "Basic Average Shares": 1116666667.0,
      "Diluted EPS": 0.42,
      "Basic EPS": 0.42,
      "Diluted NI Availto Com Stockholders": null,
      "Net Income Common Stockholders": null,
      "Otherunder Preferred Stock Dividend": null,
      "Net Income": null,
      "Minority Interests": null,
      "Net Income Including Noncontrolling Interests": null,
      "Net Income Continuous Operations": null,
      "Tax Provision": null,
      "Pretax Income": null,
      "Net Non Operating Interest Income Expense": null,
      "Total Other Finance Cost": null,
      "Interest Expense Non Operating": null,
      "Interest Income Non Operating": null,
      "Operating Income": null,
      "Operating Expense": null,
      "Other Operating Expenses": null,
      "Research And Development": null,
      "Selling General And Administration": null,
      "General And Administrative Expense": null,
      "Gross Profit": null,
      "Cost Of Revenue": null,
      "Total Revenue": null,
      "Operating Revenue": null
    }
  },
  "balance_sheet": {
    "2025-09-30T00:00:00": {
      "Treasury Shares Number": 11196059.0,
      "Ordinary Shares Number": 1116803941.0,
      "Share Issued": null,
      "Total Debt": 756000000.0,
      "Tangible Book Value": -5590000000.0,
      "Invested Capital": 18133000000.0,
      "Working Capital": null,
      "Net Tangible Assets": -5590000000.0,
      "Capital Lease Obligations": 663000000.0,
      "Common Stock Equity": null,
      "Total Capitalization": null,
      "Total Equity Gross Minority Interest": null,
      "Minority Interest": null,
      "Stockholders Equity": null,
      "Other Equity Interest": -1000000.0,
      "Treasury Stock": null,
      "Retained Earnings": null,
      "Additional Paid In Capital": null,
      "Capital Stock": null,
      "Common Stock": null,
      "Total Liabilities Net Minority Interest": null,
      "Total Non Current Liabilities Net Minority Interest": null,
      "Other Non Current Liabilities": 323000000.0,
      "Non Current Pension And Other Postretirement Benefit Plans": 647000000.0,
      "Tradeand Other Payables Non Current": null,
      "Non Current Deferred Taxes Liabilities": null,
      "Long Term Debt And Capital Lease Obligation": null,
      "Long Term Capital Lease Obligation": 487000000.0,
      "Long Term Debt": null,
      "Long Term Provisions": null,
      "Current Liabilities": null,
      "Other Current Liabilities": 149000000.0,
      "Current Debt And Capital Lease Obligation": 269000000.0,
      "Current Capital Lease Obligation": 176000000.0,
      "Current Debt": 93000000.0,
      "Pensionand Other Post Retirement Benefit Plans Current": 392000000.0,
      "Current Provisions": null,
      "Payables": 6590000000.0,
      "Other Payable": null,
      "Total Tax Payable": 1102000000.0,
      "Accounts Payable": null,
      "Total Assets": null,
      "Total Non Current Assets": null,
      "Other Non Current Assets": 92000000.0,
      "Non Current Prepaid Assets": 113000000.0,
      "Non Current Deferred Assets": 336000000.0,
      "Non Current Deferred Taxes Assets": null,
      "Financial Assets": 520000000.0,
      "Investmentin Financial Assets": 134000000.0,
      "Available For Sale Securities": 134000000.0,
      "Long Term Equity Investment": null,
      "Goodwill And Other Intangible Assets": 23630000000.0,
      "Other Intangible Assets": null,
      "Goodwill": 17125000000.0,
      "Net PPE": 4715000000.0,
      "Accumulated Depreciation": -4719000000.0,
      "Gross PPE": 9434000000.0,
      "Construction In Progress": 798000000.0,
      "Other Properties": 2501000000.0,
      "Machinery Furniture Equipment": 2811000000.0,
      "Buildings And Improvements": 1080000000.0,
      "Land And Improvements": 2244000000.0,
      "Properties": 0.0,
      "Current Assets": null,
      "Other Current Assets": 49000000.0,
      "Hedging Assets Current": 216000000.0,
      "Prepaid Assets": 234000000.0,
      "Inventory": 4086000000.0,
      "Finished Goods": 1643000000.0,
      "Work In Process": 1105000000.0,
      "Raw Materials": 1338000000.0,
      "Other Receivables": 1933000000.0,
      "Taxes Receivable": 651000000.0,
      "Accounts Receivable": 4603000000.0,
      "Cash Cash Equivalents And Short Term Investments": 2248000000.0,
      "Other Short Term Investments": 73000000.0,
      "Cash And Cash Equivalents": null
    },
    "2024-09-30T00:00:00": {
      "Treasury Shares Number": 8729956.0,
      "Ordinary Shares Number": 1119270044.0,
      "Share Issued": 1128000000.0,
      "Total Debt": 780000000.0,
      "Tangible Book Value": -6525000000.0,
      "Invested Capital": 18294000000.0,
      "Working Capital": 2870000000.0,
      "Net Tangible Assets": -6525000000.0,
      "Capital Lease Obligations": 685000000.0,
      "Common Stock Equity": 18199000000.0,
      "Total Capitalization": 18199000000.0,
      "Total Equity Gross Minority Interest": 18248000000.0,
      "Minority Interest": 49000000.0,
      "Stockholders Equity": 18199000000.0,
      "Other Equity Interest": -522000000.0,
      "Treasury Stock": 433000000.0,
      "Retained Earnings": 2154000000.0,
      "Additional Paid In Capital": 15872000000.0,
      "Capital Stock": 1128000000.0,
      "Common Stock": 1128000000.0,
      "Total Liabilities Net Minority Interest": 27807000000.0,
      "Total Non Current Liabilities Net Minority Interest": 16234000000.0,
      "Other Non Current Liabilities": 321000000.0,
      "Non Current Pension And Other Postretirement Benefit Plans": 739000000.0,
      "Tradeand Other Payables Non Current": 12941000000.0,
      "Non Current Deferred Taxes Liabilities": 1510000000.0,
      "Long Term Debt And Capital Lease Obligation": 513000000.0,
      "Long Term Capital Lease Obligation": 513000000.0,
      "Long Term Debt": 0.0,
      "Long Term Provisions": 176000000.0,
      "Current Liabilities": 11573000000.0,
      "Other Current Liabilities": 160000000.0,
      "Current Debt And Capital Lease Obligation": 267000000.0,
      "Current Capital Lease Obligation": 172000000.0,
      "Current Debt": 95000000.0,
      "Pensionand Other Post Retirement Benefit Plans Current": 402000000.0,
      "Current Provisions": 413000000.0,
      "Payables": 5426000000.0,
      "Other Payable": 2510000000.0,
      "Total Tax Payable": 790000000.0,
      "Accounts Payable": 2126000000.0,
      "Total Assets": 46055000000.0,
      "Total Non Current Assets": 31612000000.0,
      "Other Non Current Assets": 84000000.0,
      "Non Current Prepaid Assets": 121000000.0,
      "Non Current Deferred Assets": 327000000.0,
      "Non Current Deferred Taxes Assets": 476000000.0,
      "Financial Assets": 861000000.0,
      "Investmentin Financial Assets": 208000000.0,
      "Available For Sale Securities": 208000000.0,
      "Long Term Equity Investment": 30000000.0,
      "Goodwill And Other Intangible Assets": 24724000000.0,
      "Other Intangible Assets": 7062000000.0,
      "Goodwill": 17662000000.0,
      "Net PPE": 4475000000.0,
      "Accumulated Depreciation": -4600000000.0,
      "Gross PPE": 9075000000.0,
      "Construction In Progress": 608000000.0,
      "Other Properties": 2435000000.0,
      "Machinery Furniture Equipment": 2738000000.0,
      "Buildings And Improvements": 1080000000.0,
      "Land And Improvements": 2214000000.0,
      "Properties": 0.0,
      "Current Assets": 14443000000.0,
      "Other Current Assets": 38000000.0,
      "Hedging Assets Current": 66000000.0,
      "Prepaid Assets": 216000000.0,
      "Inventory": 4143000000.0,
      "Finished Goods": 1688000000.0,
      "Work In Process": 1147000000.0,
      "Raw Materials": 1308000000.0,
      "Other Receivables": 1999000000.0,
      "Taxes Receivable": 728000000.0,
      "Accounts Receivable": 4405000000.0,
      "Cash Cash Equivalents And Short Term Investments": 2775000000.0,
      "Other Short Term Investments": 92000000.0,
      "Cash And Cash Equivalents": 2683000000.0
    },
    "2023-09-30T00:00:00": {
      "Treasury Shares Number": 12211886.0,
      "Ordinary Shares Number": 1115788114.0,
      "Share Issued": 1128000000.0,
      "Total Debt": 633000000.0,
      "Tangible Book Value": -7763000000.0,
      "Invested Capital": 18122000000.0,
      "Working Capital": 696000000.0,
      "Net Tangible Assets": -7763000000.0,
      "Capital Lease Obligations": 592000000.0,
      "Common Stock Equity": 18081000000.0,
      "Total Capitalization": 18091000000.0,
      "Total Equity Gross Minority Interest": 18133000000.0,
      "Minority Interest": 52000000.0,
      "Stockholders Equity": 18081000000.0,
      "Other Equity Interest": null,
      "Treasury Stock": 607000000.0,
      "Retained Earnings": 1381000000.0,
      "Additional Paid In Capital": 15839000000.0,
      "Capital Stock": 1128000000.0,
      "Common Stock": 1128000000.0,
      "Total Liabilities Net Minority Interest": 28551000000.0,
      "Total Non Current Liabilities Net Minority Interest": 15111000000.0,
      "Other Non Current Liabilities": 301000000.0,
      "Non Current Pension And Other Postretirement Benefit Plans": 689000000.0,
      "Tradeand Other Payables Non Current": 11821000000.0,
      "Non Current Deferred Taxes Liabilities": 1663000000.0,
      "Long Term Debt And Capital Lease Obligation": 436000000.0,
      "Long Term Capital Lease Obligation": 426000000.0,
      "Long Term Debt": 10000000.0,
      "Long Term Provisions": 172000000.0,
      "Current Liabilities": 13440000000.0,
      "Other Current Liabilities": 168000000.0,
      "Current Debt And Capital Lease Obligation": 197000000.0,
      "Current Capital Lease Obligation": 166000000.0,
      "Current Debt": 31000000.0,
      "Pensionand Other Post Retirement Benefit Plans Current": 420000000.0,
      "Current Provisions": 409000000.0,
      "Payables": 7256000000.0,
      "Other Payable": 4204000000.0,
      "Total Tax Payable": 849000000.0,
      "Accounts Payable": 2203000000.0,
      "Total Assets": 46684000000.0,
      "Total Non Current Assets": 32548000000.0,
      "Other Non Current Assets": 33000000.0,
      "Non Current Prepaid Assets": 138000000.0,
      "Non Current Deferred Assets": 309000000.0,
      "Non Current Deferred Taxes Assets": 416000000.0,
      "Financial Assets": 1031000000.0,
      "Investmentin Financial Assets": 243000000.0,
      "Available For Sale Securities": 243000000.0,
      "Long Term Equity Investment": 35000000.0,
      "Goodwill And Other Intangible Assets": 25844000000.0,
      "Other Intangible Assets": 7726000000.0,
      "Goodwill": 18118000000.0,
      "Net PPE": 4210000000.0,
      "Accumulated Depreciation": -4294000000.0,
      "Gross PPE": 8504000000.0,
      "Construction In Progress": 505000000.0,
      "Other Properties": 2313000000.0,
      "Machinery Furniture Equipment": 2559000000.0,
      "Buildings And Improvements": 948000000.0,
      "Land And Improvements": 2179000000.0,
      "Properties": 0.0,
      "Current Assets": 14136000000.0,
      "Other Current Assets": 25000000.0,
      "Hedging Assets Current": 362000000.0,
      "Prepaid Assets": 238000000.0,
      "Inventory": 4261000000.0,
      "Finished Goods": 1811000000.0,
      "Work In Process": 1159000000.0,
      "Raw Materials": 1291000000.0,
      "Other Receivables": 1727000000.0,
      "Taxes Receivable": 660000000.0,
      "Accounts Receivable": 4420000000.0,
      "Cash Cash Equivalents And Short Term Investments": 2371000000.0,
      "Other Short Term Investments": 124000000.0,
      "Cash And Cash Equivalents": 2247000000.0
    },
    "2022-09-30T00:00:00": {
      "Treasury Shares Number": 8606278.0,
      "Ordinary Shares Number": 1119393722.0,
      "Share Issued": 1128000000.0,
      "Total Debt": 694000000.0,
      "Tangible Book Value": -7937000000.0,
      "Invested Capital": 19918000000.0,
      "Working Capital": 1355000000.0,
      "Net Tangible Assets": -7937000000.0,
      "Capital Lease Obligations": 612000000.0,
      "Common Stock Equity": 19836000000.0,
      "Total Capitalization": 19851000000.0,
      "Total Equity Gross Minority Interest": 19852000000.0,
      "Minority Interest": 16000000.0,
      "Stockholders Equity": 19836000000.0,
      "Other Equity Interest": 1000000.0,
      "Treasury Stock": 405000000.0,
      "Retained Earnings": 894000000.0,
      "Additional Paid In Capital": 15861000000.0,
      "Capital Stock": 1128000000.0,
      "Common Stock": 1128000000.0,
      "Total Liabilities Net Minority Interest": 29204000000.0,
      "Total Non Current Liabilities Net Minority Interest": 17180000000.0,
      "Other Non Current Liabilities": 290000000.0,
      "Non Current Pension And Other Postretirement Benefit Plans": 786000000.0,
      "Tradeand Other Payables Non Current": 13347000000.0,
      "Non Current Deferred Taxes Liabilities": 2110000000.0,
      "Long Term Debt And Capital Lease Obligation": 461000000.0,
      "Long Term Capital Lease Obligation": 446000000.0,
      "Long Term Debt": 15000000.0,
      "Long Term Provisions": 173000000.0,
      "Current Liabilities": 12024000000.0,
      "Other Current Liabilities": 169000000.0,
      "Current Debt And Capital Lease Obligation": 233000000.0,
      "Current Capital Lease Obligation": 166000000.0,
      "Current Debt": 67000000.0,
      "Pensionand Other Post Retirement Benefit Plans Current": 366000000.0,
      "Current Provisions": 358000000.0,
      "Payables": 5892000000.0,
      "Other Payable": 2617000000.0,
      "Total Tax Payable": 960000000.0,
      "Accounts Payable": 2315000000.0,
      "Total Assets": 49056000000.0,
      "Total Non Current Assets": 35677000000.0,
      "Other Non Current Assets": 26000000.0,
      "Non Current Prepaid Assets": 104000000.0,
      "Non Current Deferred Assets": 315000000.0,
      "Non Current Deferred Taxes Assets": 575000000.0,
      "Financial Assets": 2060000000.0,
      "Investmentin Financial Assets": 261000000.0,
      "Available For Sale Securities": 261000000.0,
      "Long Term Equity Investment": 32000000.0,
      "Goodwill And Other Intangible Assets": 27773000000.0,
      "Other Intangible Assets": 8712000000.0,
      "Goodwill": 19061000000.0,
      "Net PPE": 4274000000.0,
      "Accumulated Depreciation": -4119000000.0,
      "Gross PPE": 8393000000.0,
      "Construction In Progress": 641000000.0,
      "Other Properties": 2401000000.0,
      "Machinery Furniture Equipment": 2466000000.0,
      "Buildings And Improvements": 934000000.0,
      "Land And Improvements": 1951000000.0,
      "Properties": 0.0,
      "Current Assets": 13379000000.0,
      "Other Current Assets": 28000000.0,
      "Hedging Assets Current": 494000000.0,
      "Prepaid Assets": 223000000.0,
      "Inventory": 3972000000.0,
      "Finished Goods": 1715000000.0,
      "Work In Process": 1035000000.0,
      "Raw Materials": 1222000000.0,
      "Other Receivables": 2299000000.0,
      "Taxes Receivable": 478000000.0,
      "Accounts Receivable": 4219000000.0,
      "Cash Cash Equivalents And Short Term Investments": 1598000000.0,
      "Other Short Term Investments": 162000000.0,
      "Cash And Cash Equivalents": 1436000000.0
    },
    "2021-09-30T00:00:00": {
      "Treasury Shares Number": null,
      "Ordinary Shares Number": null,
      "Share Issued": 1128000000.0,
      "Total Debt": null,
      "Tangible Book Value": null,
      "Invested Capital": null,
      "Working Capital": 759000000.0,
      "Net Tangible Assets": null,
      "Capital Lease Obligations": null,
      "Common Stock Equity": 16321000000.0,
      "Total Capitalization": 16340000000.0,
      "Total Equity Gross Minority Interest": 16339000000.0,
      "Minority Interest": 18000000.0,
      "Stockholders Equity": 16321000000.0,
      "Other Equity Interest": null,
      "Treasury Stock": 240000000.0,
      "Retained Earnings": -300000000.0,
      "Additional Paid In Capital": 15818000000.0,
      "Capital Stock": 1128000000.0,
      "Common Stock": 1128000000.0,
      "Total Liabilities Net Minority Interest": 25823000000.0,
      "Total Non Current Liabilities Net Minority Interest": 15758000000.0,
      "Other Non Current Liabilities": null,
      "Non Current Pension And Other Postretirement Benefit Plans": null,
      "Tradeand Other Payables Non Current": 11708000000.0,
      "Non Current Deferred Taxes Liabilities": 2082000000.0,
      "Long Term Debt And Capital Lease Obligation": 457000000.0,
      "Long Term Capital Lease Obligation": null,
      "Long Term Debt": 19000000.0,
      "Long Term Provisions": 150000000.0,
      "Current Liabilities": 10065000000.0,
      "Other Current Liabilities": null,
      "Current Debt And Capital Lease Obligation": null,
      "Current Capital Lease Obligation": null,
      "Current Debt": null,
      "Pensionand Other Post Retirement Benefit Plans Current": null,
      "Current Provisions": 356000000.0,
      "Payables": null,
      "Other Payable": 1932000000.0,
      "Total Tax Payable": null,
      "Accounts Payable": 1921000000.0,
      "Total Assets": 42162000000.0,
      "Total Non Current Assets": 31338000000.0,
      "Other Non Current Assets": null,
      "Non Current Prepaid Assets": null,
      "Non Current Deferred Assets": null,
      "Non Current Deferred Taxes Assets": 481000000.0,
      "Financial Assets": null,
      "Investmentin Financial Assets": null,
      "Available For Sale Securities": null,
      "Long Term Equity Investment": 33000000.0,
      "Goodwill And Other Intangible Assets": null,
      "Other Intangible Assets": 8211000000.0,
      "Goodwill": null,
      "Net PPE": null,
      "Accumulated Depreciation": null,
      "Gross PPE": null,
      "Construction In Progress": null,
      "Other Properties": null,
      "Machinery Furniture Equipment": null,
      "Buildings And Improvements": null,
      "Land And Improvements": null,
      "Properties": null,
      "Current Assets": 10824000000.0,
      "Other Current Assets": null,
      "Hedging Assets Current": null,
      "Prepaid Assets": null,
      "Inventory": null,
      "Finished Goods": null,
      "Work In Process": null,
      "Raw Materials": null,
      "Other Receivables": null,
      "Taxes Receivable": null,
      "Accounts Receivable": null,
      "Cash Cash Equivalents And Short Term Investments": null,
      "Other Short Term Investments": null,
      "Cash And Cash Equivalents": 1322000000.0
    }
  },
  "cashflow": {
    "2025-09-30T00:00:00": {
      "Free Cash Flow": null,
      "Repurchase Of Capital Stock": null,
      "Repayment Of Debt": -193000000.0,
      "Issuance Of Debt": 61000000.0,
      "Issuance Of Capital Stock": null,
      "Capital Expenditure": null,
      "End Cash Position": null,
      "Other Cash Adjustment Outside Changein Cash": null,
      "Beginning Cash Position": null,
      "Effect Of Exchange Rate Changes": null,
      "Changes In Cash": null,
      "Financing Cash Flow": null,
      "Net Other Financing Charges": null,
      "Interest Paid Cff": null,
      "Cash Dividends Paid": null,
      "Common Stock Dividend Paid": null,
      "Net Common Stock Issuance": null,
      "Common Stock Payments": null,
      "Common Stock Issuance": null,
      "Net Issuance Payments Of Debt": null,
      "Net Short Term Debt Issuance": null,
      "Short Term Debt Payments": null,
      "Short Term Debt Issuance": null,
      "Net Long Term Debt Issuance": null,
      "Long Term Debt Payments": null,
      "Investing Cash Flow": null,
      "Net Other Investing Changes": null,
      "Net Investment Purchase And Sale": null,
      "Sale Of Investment": null,
      "Purchase Of Investment": null,
      "Net Business Purchase And Sale": null,
      "Purchase Of Business": null,
      "Net Intangibles Purchase And Sale": null,
      "Purchase Of Intangibles": null,
      "Operating Cash Flow": null,
      "Taxes Refund Paid": null,
      "Interest Received Cfo": null,
      "Dividend Received Cfo": null,
      "Change In Working Capital": null,
      "Change In Other Current Assets": null,
      "Change In Payable": null,
      "Change In Inventory": null,
      "Change In Receivables": null,
      "Other Non Cash Items": null,
      "Deferred Tax": null,
      "Depreciation And Amortization": null,
      "Amortization Cash Flow": 504000000.0,
      "Depreciation": 792000000.0,
      "Gain Loss On Investment Securities": null,
      "Net Income From Continuing Operations": null
    },
    "2024-09-30T00:00:00": {
      "Free Cash Flow": 2130000000.0,
      "Repurchase Of Capital Stock": 0.0,
      "Repayment Of Debt": -216000000.0,
      "Issuance Of Debt": 0.0,
      "Issuance Of Capital Stock": null,
      "Capital Expenditure": -696000000.0,
      "End Cash Position": 2683000000.0,
      "Other Cash Adjustment Outside Changein Cash": -1000000.0,
      "Beginning Cash Position": 2247000000.0,
      "Effect Of Exchange Rate Changes": -66000000.0,
      "Changes In Cash": 503000000.0,
      "Financing Cash Flow": -1657000000.0,
      "Net Other Financing Charges": -10000000.0,
      "Interest Paid Cff": -357000000.0,
      "Cash Dividends Paid": -1063000000.0,
      "Common Stock Dividend Paid": null,
      "Net Common Stock Issuance": 0.0,
      "Common Stock Payments": 0.0,
      "Common Stock Issuance": null,
      "Net Issuance Payments Of Debt": -211000000.0,
      "Net Short Term Debt Issuance": 5000000.0,
      "Short Term Debt Payments": -47000000.0,
      "Short Term Debt Issuance": 52000000.0,
      "Net Long Term Debt Issuance": -216000000.0,
      "Long Term Debt Payments": -216000000.0,
      "Investing Cash Flow": -666000000.0,
      "Net Other Investing Changes": null,
      "Net Investment Purchase And Sale": 76000000.0,
      "Sale Of Investment": 80000000.0,
      "Purchase Of Investment": -4000000.0,
      "Net Business Purchase And Sale": -46000000.0,
      "Purchase Of Business": -46000000.0,
      "Net Intangibles Purchase And Sale": -696000000.0,
      "Purchase Of Intangibles": -696000000.0,
      "Operating Cash Flow": 2826000000.0,
      "Taxes Refund Paid": -845000000.0,
      "Interest Received Cfo": 65000000.0,
      "Dividend Received Cfo": 2000000.0,
      "Change In Working Capital": -341000000.0,
      "Change In Other Current Assets": 125000000.0,
      "Change In Payable": -62000000.0,
      "Change In Inventory": 39000000.0,
      "Change In Receivables": -443000000.0,
      "Other Non Cash Items": 497000000.0,
      "Deferred Tax": 564000000.0,
      "Depreciation And Amortization": 1223000000.0,
      "Amortization Cash Flow": 492000000.0,
      "Depreciation": 731000000.0,
      "Gain Loss On Investment Securities": -34000000.0,
      "Net Income From Continuing Operations": 1959000000.0
    },
    "2023-09-30T00:00:00": {
      "Free Cash Flow": 1281000000.0,
      "Repurchase Of Capital Stock": -421000000.0,
      "Repayment Of Debt": -190000000.0,
      "Issuance Of Debt": 1294000000.0,
      "Issuance Of Capital Stock": null,
      "Capital Expenditure": -838000000.0,
      "End Cash Position": 2247000000.0,
      "Other Cash Adjustment Outside Changein Cash": 1000000.0,
      "Beginning Cash Position": 2117000000.0,
      "Effect Of Exchange Rate Changes": -191000000.0,
      "Changes In Cash": 320000000.0,
      "Financing Cash Flow": -730000000.0,
      "Net Other Financing Charges": 20000000.0,
      "Interest Paid Cff": -310000000.0,
      "Cash Dividends Paid": -1066000000.0,
      "Common Stock Dividend Paid": -1066000000.0,
      "Net Common Stock Issuance": -421000000.0,
      "Common Stock Payments": -421000000.0,
      "Common Stock Issuance": null,
      "Net Issuance Payments Of Debt": 1062000000.0,
      "Net Short Term Debt Issuance": 1252000000.0,
      "Short Term Debt Payments": -42000000.0,
      "Short Term Debt Issuance": 1294000000.0,
      "Net Long Term Debt Issuance": -190000000.0,
      "Long Term Debt Payments": -190000000.0,
      "Investing Cash Flow": -1069000000.0,
      "Net Other Investing Changes": -1000000.0,
      "Net Investment Purchase And Sale": 5000000.0,
      "Sale Of Investment": 12000000.0,
      "Purchase Of Investment": -7000000.0,
      "Net Business Purchase And Sale": -235000000.0,
      "Purchase Of Business": -235000000.0,
      "Net Intangibles Purchase And Sale": -838000000.0,
      "Purchase Of Intangibles": -838000000.0,
      "Operating Cash Flow": 2119000000.0,
      "Taxes Refund Paid": -899000000.0,
      "Interest Received Cfo": 49000000.0,
      "Dividend Received Cfo": 1000000.0,
      "Change In Working Capital": -602000000.0,
      "Change In Other Current Assets": 640000000.0,
      "Change In Payable": -20000000.0,
      "Change In Inventory": -453000000.0,
      "Change In Receivables": -769000000.0,
      "Other Non Cash Items": 244000000.0,
      "Deferred Tax": 403000000.0,
      "Depreciation And Amortization": 1557000000.0,
      "Amortization Cash Flow": 747000000.0,
      "Depreciation": 810000000.0,
      "Gain Loss On Investment Securities": 81000000.0,
      "Net Income From Continuing Operations": 1525000000.0
    },
    "2022-09-30T00:00:00": {
      "Free Cash Flow": 1652000000.0,
      "Repurchase Of Capital Stock": -309000000.0,
      "Repayment Of Debt": -149000000.0,
      "Issuance Of Debt": null,
      "Issuance Of Capital Stock": 1000000.0,
      "Capital Expenditure": -852000000.0,
      "End Cash Position": 1436000000.0,
      "Other Cash Adjustment Outside Changein Cash": null,
      "Beginning Cash Position": 1322000000.0,
      "Effect Of Exchange Rate Changes": 122000000.0,
      "Changes In Cash": -8000000.0,
      "Financing Cash Flow": -1644000000.0,
      "Net Other Financing Charges": 56000000.0,
      "Interest Paid Cff": -248000000.0,
      "Cash Dividends Paid": -955000000.0,
      "Common Stock Dividend Paid": -955000000.0,
      "Net Common Stock Issuance": -309000000.0,
      "Common Stock Payments": -309000000.0,
      "Common Stock Issuance": 1000000.0,
      "Net Issuance Payments Of Debt": -169000000.0,
      "Net Short Term Debt Issuance": -20000000.0,
      "Short Term Debt Payments": null,
      "Short Term Debt Issuance": null,
      "Net Long Term Debt Issuance": -149000000.0,
      "Long Term Debt Payments": -149000000.0,
      "Investing Cash Flow": -868000000.0,
      "Net Other Investing Changes": null,
      "Net Investment Purchase And Sale": 15000000.0,
      "Sale Of Investment": 17000000.0,
      "Purchase Of Investment": -2000000.0,
      "Net Business Purchase And Sale": -31000000.0,
      "Purchase Of Business": -31000000.0,
      "Net Intangibles Purchase And Sale": -852000000.0,
      "Purchase Of Intangibles": -852000000.0,
      "Operating Cash Flow": 2504000000.0,
      "Taxes Refund Paid": -877000000.0,
      "Interest Received Cfo": 33000000.0,
      "Dividend Received Cfo": 5000000.0,
      "Change In Working Capital": -831000000.0,
      "Change In Other Current Assets": -119000000.0,
      "Change In Payable": 247000000.0,
      "Change In Inventory": -481000000.0,
      "Change In Receivables": -478000000.0,
      "Other Non Cash Items": 303000000.0,
      "Deferred Tax": 746000000.0,
      "Depreciation And Amortization": 1343000000.0,
      "Amortization Cash Flow": 593000000.0,
      "Depreciation": 750000000.0,
      "Gain Loss On Investment Securities": 21000000.0,
      "Net Income From Continuing Operations": 2054000000.0
    },
    "2021-09-30T00:00:00": {
      "Free Cash Flow": 2259000000.0,
      "Repurchase Of Capital Stock": -255000000.0,
      "Repayment Of Debt": null,
      "Issuance Of Debt": null,
      "Issuance Of Capital Stock": 2311000000.0,
      "Capital Expenditure": -674000000.0,
      "End Cash Position": 1322000000.0,
      "Other Cash Adjustment Outside Changein Cash": null,
      "Beginning Cash Position": 656000000.0,
      "Effect Of Exchange Rate Changes": 34000000.0,
      "Changes In Cash": 632000000.0,
      "Financing Cash Flow": 11839000000.0,
      "Net Other Financing Charges": 10961000000.0,
      "Interest Paid Cff": -150000000.0,
      "Cash Dividends Paid": -856000000.0,
      "Common Stock Dividend Paid": null,
      "Net Common Stock Issuance": 2056000000.0,
      "Common Stock Payments": -255000000.0,
      "Common Stock Issuance": 2311000000.0,
      "Net Issuance Payments Of Debt": -155000000.0,
      "Net Short Term Debt Issuance": -17000000.0,
      "Short Term Debt Payments": null,
      "Short Term Debt Issuance": null,
      "Net Long Term Debt Issuance": -138000000.0,
      "Long Term Debt Payments": -138000000.0,
      "Investing Cash Flow": -14140000000.0,
      "Net Other Investing Changes": 1000000.0,
      "Net Investment Purchase And Sale": 0.0,
      "Sale Of Investment": 12000000.0,
      "Purchase Of Investment": -12000000.0,
      "Net Business Purchase And Sale": -13467000000.0,
      "Purchase Of Business": -13467000000.0,
      "Net Intangibles Purchase And Sale": -674000000.0,
      "Purchase Of Intangibles": -674000000.0,
      "Operating Cash Flow": 2933000000.0,
      "Taxes Refund Paid": -808000000.0,
      "Interest Received Cfo": 52000000.0,
      "Dividend Received Cfo": 4000000.0,
      "Change In Working Capital": 354000000.0,
      "Change In Other Current Assets": 778000000.0,
      "Change In Payable": 318000000.0,
      "Change In Inventory": -22000000.0,
      "Change In Receivables": -720000000.0,
      "Other Non Cash Items": 191000000.0,
      "Deferred Tax": 658000000.0,
      "Depreciation And Amortization": 1039000000.0,
      "Amortization Cash Flow": null,
      "Depreciation": null,
      "Gain Loss On Investment Securities": -2000000.0,
      "Net Income From Continuing Operations": 1746000000.0
    }
  },
  "earnings_estimate": {
    "avg": {
      "0q": 0.5077,
      "+1q": 0.5859,
      "0y": 2.30839,
      "+1y": 2.6357
    },
    "low": {
      "0q": 0.49,
      "+1q": 0.56,
      "0y": 2.08,
      "+1y": 2.4
    },
    "high": {
      "0q": 0.53,
      "+1q": 0.63028,
      "0y": 2.48544,
      "+1y": 2.81277
    },
    "yearAgoEps": {
      "0q": 0.56,
      "+1q": 0.64,
      "0y": 2.39,
      "+1y": 2.30839
    },
    "numberOfAnalysts": {
      "0q": 4,
      "+1q": 4,
      "0y": 19,
      "+1y": 19
    },
    "growth": {
      "0q": -0.0934,
      "+1q": -0.0845,
      "0y": -0.0341,
      "+1y": 0.1418
    }
  },
  "revenue_estimate": {
    "avg": {
      "0q": 6098765860,
      "+1q": 5576885160,
      "0y": 23933264930,
      "+1y": 25368769220
    },
    "low": {
      "0q": 5664416000,
      "+1q": 4756011570,
      "0y": 23557977480,
      "+1y": 24842920150
    },
    "high": {
      "0q": 7134017350,
      "+1q": 5911000000,
      "0y": 24563000000,
      "+1y": 25967000000
    },
    "numberOfAnalysts": {
      "0q": 4,
      "+1q": 4,
      "0y": 19,
      "+1y": 19
    },
    "yearAgoRevenue": {
      "0q": 5909000000,
      "+1q": 5662000000,
      "0y": 23375000000,
      "+1y": 23933264930
    },
    "growth": {
      "0q": 0.0321,
      "+1q": -0.015,
      "0y": 0.0239,
      "+1y": 0.06
    }
  },
  "growth_estimates": {
    "stockTrend": {
      "0q": -0.0934,
      "+1q": -0.0845,
      "0y": -0.0341,
      "+1y": 0.1418,
      "LTG": null
    },
    "indexTrend": {
      "0q": 0.1273,
      "+1q": 0.103599995,
      "0y": 0.14310001,
      "+1y": 0.1557,
      "LTG": 0.122
    }
  },
  "revenue_forecasts": null,
  "dividend_rate": 1.0,
  "trailing_dividend_rate": 1.0
}