{
  "ticker": "SHOP.TO",
  "name": "Shopify",
  "country": "canada",
  "currency": "CAD",
  "last_fetched": "2026-02-26T20:51:14.961540",
  "market_cap": 223152865280,
  "revenue": 11555999744,
  "net_income": 1231000064,
  "pe_ratio": 133.06252,
  "forward_pe": 54.237423,
  "dividend_yield": null,
  "profit_margin": 0.106520005,
  "roe": 0.09836,
  "debt_to_equity": 1.395,
  "beta": 2.822,
  "ev_to_ebitda": 108.372,
  "sector": "Technology",
  "industry": "Software - Application",
  "summary": "Shopify Inc., a commerce technology company, provides tools to start, scale, market, and run a business of various sizes in Canada, the United States, Europe, the Middle East, Africa, the Asia Pacific, and Latin America. The Company offers Shopify platform that enables merchants to manage products and inventory, process orders and payments, fulfill and ship orders, build customer relationships, source products, leverage analytics, and reporting and access financing for running their business across all of their sales channels, including web and mobile storefronts, physical retail locations, social media storefronts, and marketplaces. It also provides Shopify Payments, a fully integrated payment processing service that allows merchants to accept and process payment cards online and offline. In addition, the company engages in the sale of themes and apps; shipping labels through Shopify Shipping; point-of-sale hardware; advertising on the Shopify App Store; and Shop Campaigns for buyer acquisitions, as well as registration of domain names. The company was formerly known as Jaded Pixel Technologies Inc. and changed its name to Shopify Inc. in November 2011. Shopify Inc. was incorporated in 2004 and is based in Ottawa, Canada.",
  "website": "https://www.shopify.com",
  "employees": 7600,
  "target_high": 251.66277,
  "target_low": 163.47327,
  "target_mean": 203.56148,
  "target_median": 199.55496,
  "recommendation": "buy",
  "num_analysts": 4,
  "income_stmt": {
    "2025-12-31T00:00:00": {
      "Tax Effect Of Unusual Items": null,
      "Tax Rate For Calcs": null,
      "Normalized EBITDA": null,
      "Total Unusual Items": null,
      "Total Unusual Items Excluding Goodwill": null,
      "Net Income From Continuing Operation Net Minority Interest": null,
      "Reconciled Depreciation": null,
      "Reconciled Cost Of Revenue": null,
      "EBITDA": null,
      "EBIT": null,
      "Net Interest Income": null,
      "Interest Expense": null,
      "Interest Income": null,
      "Normalized Income": null,
      "Net Income From Continuing And Discontinued Operation": null,
      "Total Expenses": null,
      "Total Operating Income As Reported": null,
      "Diluted Average Shares": 1303904301.0,
      "Basic Average Shares": 1303904301.0,
      "Diluted EPS": 0.944088,
      "Basic EPS": 0.944088,
      "Diluted NI Availto Com Stockholders": null,
      "Average Dilution Earnings": null,
      "Net Income Common Stockholders": null,
      "Net Income": null,
      "Net Income Including Noncontrolling Interests": null,
      "Net Income Continuous Operations": null,
      "Tax Provision": null,
      "Pretax Income": null,
      "Other Income Expense": null,
      "Special Income Charges": null,
      "Write Off": null,
      "Restructuring And Mergern Acquisition": null,
      "Earnings From Equity Interest": null,
      "Gain On Sale Of Security": null,
      "Net Non Operating Interest Income Expense": null,
      "Total Other Finance Cost": null,
      "Interest Expense Non Operating": null,
      "Interest Income Non Operating": null,
      "Operating Income": null,
      "Operating Expense": null,
      "Other Operating Expenses": null,
      "Research And Development": null,
      "Selling General And Administration": null,
      "Selling And Marketing Expense": null,
      "General And Administrative Expense": null,
      "Other Gand A": null,
      "Gross Profit": null,
      "Cost Of Revenue": null,
      "Total Revenue": null,
      "Operating Revenue": null
    },
    "2024-12-31T00:00:00": {
      "Tax Effect Of Unusual Items": 70917414.721724,
      "Tax Rate For Calcs": 0.093806,
      "Normalized EBITDA": 582000000.0,
      "Total Unusual Items": 756000000.0,
      "Total Unusual Items Excluding Goodwill": 756000000.0,
      "Net Income From Continuing Operation Net Minority Interest": 2019000000.0,
      "Reconciled Depreciation": 36000000.0,
      "Reconciled Cost Of Revenue": 4408000000.0,
      "EBITDA": 1338000000.0,
      "EBIT": 1302000000.0,
      "Net Interest Income": 308000000.0,
      "Interest Expense": null,
      "Interest Income": 308000000.0,
      "Normalized Income": 1333917414.721724,
      "Net Income From Continuing And Discontinued Operation": 2019000000.0,
      "Total Expenses": 7578000000.0,
      "Total Operating Income As Reported": 1075000000.0,
      "Diluted Average Shares": 1294580140.0,
      "Basic Average Shares": 1294580140.0,
      "Diluted EPS": 1.559579,
      "Basic EPS": 1.559579,
      "Diluted NI Availto Com Stockholders": 2019000000.0,
      "Average Dilution Earnings": 0.0,
      "Net Income Common Stockholders": 2019000000.0,
      "Net Income": 2019000000.0,
      "Net Income Including Noncontrolling Interests": 2019000000.0,
      "Net Income Continuous Operations": 2019000000.0,
      "Tax Provision": 209000000.0,
      "Pretax Income": 2228000000.0,
      "Other Income Expense": 618000000.0,
      "Special Income Charges": -227000000.0,
      "Write Off": 0.0,
      "Restructuring And Mergern Acquisition": 227000000.0,
      "Earnings From Equity Interest": -138000000.0,
      "Gain On Sale Of Security": 983000000.0,
      "Net Non Operating Interest Income Expense": 308000000.0,
      "Total Other Finance Cost": null,
      "Interest Expense Non Operating": null,
      "Interest Income Non Operating": 308000000.0,
      "Operating Income": 1302000000.0,
      "Operating Expense": 3170000000.0,
      "Other Operating Expenses": 227000000.0,
      "Research And Development": 1367000000.0,
      "Selling General And Administration": 1803000000.0,
      "Selling And Marketing Expense": 1393000000.0,
      "General And Administrative Expense": 410000000.0,
      "Other Gand A": 410000000.0,
      "Gross Profit": 4472000000.0,
      "Cost Of Revenue": 4408000000.0,
      "Total Revenue": 8880000000.0,
      "Operating Revenue": 8880000000.0
    },
    "2023-12-31T00:00:00": {
      "Tax Effect Of Unusual Items": -20627027.027027,
      "Tax Rate For Calcs": 0.286486,
      "Normalized EBITDA": 216000000.0,
      "Total Unusual Items": -72000000.0,
      "Total Unusual Items Excluding Goodwill": -72000000.0,
      "Net Income From Continuing Operation Net Minority Interest": 132000000.0,
      "Reconciled Depreciation": 70000000.0,
      "Reconciled Cost Of Revenue": 3545000000.0,
      "EBITDA": 144000000.0,
      "EBIT": 74000000.0,
      "Net Interest Income": 241000000.0,
      "Interest Expense": null,
      "Interest Income": 241000000.0,
      "Normalized Income": 183372972.972973,
      "Net Income From Continuing And Discontinued Operation": 132000000.0,
      "Total Expenses": 6986000000.0,
      "Total Operating Income As Reported": -1418000000.0,
      "Diluted Average Shares": 1295511385.0,
      "Basic Average Shares": 1281554559.0,
      "Diluted EPS": 0.1,
      "Basic EPS": 0.1,
      "Diluted NI Availto Com Stockholders": 133000000.0,
      "Average Dilution Earnings": 1000000.0,
      "Net Income Common Stockholders": 132000000.0,
      "Net Income": 132000000.0,
      "Net Income Including Noncontrolling Interests": 132000000.0,
      "Net Income Continuous Operations": 132000000.0,
      "Tax Provision": 53000000.0,
      "Pretax Income": 185000000.0,
      "Other Income Expense": -130000000.0,
      "Special Income Charges": -1492000000.0,
      "Write Off": 1340000000.0,
      "Restructuring And Mergern Acquisition": 152000000.0,
      "Earnings From Equity Interest": -58000000.0,
      "Gain On Sale Of Security": 1420000000.0,
      "Net Non Operating Interest Income Expense": 241000000.0,
      "Total Other Finance Cost": null,
      "Interest Expense Non Operating": null,
      "Interest Income Non Operating": 241000000.0,
      "Operating Income": 74000000.0,
      "Operating Expense": 3441000000.0,
      "Other Operating Expenses": 152000000.0,
      "Research And Development": 1730000000.0,
      "Selling General And Administration": 1711000000.0,
      "Selling And Marketing Expense": 1220000000.0,
      "General And Administrative Expense": 491000000.0,
      "Other Gand A": 491000000.0,
      "Gross Profit": 3515000000.0,
      "Cost Of Revenue": 3545000000.0,
      "Total Revenue": 7060000000.0,
      "Operating Revenue": 7060000000.0
    },
    "2022-12-31T00:00:00": {
      "Tax Effect Of Unusual Items": -135465912.227436,
      "Tax Rate For Calcs": 0.04499,
      "Normalized EBITDA": 2417000000.0,
      "Total Unusual Items": -3011000000.0,
      "Total Unusual Items Excluding Goodwill": -3011000000.0,
      "Net Income From Continuing Operation Net Minority Interest": -3460000000.0,
      "Reconciled Depreciation": 93000000.0,
      "Reconciled Cost Of Revenue": 2846000000.0,
      "EBITDA": -594000000.0,
      "EBIT": -687000000.0,
      "Net Interest Income": 75000000.0,
      "Interest Expense": 1150000.0,
      "Interest Income": 75000000.0,
      "Normalized Income": -584465912.227436,
      "Net Income From Continuing And Discontinued Operation": -3460000000.0,
      "Total Expenses": 6287000000.0,
      "Total Operating Income As Reported": -822000000.0,
      "Diluted Average Shares": 1266268155.0,
      "Basic Average Shares": 1266268155.0,
      "Diluted EPS": -2.73,
      "Basic EPS": -2.73,
      "Diluted NI Availto Com Stockholders": -3460000000.0,
      "Average Dilution Earnings": 0.0,
      "Net Income Common Stockholders": -3460000000.0,
      "Net Income": -3460000000.0,
      "Net Income Including Noncontrolling Interests": -3460000000.0,
      "Net Income Continuous Operations": -3460000000.0,
      "Tax Provision": -163000000.0,
      "Pretax Income": -3623000000.0,
      "Other Income Expense": -3011000000.0,
      "Special Income Charges": -135000000.0,
      "Write Off": 0.0,
      "Restructuring And Mergern Acquisition": 135000000.0,
      "Earnings From Equity Interest": 0.0,
      "Gain On Sale Of Security": -2876000000.0,
      "Net Non Operating Interest Income Expense": 75000000.0,
      "Total Other Finance Cost": 2349000.0,
      "Interest Expense Non Operating": 1150000.0,
      "Interest Income Non Operating": 75000000.0,
      "Operating Income": -687000000.0,
      "Operating Expense": 3441000000.0,
      "Other Operating Expenses": 135000000.0,
      "Research And Development": 1503000000.0,
      "Selling General And Administration": 1938000000.0,
      "Selling And Marketing Expense": 1230000000.0,
      "General And Administrative Expense": 708000000.0,
      "Other Gand A": 708000000.0,
      "Gross Profit": 2754000000.0,
      "Cost Of Revenue": 2846000000.0,
      "Total Revenue": 5600000000.0,
      "Operating Revenue": 5600000000.0
    },
    "2021-12-31T00:00:00": {
      "Tax Effect Of Unusual Items": 199874814.454409,
      "Tax Rate For Calcs": 0.07194,
      "Normalized EBITDA": 429681000.0,
      "Total Unusual Items": 2778369000.0,
      "Total Unusual Items Excluding Goodwill": 2778369000.0,
      "Net Income From Continuing Operation Net Minority Interest": 2914659000.0,
      "Reconciled Depreciation": 66308000.0,
      "Reconciled Cost Of Revenue": 2130712000.0,
      "EBITDA": 3208050000.0,
      "EBIT": 3141742000.0,
      "Net Interest Income": 11863000.0,
      "Interest Expense": 1150000.0,
      "Interest Income": 15356000.0,
      "Normalized Income": 336164814.454409,
      "Net Income From Continuing And Discontinued Operation": 2914659000.0,
      "Total Expenses": 4261496000.0,
      "Total Operating Income As Reported": 268643000.0,
      "Diluted Average Shares": null,
      "Basic Average Shares": null,
      "Diluted EPS": null,
      "Basic EPS": null,
      "Diluted NI Availto Com Stockholders": 2917226000.0,
      "Average Dilution Earnings": 2567000.0,
      "Net Income Common Stockholders": 2914659000.0,
      "Net Income": 2914659000.0,
      "Net Income Including Noncontrolling Interests": 2914659000.0,
      "Net Income Continuous Operations": 2914659000.0,
      "Tax Provision": 225933000.0,
      "Pretax Income": 3140592000.0,
      "Other Income Expense": 2778369000.0,
      "Special Income Charges": -81717000.0,
      "Write Off": null,
      "Restructuring And Mergern Acquisition": 81717000.0,
      "Earnings From Equity Interest": null,
      "Gain On Sale Of Security": 2860086000.0,
      "Net Non Operating Interest Income Expense": 11863000.0,
      "Total Other Finance Cost": 2343000.0,
      "Interest Expense Non Operating": 1150000.0,
      "Interest Income Non Operating": 15356000.0,
      "Operating Income": 350360000.0,
      "Operating Expense": 2130784000.0,
      "Other Operating Expenses": 81717000.0,
      "Research And Development": 854383000.0,
      "Selling General And Administration": 1276401000.0,
      "Selling And Marketing Expense": 901557000.0,
      "General And Administrative Expense": 374844000.0,
      "Other Gand A": 374844000.0,
      "Gross Profit": 2481144000.0,
      "Cost Of Revenue": 2130712000.0,
      "Total Revenue": 4611856000.0,
      "Operating Revenue": 4611856000.0
    }
  },
  "quarterly_income": {
    "2025-12-31T00:00:00": {
      "Tax Effect Of Unusual Items": null,
      "Tax Rate For Calcs": null,
      "Normalized EBITDA": null,
      "Total Unusual Items": null,
      "Total Unusual Items Excluding Goodwill": null,
      "Net Income From Continuing Operation Net Minority Interest": null,
      "Reconciled Depreciation": null,
      "Reconciled Cost Of Revenue": null,
      "EBITDA": null,
      "EBIT": null,
      "Net Interest Income": null,
      "Interest Income": null,
      "Normalized Income": null,
      "Net Income From Continuing And Discontinued Operation": null,
      "Total Expenses": null,
      "Total Operating Income As Reported": null,
      "Diluted Average Shares": 1303904301.0,
      "Basic Average Shares": 1303904301.0,
      "Diluted EPS": 0.569827,
      "Basic EPS": 0.569827,
      "Diluted NI Availto Com Stockholders": null,
      "Average Dilution Earnings": null,
      "Net Income Common Stockholders": null,
      "Net Income": null,
      "Net Income Including Noncontrolling Interests": null,
      "Net Income Continuous Operations": null,
      "Tax Provision": null,
      "Pretax Income": null,
      "Other Income Expense": null,
      "Special Income Charges": null,
      "Write Off": null,
      "Restructuring And Mergern Acquisition": null,
      "Earnings From Equity Interest": null,
      "Gain On Sale Of Security": null,
      "Net Non Operating Interest Income Expense": null,
      "Interest Income Non Operating": null,
      "Operating Income": null,
      "Operating Expense": null,
      "Other Operating Expenses": null,
      "Research And Development": null,
      "Selling General And Administration": null,
      "Selling And Marketing Expense": null,
      "General And Administrative Expense": null,
      "Other Gand A": null,
      "Gross Profit": null,
      "Cost Of Revenue": null,
      "Total Revenue": null,
      "Operating Revenue": null
    },
    "2025-09-30T00:00:00": {
      "Tax Effect Of Unusual Items": -34714285.714286,
      "Tax Rate For Calcs": 0.142857,
      "Normalized EBITDA": 742000000.0,
      "Total Unusual Items": -243000000.0,
      "Total Unusual Items Excluding Goodwill": -243000000.0,
      "Net Income From Continuing Operation Net Minority Interest": 264000000.0,
      "Reconciled Depreciation": 8000000.0,
      "Reconciled Cost Of Revenue": 1453000000.0,
      "EBITDA": 499000000.0,
      "EBIT": 491000000.0,
      "Net Interest Income": 81000000.0,
      "Interest Income": 81000000.0,
      "Normalized Income": 472285714.285714,
      "Net Income From Continuing And Discontinued Operation": 264000000.0,
      "Total Expenses": 2353000000.0,
      "Total Operating Income As Reported": 343000000.0,
      "Diluted Average Shares": null,
      "Basic Average Shares": null,
      "Diluted EPS": null,
      "Basic EPS": null,
      "Diluted NI Availto Com Stockholders": 264000000.0,
      "Average Dilution Earnings": null,
      "Net Income Common Stockholders": 264000000.0,
      "Net Income": 264000000.0,
      "Net Income Including Noncontrolling Interests": 264000000.0,
      "Net Income Continuous Operations": 264000000.0,
      "Tax Provision": 44000000.0,
      "Pretax Income": 308000000.0,
      "Other Income Expense": -264000000.0,
      "Special Income Charges": -148000000.0,
      "Write Off": null,
      "Restructuring And Mergern Acquisition": 148000000.0,
      "Earnings From Equity Interest": -21000000.0,
      "Gain On Sale Of Security": -95000000.0,
      "Net Non Operating Interest Income Expense": 81000000.0,
      "Interest Income Non Operating": 81000000.0,
      "Operating Income": 491000000.0,
      "Operating Expense": 900000000.0,
      "Other Operating Expenses": null,
      "Research And Development": 375000000.0,
      "Selling General And Administration": 525000000.0,
      "Selling And Marketing Expense": 410000000.0,
      "General And Administrative Expense": 115000000.0,
      "Other Gand A": 115000000.0,
      "Gross Profit": 1391000000.0,
      "Cost Of Revenue": 1453000000.0,
      "Total Revenue": 2844000000.0,
      "Operating Revenue": 2844000000.0
    },
    "2025-06-30T00:00:00": {
      "Tax Effect Of Unusual Items": 100368860.055607,
      "Tax Rate For Calcs": 0.160334,
      "Normalized EBITDA": -247000000.0,
      "Total Unusual Items": 626000000.0,
      "Total Unusual Items Excluding Goodwill": 626000000.0,
      "Net Income From Continuing Operation Net Minority Interest": 906000000.0,
      "Reconciled Depreciation": 8000000.0,
      "Reconciled Cost Of Revenue": 1378000000.0,
      "EBITDA": 379000000.0,
      "EBIT": 371000000.0,
      "Net Interest Income": 106000000.0,
      "Interest Income": 106000000.0,
      "Normalized Income": 380368860.055607,
      "Net Income From Continuing And Discontinued Operation": 906000000.0,
      "Total Expenses": 2309000000.0,
      "Total Operating Income As Reported": 291000000.0,
      "Diluted Average Shares": 1308993838.0,
      "Basic Average Shares": 1297746050.0,
      "Diluted EPS": 0.69,
      "Basic EPS": 0.7,
      "Diluted NI Availto Com Stockholders": 906000000.0,
      "Average Dilution Earnings": null,
      "Net Income Common Stockholders": 906000000.0,
      "Net Income": 906000000.0,
      "Net Income Including Noncontrolling Interests": 906000000.0,
      "Net Income Continuous Operations": 906000000.0,
      "Tax Provision": 173000000.0,
      "Pretax Income": 1079000000.0,
      "Other Income Expense": 602000000.0,
      "Special Income Charges": -80000000.0,
      "Write Off": null,
      "Restructuring And Mergern Acquisition": 80000000.0,
      "Earnings From Equity Interest": -24000000.0,
      "Gain On Sale Of Security": 706000000.0,
      "Net Non Operating Interest Income Expense": 106000000.0,
      "Interest Income Non Operating": 106000000.0,
      "Operating Income": 371000000.0,
      "Operating Expense": 931000000.0,
      "Other Operating Expenses": null,
      "Research And Development": 394000000.0,
      "Selling General And Administration": 537000000.0,
      "Selling And Marketing Expense": 415000000.0,
      "General And Administrative Expense": 122000000.0,
      "Other Gand A": 122000000.0,
      "Gross Profit": 1302000000.0,
      "Cost Of Revenue": 1378000000.0,
      "Total Revenue": 2680000000.0,
      "Operating Revenue": 2680000000.0
    },
    "2025-03-31T00:00:00": {
      "Tax Effect Of Unusual Items": -124571428.571429,
      "Tax Rate For Calcs": 0.114286,
      "Normalized EBITDA": 1376000000.0,
      "Total Unusual Items": -1090000000.0,
      "Total Unusual Items Excluding Goodwill": -1090000000.0,
      "Net Income From Continuing Operation Net Minority Interest": -682000000.0,
      "Reconciled Depreciation": 8000000.0,
      "Reconciled Cost Of Revenue": 1191000000.0,
      "EBITDA": 286000000.0,
      "EBIT": 278000000.0,
      "Net Interest Income": 65000000.0,
      "Interest Income": 65000000.0,
      "Normalized Income": 283428571.428571,
      "Net Income From Continuing And Discontinued Operation": -682000000.0,
      "Total Expenses": 2082000000.0,
      "Total Operating Income As Reported": 203000000.0,
      "Diluted Average Shares": 1297078805.0,
      "Basic Average Shares": 1297078805.0,
      "Diluted EPS": -0.525797,
      "Basic EPS": -0.525797,
      "Diluted NI Availto Com Stockholders": -682000000.0,
      "Average Dilution Earnings": 0.0,
      "Net Income Common Stockholders": -682000000.0,
      "Net Income": -682000000.0,
      "Net Income Including Noncontrolling Interests": -682000000.0,
      "Net Income Continuous Operations": -682000000.0,
      "Tax Provision": -88000000.0,
      "Pretax Income": -770000000.0,
      "Other Income Expense": -1113000000.0,
      "Special Income Charges": -75000000.0,
      "Write Off": null,
      "Restructuring And Mergern Acquisition": 75000000.0,
      "Earnings From Equity Interest": -23000000.0,
      "Gain On Sale Of Security": -1015000000.0,
      "Net Non Operating Interest Income Expense": 65000000.0,
      "Interest Income Non Operating": 65000000.0,
      "Operating Income": 278000000.0,
      "Operating Expense": 891000000.0,
      "Other Operating Expenses": 75000000.0,
      "Research And Development": 377000000.0,
      "Selling General And Administration": 514000000.0,
      "Selling And Marketing Expense": 405000000.0,
      "General And Administrative Expense": 109000000.0,
      "Other Gand A": 109000000.0,
      "Gross Profit": 1169000000.0,
      "Cost Of Revenue": 1191000000.0,
      "Total Revenue": 2360000000.0,
      "Operating Revenue": 2360000000.0
    },
    "2024-12-31T00:00:00": {
      "Tax Effect Of Unusual Items": 74764250.527797,
      "Tax Rate For Calcs": 0.090077,
      "Normalized EBITDA": -281000000.0,
      "Total Unusual Items": 830000000.0,
      "Total Unusual Items Excluding Goodwill": 830000000.0,
      "Net Income From Continuing Operation Net Minority Interest": 1293000000.0,
      "Reconciled Depreciation": 8000000.0,
      "Reconciled Cost Of Revenue": 1460000000.0,
      "EBITDA": 549000000.0,
      "EBIT": 541000000.0,
      "Net Interest Income": 72000000.0,
      "Interest Income": 72000000.0,
      "Normalized Income": 537764250.527797,
      "Net Income From Continuing And Discontinued Operation": 1293000000.0,
      "Total Expenses": 2271000000.0,
      "Total Operating Income As Reported": 465000000.0,
      "Diluted Average Shares": 1294580140.0,
      "Basic Average Shares": 1294580140.0,
      "Diluted EPS": 0.998779,
      "Basic EPS": 0.998779,
      "Diluted NI Availto Com Stockholders": 1293000000.0,
      "Average Dilution Earnings": null,
      "Net Income Common Stockholders": 1293000000.0,
      "Net Income": 1293000000.0,
      "Net Income Including Noncontrolling Interests": 1293000000.0,
      "Net Income Continuous Operations": 1293000000.0,
      "Tax Provision": 128000000.0,
      "Pretax Income": 1421000000.0,
      "Other Income Expense": 808000000.0,
      "Special Income Charges": -76000000.0,
      "Write Off": 0.0,
      "Restructuring And Mergern Acquisition": 76000000.0,
      "Earnings From Equity Interest": -22000000.0,
      "Gain On Sale Of Security": 906000000.0,
      "Net Non Operating Interest Income Expense": 72000000.0,
      "Interest Income Non Operating": 72000000.0,
      "Operating Income": 541000000.0,
      "Operating Expense": 811000000.0,
      "Other Operating Expenses": 76000000.0,
      "Research And Development": 351000000.0,
      "Selling General And Administration": 460000000.0,
      "Selling And Marketing Expense": 348000000.0,
      "General And Administrative Expense": 112000000.0,
      "Other Gand A": 112000000.0,
      "Gross Profit": 1352000000.0,
      "Cost Of Revenue": 1460000000.0,
      "Total Revenue": 2812000000.0,
      "Operating Revenue": 2812000000.0
    },
    "2024-09-30T00:00:00": {
      "Tax Effect Of Unusual Items": 17488372.093023,
      "Tax Rate For Calcs": 0.037209,
      "Normalized EBITDA": -121000000.0,
      "Total Unusual Items": 470000000.0,
      "Total Unusual Items Excluding Goodwill": 470000000.0,
      "Net Income From Continuing Operation Net Minority Interest": 828000000.0,
      "Reconciled Depreciation": 8000000.0,
      "Reconciled Cost Of Revenue": 1044000000.0,
      "EBITDA": 349000000.0,
      "EBIT": 341000000.0,
      "Net Interest Income": 77000000.0,
      "Interest Income": 77000000.0,
      "Normalized Income": 375488372.093023,
      "Net Income From Continuing And Discontinued Operation": 828000000.0,
      "Total Expenses": 1821000000.0,
      "Total Operating Income As Reported": 283000000.0,
      "Diluted Average Shares": 1301600656.0,
      "Basic Average Shares": 1290585426.0,
      "Diluted EPS": 0.64,
      "Basic EPS": 0.64,
      "Diluted NI Availto Com Stockholders": 828000000.0,
      "Average Dilution Earnings": null,
      "Net Income Common Stockholders": 828000000.0,
      "Net Income": 828000000.0,
      "Net Income Including Noncontrolling Interests": 828000000.0,
      "Net Income Continuous Operations": 828000000.0,
      "Tax Provision": 32000000.0,
      "Pretax Income": 860000000.0,
      "Other Income Expense": 442000000.0,
      "Special Income Charges": -58000000.0,
      "Write Off": 0.0,
      "Restructuring And Mergern Acquisition": 58000000.0,
      "Earnings From Equity Interest": -28000000.0,
      "Gain On Sale Of Security": 528000000.0,
      "Net Non Operating Interest Income Expense": 77000000.0,
      "Interest Income Non Operating": 77000000.0,
      "Operating Income": 341000000.0,
      "Operating Expense": 777000000.0,
      "Other Operating Expenses": 58000000.0,
      "Research And Development": 332000000.0,
      "Selling General And Administration": 445000000.0,
      "Selling And Marketing Expense": 331000000.0,
      "General And Administrative Expense": 114000000.0,
      "Other Gand A": 114000000.0,
      "Gross Profit": 1118000000.0,
      "Cost Of Revenue": 1044000000.0,
      "Total Revenue": 2162000000.0,
      "Operating Revenue": 2162000000.0
    },
    "2024-06-30T00:00:00": {
      "Tax Effect Of Unusual Items": null,
      "Tax Rate For Calcs": null,
      "Normalized EBITDA": null,
      "Total Unusual Items": null,
      "Total Unusual Items Excluding Goodwill": null,
      "Net Income From Continuing Operation Net Minority Interest": null,
      "Reconciled Depreciation": null,
      "Reconciled Cost Of Revenue": null,
      "EBITDA": null,
      "EBIT": null,
      "Net Interest Income": null,
      "Interest Income": null,
      "Normalized Income": null,
      "Net Income From Continuing And Discontinued Operation": null,
      "Total Expenses": null,
      "Total Operating Income As Reported": null,
      "Diluted Average Shares": null,
      "Basic Average Shares": null,
      "Diluted EPS": null,
      "Basic EPS": null,
      "Diluted NI Availto Com Stockholders": null,
      "Average Dilution Earnings": null,
      "Net Income Common Stockholders": null,
      "Net Income": null,
      "Net Income Including Noncontrolling Interests": null,
      "Net Income Continuous Operations": null,
      "Tax Provision": null,
      "Pretax Income": null,
      "Other Income Expense": null,
      "Special Income Charges": null,
      "Write Off": 0.0,
      "Restructuring And Mergern Acquisition": null,
      "Earnings From Equity Interest": null,
      "Gain On Sale Of Security": null,
      "Net Non Operating Interest Income Expense": null,
      "Interest Income Non Operating": null,
      "Operating Income": null,
      "Operating Expense": null,
      "Other Operating Expenses": 42000000.0,
      "Research And Development": null,
      "Selling General And Administration": null,
      "Selling And Marketing Expense": null,
      "General And Administrative Expense": null,
      "Other Gand A": null,
      "Gross Profit": null,
      "Cost Of Revenue": null,
      "Total Revenue": null,
      "Operating Revenue": null
    }
  },
  "balance_sheet": {
    "2024-12-31T00:00:00": {
      "Treasury Shares Number": null,
      "Ordinary Shares Number": 1294580140.0,
      "Share Issued": 1294580140.0,
      "Total Debt": 1126000000.0,
      "Tangible Book Value": 11084000000.0,
      "Invested Capital": 12476000000.0,
      "Working Capital": 5298000000.0,
      "Net Tangible Assets": 11084000000.0,
      "Capital Lease Obligations": 208000000.0,
      "Common Stock Equity": 11558000000.0,
      "Total Capitalization": 11558000000.0,
      "Total Equity Gross Minority Interest": 11558000000.0,
      "Stockholders Equity": 11558000000.0,
      "Gains Losses Not Affecting Retained Earnings": -10000000.0,
      "Other Equity Adjustments": -10000000.0,
      "Retained Earnings": 1629000000.0,
      "Additional Paid In Capital": 305000000.0,
      "Capital Stock": 9634000000.0,
      "Common Stock": 9634000000.0,
      "Total Liabilities Net Minority Interest": 2366000000.0,
      "Total Non Current Liabilities Net Minority Interest": 410000000.0,
      "Non Current Deferred Liabilities": 220000000.0,
      "Non Current Deferred Revenue": 147000000.0,
      "Non Current Deferred Taxes Liabilities": 73000000.0,
      "Long Term Debt And Capital Lease Obligation": 190000000.0,
      "Long Term Capital Lease Obligation": 190000000.0,
      "Long Term Debt": null,
      "Current Liabilities": 1956000000.0,
      "Other Current Liabilities": 13000000.0,
      "Current Deferred Liabilities": 283000000.0,
      "Current Deferred Revenue": 283000000.0,
      "Current Debt And Capital Lease Obligation": 936000000.0,
      "Current Capital Lease Obligation": 18000000.0,
      "Current Debt": 918000000.0,
      "Other Current Borrowings": 918000000.0,
      "Pensionand Other Post Retirement Benefit Plans Current": 99000000.0,
      "Current Provisions": 48000000.0,
      "Payables And Accrued Expenses": 577000000.0,
      "Current Accrued Expenses": 48000000.0,
      "Payables": 577000000.0,
      "Other Payable": 38000000.0,
      "Total Tax Payable": 179000000.0,
      "Income Tax Payable": 58000000.0,
      "Accounts Payable": 360000000.0,
      "Total Assets": 13924000000.0,
      "Total Non Current Assets": 6670000000.0,
      "Other Non Current Assets": 21000000.0,
      "Non Current Deferred Assets": 37000000.0,
      "Non Current Deferred Taxes Assets": 37000000.0,
      "Financial Assets": null,
      "Investments And Advances": 5998000000.0,
      "Other Investments": null,
      "Investmentin Financial Assets": 709000000.0,
      "Available For Sale Securities": 709000000.0,
      "Long Term Equity Investment": 5289000000.0,
      "Goodwill And Other Intangible Assets": 474000000.0,
      "Other Intangible Assets": 22000000.0,
      "Goodwill": 452000000.0,
      "Net PPE": 140000000.0,
      "Accumulated Depreciation": -170000000.0,
      "Gross PPE": 310000000.0,
      "Leases": 149000000.0,
      "Other Properties": 93000000.0,
      "Machinery Furniture Equipment": 68000000.0,
      "Properties": 0.0,
      "Current Assets": 7254000000.0,
      "Other Current Assets": null,
      "Hedging Assets Current": 0.0,
      "Restricted Cash": 9000000.0,
      "Prepaid Assets": 94000000.0,
      "Inventory": 26000000.0,
      "Other Inventories": 26000000.0,
      "Receivables": 1655000000.0,
      "Other Receivables": 254000000.0,
      "Taxes Receivable": 81000000.0,
      "Accrued Interest Receivable": 19000000.0,
      "Loans Receivable": 1021000000.0,
      "Accounts Receivable": 280000000.0,
      "Allowance For Doubtful Accounts Receivable": -31000000.0,
      "Gross Accounts Receivable": 311000000.0,
      "Cash Cash Equivalents And Short Term Investments": 5470000000.0,
      "Other Short Term Investments": 3981000000.0,
      "Cash And Cash Equivalents": 1489000000.0
    },
    "2023-12-31T00:00:00": {
      "Treasury Shares Number": 0.0,
      "Ordinary Shares Number": 1286570293.0,
      "Share Issued": 1286570293.0,
      "Total Debt": 1150000000.0,
      "Tangible Book Value": 8610000000.0,
      "Invested Capital": 9982000000.0,
      "Working Capital": 5377000000.0,
      "Net Tangible Assets": 8610000000.0,
      "Capital Lease Obligations": 234000000.0,
      "Common Stock Equity": 9066000000.0,
      "Total Capitalization": 9982000000.0,
      "Total Equity Gross Minority Interest": 9066000000.0,
      "Stockholders Equity": 9066000000.0,
      "Gains Losses Not Affecting Retained Earnings": 4000000.0,
      "Other Equity Adjustments": 4000000.0,
      "Retained Earnings": -390000000.0,
      "Additional Paid In Capital": 251000000.0,
      "Capital Stock": 9201000000.0,
      "Common Stock": 9201000000.0,
      "Total Liabilities Net Minority Interest": 2233000000.0,
      "Total Non Current Liabilities Net Minority Interest": 1335000000.0,
      "Non Current Deferred Liabilities": 202000000.0,
      "Non Current Deferred Revenue": 196000000.0,
      "Non Current Deferred Taxes Liabilities": 6000000.0,
      "Long Term Debt And Capital Lease Obligation": 1133000000.0,
      "Long Term Capital Lease Obligation": 217000000.0,
      "Long Term Debt": 916000000.0,
      "Current Liabilities": 898000000.0,
      "Other Current Liabilities": 3000000.0,
      "Current Deferred Liabilities": 302000000.0,
      "Current Deferred Revenue": 302000000.0,
      "Current Debt And Capital Lease Obligation": 17000000.0,
      "Current Capital Lease Obligation": 17000000.0,
      "Current Debt": null,
      "Other Current Borrowings": null,
      "Pensionand Other Post Retirement Benefit Plans Current": 55000000.0,
      "Current Provisions": 30000000.0,
      "Payables And Accrued Expenses": 491000000.0,
      "Current Accrued Expenses": 30000000.0,
      "Payables": 491000000.0,
      "Other Payable": 36000000.0,
      "Total Tax Payable": 91000000.0,
      "Income Tax Payable": 18000000.0,
      "Accounts Payable": 364000000.0,
      "Total Assets": 11299000000.0,
      "Total Non Current Assets": 5024000000.0,
      "Other Non Current Assets": null,
      "Non Current Deferred Assets": 44000000.0,
      "Non Current Deferred Taxes Assets": 44000000.0,
      "Financial Assets": null,
      "Investments And Advances": 4377000000.0,
      "Other Investments": 3597000000.0,
      "Investmentin Financial Assets": 115000000.0,
      "Available For Sale Securities": 115000000.0,
      "Long Term Equity Investment": 4262000000.0,
      "Goodwill And Other Intangible Assets": 456000000.0,
      "Other Intangible Assets": 29000000.0,
      "Goodwill": 427000000.0,
      "Net PPE": 147000000.0,
      "Accumulated Depreciation": -156000000.0,
      "Gross PPE": 303000000.0,
      "Leases": 142000000.0,
      "Other Properties": 98000000.0,
      "Machinery Furniture Equipment": 63000000.0,
      "Properties": 0.0,
      "Current Assets": 6275000000.0,
      "Other Current Assets": 1000000.0,
      "Hedging Assets Current": 6000000.0,
      "Restricted Cash": 8000000.0,
      "Prepaid Assets": 86000000.0,
      "Inventory": 19000000.0,
      "Other Inventories": 19000000.0,
      "Receivables": 1155000000.0,
      "Other Receivables": 206000000.0,
      "Taxes Receivable": 56000000.0,
      "Accrued Interest Receivable": 15000000.0,
      "Loans Receivable": 672000000.0,
      "Accounts Receivable": 206000000.0,
      "Allowance For Doubtful Accounts Receivable": -36000000.0,
      "Gross Accounts Receivable": 242000000.0,
      "Cash Cash Equivalents And Short Term Investments": 5000000000.0,
      "Other Short Term Investments": 3595000000.0,
      "Cash And Cash Equivalents": 1405000000.0
    },
    "2022-12-31T00:00:00": {
      "Treasury Shares Number": null,
      "Ordinary Shares Number": 1275128566.0,
      "Share Issued": 1275128566.0,
      "Total Debt": 1396000000.0,
      "Tangible Book Value": 6013000000.0,
      "Invested Capital": 9152000000.0,
      "Working Capital": 5194000000.0,
      "Net Tangible Assets": 6013000000.0,
      "Capital Lease Obligations": 483000000.0,
      "Common Stock Equity": 8239000000.0,
      "Total Capitalization": 9152000000.0,
      "Total Equity Gross Minority Interest": 8239000000.0,
      "Stockholders Equity": 8239000000.0,
      "Gains Losses Not Affecting Retained Earnings": -16000000.0,
      "Other Equity Adjustments": -16000000.0,
      "Retained Earnings": -522000000.0,
      "Additional Paid In Capital": 30000000.0,
      "Capital Stock": 8747000000.0,
      "Common Stock": 8747000000.0,
      "Total Liabilities Net Minority Interest": 2518000000.0,
      "Total Non Current Liabilities Net Minority Interest": 1662000000.0,
      "Non Current Deferred Liabilities": 284000000.0,
      "Non Current Deferred Revenue": 268000000.0,
      "Non Current Deferred Taxes Liabilities": 16000000.0,
      "Long Term Debt And Capital Lease Obligation": 1378000000.0,
      "Long Term Capital Lease Obligation": 465000000.0,
      "Long Term Debt": 913000000.0,
      "Current Liabilities": 856000000.0,
      "Other Current Liabilities": 16000000.0,
      "Current Deferred Liabilities": 296000000.0,
      "Current Deferred Revenue": 296000000.0,
      "Current Debt And Capital Lease Obligation": 18000000.0,
      "Current Capital Lease Obligation": 18000000.0,
      "Current Debt": null,
      "Other Current Borrowings": null,
      "Pensionand Other Post Retirement Benefit Plans Current": 68000000.0,
      "Current Provisions": null,
      "Payables And Accrued Expenses": 458000000.0,
      "Current Accrued Expenses": null,
      "Payables": 458000000.0,
      "Other Payable": 38000000.0,
      "Total Tax Payable": 56000000.0,
      "Income Tax Payable": 9000000.0,
      "Accounts Payable": 364000000.0,
      "Total Assets": 10757000000.0,
      "Total Non Current Assets": 4707000000.0,
      "Other Non Current Assets": null,
      "Non Current Deferred Assets": 41000000.0,
      "Non Current Deferred Taxes Assets": 41000000.0,
      "Financial Assets": null,
      "Investments And Advances": 1954000000.0,
      "Other Investments": 1954000000.0,
      "Investmentin Financial Assets": 220992000.0,
      "Available For Sale Securities": 220992000.0,
      "Long Term Equity Investment": 1954000000.0,
      "Goodwill And Other Intangible Assets": 2226000000.0,
      "Other Intangible Assets": 390000000.0,
      "Goodwill": 1836000000.0,
      "Net PPE": 486000000.0,
      "Accumulated Depreciation": -153000000.0,
      "Gross PPE": 639000000.0,
      "Leases": 182000000.0,
      "Other Properties": 389000000.0,
      "Machinery Furniture Equipment": 68000000.0,
      "Properties": 0.0,
      "Current Assets": 6050000000.0,
      "Other Current Assets": 29000000.0,
      "Hedging Assets Current": 1000000.0,
      "Restricted Cash": null,
      "Prepaid Assets": 82000000.0,
      "Inventory": null,
      "Other Inventories": null,
      "Receivables": 885000000.0,
      "Other Receivables": 124000000.0,
      "Taxes Receivable": 36000000.0,
      "Accrued Interest Receivable": 16000000.0,
      "Loans Receivable": 209000000.0,
      "Accounts Receivable": 500000000.0,
      "Allowance For Doubtful Accounts Receivable": -49425000.0,
      "Gross Accounts Receivable": 500357000.0,
      "Cash Cash Equivalents And Short Term Investments": 5053000000.0,
      "Other Short Term Investments": 3404000000.0,
      "Cash And Cash Equivalents": 1649000000.0
    },
    "2021-12-31T00:00:00": {
      "Treasury Shares Number": null,
      "Ordinary Shares Number": 1258971590.0,
      "Share Issued": 1258971590.0,
      "Total Debt": 1173487000.0,
      "Tangible Book Value": 10638317000.0,
      "Invested Capital": 12044304000.0,
      "Working Capital": 7836587000.0,
      "Net Tangible Assets": 10638317000.0,
      "Capital Lease Obligations": 262524000.0,
      "Common Stock Equity": 11133341000.0,
      "Total Capitalization": 12044304000.0,
      "Total Equity Gross Minority Interest": 11133341000.0,
      "Stockholders Equity": 11133341000.0,
      "Gains Losses Not Affecting Retained Earnings": -5974000.0,
      "Other Equity Adjustments": -5974000.0,
      "Retained Earnings": 2938142000.0,
      "Additional Paid In Capital": 161074000.0,
      "Capital Stock": 8040099000.0,
      "Common Stock": 8040099000.0,
      "Total Liabilities Net Minority Interest": 2206831000.0,
      "Total Non Current Liabilities Net Minority Interest": 1504098000.0,
      "Non Current Deferred Liabilities": 346359000.0,
      "Non Current Deferred Revenue": 162932000.0,
      "Non Current Deferred Taxes Liabilities": 183427000.0,
      "Long Term Debt And Capital Lease Obligation": 1157739000.0,
      "Long Term Capital Lease Obligation": 246776000.0,
      "Long Term Debt": 910963000.0,
      "Current Liabilities": 702733000.0,
      "Other Current Liabilities": 5926000.0,
      "Current Deferred Liabilities": 216792000.0,
      "Current Deferred Revenue": 216792000.0,
      "Current Debt And Capital Lease Obligation": 15748000.0,
      "Current Capital Lease Obligation": 15748000.0,
      "Current Debt": null,
      "Other Current Borrowings": null,
      "Pensionand Other Post Retirement Benefit Plans Current": 71901000.0,
      "Current Provisions": null,
      "Payables And Accrued Expenses": 392366000.0,
      "Current Accrued Expenses": null,
      "Payables": 392366000.0,
      "Other Payable": 28667000.0,
      "Total Tax Payable": 79689000.0,
      "Income Tax Payable": 13505000.0,
      "Accounts Payable": 284010000.0,
      "Total Assets": 13340172000.0,
      "Total Non Current Assets": 4800852000.0,
      "Other Non Current Assets": -74000.0,
      "Non Current Deferred Assets": 48369000.0,
      "Non Current Deferred Taxes Assets": 48369000.0,
      "Financial Assets": 205878000.0,
      "Investments And Advances": 3955545000.0,
      "Other Investments": null,
      "Investmentin Financial Assets": 205878000.0,
      "Available For Sale Securities": 205878000.0,
      "Long Term Equity Investment": 3749667000.0,
      "Goodwill And Other Intangible Assets": 495024000.0,
      "Other Intangible Assets": 138496000.0,
      "Goodwill": 356528000.0,
      "Net PPE": 301914000.0,
      "Accumulated Depreciation": -127346000.0,
      "Gross PPE": 429260000.0,
      "Leases": 159131000.0,
      "Other Properties": 207873000.0,
      "Machinery Furniture Equipment": 62256000.0,
      "Properties": 0.0,
      "Current Assets": 8539320000.0,
      "Other Current Assets": 10679000.0,
      "Hedging Assets Current": 1824000.0,
      "Restricted Cash": null,
      "Prepaid Assets": 71461000.0,
      "Inventory": null,
      "Other Inventories": null,
      "Receivables": 687263000.0,
      "Other Receivables": 118967000.0,
      "Taxes Receivable": 44165000.0,
      "Accrued Interest Receivable": 13067000.0,
      "Loans Receivable": 69697000.0,
      "Accounts Receivable": 441367000.0,
      "Allowance For Doubtful Accounts Receivable": -38264000.0,
      "Gross Accounts Receivable": 479631000.0,
      "Cash Cash Equivalents And Short Term Investments": 7768093000.0,
      "Other Short Term Investments": 5265101000.0,
      "Cash And Cash Equivalents": 2502992000.0
    }
  },
  "cashflow": {
    "2024-12-31T00:00:00": {
      "Free Cash Flow": 1597000000.0,
      "Issuance Of Debt": null,
      "Issuance Of Capital Stock": null,
      "Capital Expenditure": -19000000.0,
      "Interest Paid Supplemental Data": 1000000.0,
      "Income Tax Paid Supplemental Data": 116000000.0,
      "End Cash Position": 1498000000.0,
      "Beginning Cash Position": 1413000000.0,
      "Effect Of Exchange Rate Changes": -6000000.0,
      "Changes In Cash": 91000000.0,
      "Financing Cash Flow": 61000000.0,
      "Cash Flow From Continuing Financing Activities": 61000000.0,
      "Proceeds From Stock Option Exercised": 61000000.0,
      "Net Common Stock Issuance": null,
      "Common Stock Issuance": null,
      "Net Issuance Payments Of Debt": null,
      "Net Long Term Debt Issuance": null,
      "Long Term Debt Issuance": null,
      "Investing Cash Flow": -1586000000.0,
      "Cash Flow From Continuing Investing Activities": -1586000000.0,
      "Net Other Investing Changes": -461000000.0,
      "Net Investment Purchase And Sale": -939000000.0,
      "Sale Of Investment": 7457000000.0,
      "Purchase Of Investment": -8396000000.0,
      "Net Business Purchase And Sale": -167000000.0,
      "Purchase Of Business": -167000000.0,
      "Net Intangibles Purchase And Sale": null,
      "Purchase Of Intangibles": null,
      "Net PPE Purchase And Sale": -19000000.0,
      "Purchase Of PPE": -19000000.0,
      "Operating Cash Flow": 1616000000.0,
      "Cash Flow From Continuing Operating Activities": 1616000000.0,
      "Change In Working Capital": -166000000.0,
      "Change In Other Working Capital": 26000000.0,
      "Change In Other Current Assets": -72000000.0,
      "Change In Payables And Accrued Expense": 110000000.0,
      "Change In Prepaid Assets": null,
      "Change In Receivables": -230000000.0,
      "Changes In Account Receivables": -230000000.0,
      "Other Non Cash Items": -94000000.0,
      "Stock Based Compensation": 430000000.0,
      "Provisionand Write Offof Assets": 148000000.0,
      "Asset Impairment Charge": 0.0,
      "Deferred Tax": 78000000.0,
      "Deferred Income Tax": 78000000.0,
      "Depreciation Amortization Depletion": 36000000.0,
      "Depreciation And Amortization": 36000000.0,
      "Amortization Cash Flow": 14000000.0,
      "Amortization Of Intangibles": 14000000.0,
      "Depreciation": 22000000.0,
      "Operating Gains Losses": -835000000.0,
      "Earnings Losses From Equity Investments": -854000000.0,
      "Net Foreign Currency Exchange Gain Loss": 19000000.0,
      "Net Income From Continuing Operations": 2019000000.0
    },
    "2023-12-31T00:00:00": {
      "Free Cash Flow": 905000000.0,
      "Issuance Of Debt": null,
      "Issuance Of Capital Stock": null,
      "Capital Expenditure": -39000000.0,
      "Interest Paid Supplemental Data": 1000000.0,
      "Income Tax Paid Supplemental Data": 50000000.0,
      "End Cash Position": 1413000000.0,
      "Beginning Cash Position": 1649000000.0,
      "Effect Of Exchange Rate Changes": 4000000.0,
      "Changes In Cash": -240000000.0,
      "Financing Cash Flow": 60000000.0,
      "Cash Flow From Continuing Financing Activities": 60000000.0,
      "Proceeds From Stock Option Exercised": 60000000.0,
      "Net Common Stock Issuance": null,
      "Common Stock Issuance": null,
      "Net Issuance Payments Of Debt": null,
      "Net Long Term Debt Issuance": null,
      "Long Term Debt Issuance": null,
      "Investing Cash Flow": -1244000000.0,
      "Cash Flow From Continuing Investing Activities": -1244000000.0,
      "Net Other Investing Changes": -559000000.0,
      "Net Investment Purchase And Sale": -251000000.0,
      "Sale Of Investment": 5590000000.0,
      "Purchase Of Investment": -5841000000.0,
      "Net Business Purchase And Sale": -395000000.0,
      "Purchase Of Business": -395000000.0,
      "Net Intangibles Purchase And Sale": null,
      "Purchase Of Intangibles": null,
      "Net PPE Purchase And Sale": -39000000.0,
      "Purchase Of PPE": -39000000.0,
      "Operating Cash Flow": 944000000.0,
      "Cash Flow From Continuing Operating Activities": 944000000.0,
      "Change In Working Capital": 195000000.0,
      "Change In Other Working Capital": 60000000.0,
      "Change In Other Current Assets": -50000000.0,
      "Change In Payables And Accrued Expense": 69000000.0,
      "Change In Prepaid Assets": null,
      "Change In Receivables": 116000000.0,
      "Changes In Account Receivables": 116000000.0,
      "Other Non Cash Items": -158000000.0,
      "Stock Based Compensation": 615000000.0,
      "Provisionand Write Offof Assets": 80000000.0,
      "Asset Impairment Charge": 1378000000.0,
      "Deferred Tax": -1000000.0,
      "Deferred Income Tax": -1000000.0,
      "Depreciation Amortization Depletion": 70000000.0,
      "Depreciation And Amortization": 70000000.0,
      "Amortization Cash Flow": null,
      "Amortization Of Intangibles": null,
      "Depreciation": null,
      "Operating Gains Losses": -1367000000.0,
      "Earnings Losses From Equity Investments": -1361000000.0,
      "Net Foreign Currency Exchange Gain Loss": -6000000.0,
      "Net Income From Continuing Operations": 132000000.0
    },
    "2022-12-31T00:00:00": {
      "Free Cash Flow": -186000000.0,
      "Issuance Of Debt": null,
      "Issuance Of Capital Stock": 0.0,
      "Capital Expenditure": -50000000.0,
      "Interest Paid Supplemental Data": 1000000.0,
      "Income Tax Paid Supplemental Data": 27000000.0,
      "End Cash Position": 1649000000.0,
      "Beginning Cash Position": 2503000000.0,
      "Effect Of Exchange Rate Changes": -17000000.0,
      "Changes In Cash": -837000000.0,
      "Financing Cash Flow": 18000000.0,
      "Cash Flow From Continuing Financing Activities": 18000000.0,
      "Proceeds From Stock Option Exercised": 18000000.0,
      "Net Common Stock Issuance": 0.0,
      "Common Stock Issuance": 0.0,
      "Net Issuance Payments Of Debt": null,
      "Net Long Term Debt Issuance": null,
      "Long Term Debt Issuance": null,
      "Investing Cash Flow": -719000000.0,
      "Cash Flow From Continuing Investing Activities": -719000000.0,
      "Net Other Investing Changes": -159000000.0,
      "Net Investment Purchase And Sale": 1879000000.0,
      "Sale Of Investment": 6890000000.0,
      "Purchase Of Investment": -5011000000.0,
      "Net Business Purchase And Sale": -2389000000.0,
      "Purchase Of Business": -2389000000.0,
      "Net Intangibles Purchase And Sale": null,
      "Purchase Of Intangibles": null,
      "Net PPE Purchase And Sale": -50000000.0,
      "Purchase Of PPE": -50000000.0,
      "Operating Cash Flow": -136000000.0,
      "Cash Flow From Continuing Operating Activities": -136000000.0,
      "Change In Working Capital": -99000000.0,
      "Change In Other Working Capital": 32000000.0,
      "Change In Other Current Assets": -31000000.0,
      "Change In Payables And Accrued Expense": 28000000.0,
      "Change In Prepaid Assets": null,
      "Change In Receivables": -128000000.0,
      "Changes In Account Receivables": -128000000.0,
      "Other Non Cash Items": -121000000.0,
      "Stock Based Compensation": 549000000.0,
      "Provisionand Write Offof Assets": 74000000.0,
      "Asset Impairment Charge": 84000000.0,
      "Deferred Tax": -187000000.0,
      "Deferred Income Tax": -187000000.0,
      "Depreciation Amortization Depletion": 93000000.0,
      "Depreciation And Amortization": 93000000.0,
      "Amortization Cash Flow": null,
      "Amortization Of Intangibles": null,
      "Depreciation": null,
      "Operating Gains Losses": 2931000000.0,
      "Earnings Losses From Equity Investments": 2919000000.0,
      "Net Foreign Currency Exchange Gain Loss": 12000000.0,
      "Net Income From Continuing Operations": -3460000000.0
    },
    "2021-12-31T00:00:00": {
      "Free Cash Flow": 484923000.0,
      "Issuance Of Debt": 0.0,
      "Issuance Of Capital Stock": 1541168000.0,
      "Capital Expenditure": -50788000.0,
      "Interest Paid Supplemental Data": 1287000.0,
      "Income Tax Paid Supplemental Data": 10466000.0,
      "End Cash Position": 2502992000.0,
      "Beginning Cash Position": 2703597000.0,
      "Effect Of Exchange Rate Changes": -7005000.0,
      "Changes In Cash": -193600000.0,
      "Financing Cash Flow": 1649762000.0,
      "Cash Flow From Continuing Financing Activities": 1649762000.0,
      "Proceeds From Stock Option Exercised": 108594000.0,
      "Net Common Stock Issuance": 1541168000.0,
      "Common Stock Issuance": 1541168000.0,
      "Net Issuance Payments Of Debt": 0.0,
      "Net Long Term Debt Issuance": 0.0,
      "Long Term Debt Issuance": 0.0,
      "Investing Cash Flow": -2379073000.0,
      "Cash Flow From Continuing Investing Activities": -2379073000.0,
      "Net Other Investing Changes": -31283000.0,
      "Net Investment Purchase And Sale": -1587142000.0,
      "Sale Of Investment": 5750224000.0,
      "Purchase Of Investment": -7337366000.0,
      "Net Business Purchase And Sale": -709860000.0,
      "Purchase Of Business": -709860000.0,
      "Net Intangibles Purchase And Sale": 0.0,
      "Purchase Of Intangibles": 0.0,
      "Net PPE Purchase And Sale": -50788000.0,
      "Purchase Of PPE": -50788000.0,
      "Operating Cash Flow": 535711000.0,
      "Cash Flow From Continuing Operating Activities": 535711000.0,
      "Change In Working Capital": -129641000.0,
      "Change In Other Working Capital": 89429000.0,
      "Change In Other Current Assets": -50151000.0,
      "Change In Payables And Accrued Expense": 138175000.0,
      "Change In Prepaid Assets": -266077000.0,
      "Change In Receivables": -307094000.0,
      "Changes In Account Receivables": -307094000.0,
      "Other Non Cash Items": -56037000.0,
      "Stock Based Compensation": 330763000.0,
      "Provisionand Write Offof Assets": 43781000.0,
      "Asset Impairment Charge": 30145000.0,
      "Deferred Tax": 190963000.0,
      "Deferred Income Tax": 190963000.0,
      "Depreciation Amortization Depletion": 66308000.0,
      "Depreciation And Amortization": 66308000.0,
      "Amortization Cash Flow": null,
      "Amortization Of Intangibles": null,
      "Depreciation": null,
      "Operating Gains Losses": -2855230000.0,
      "Earnings Losses From Equity Investments": -2859800000.0,
      "Net Foreign Currency Exchange Gain Loss": 4570000.0,
      "Net Income From Continuing Operations": 2914659000.0
    }
  },
  "earnings_estimate": {
    "avg": {
      "0q": 0.33011,
      "+1q": 0.38915,
      "0y": 1.82873,
      "+1y": 2.29183
    },
    "low": {
      "0q": 0.23,
      "+1q": 0.27,
      "0y": 1.32,
      "+1y": 1.65
    },
    "high": {
      "0q": 0.39,
      "+1q": 0.46,
      "0y": 2.24,
      "+1y": 3.05765
    },
    "yearAgoEps": {
      "0q": 0.25,
      "+1q": 0.35,
      "0y": 1.43,
      "+1y": 1.82873
    },
    "numberOfAnalysts": {
      "0q": 30,
      "+1q": 29,
      "0y": 41,
      "+1y": 37
    },
    "growth": {
      "0q": 0.3204,
      "+1q": 0.111899994,
      "0y": 0.27879998,
      "+1y": 0.2532
    }
  },
  "revenue_estimate": {
    "avg": {
      "0q": 3086287180,
      "+1q": 3394993630,
      "0y": 14653508540,
      "+1y": 17995834410
    },
    "low": {
      "0q": 3048000000,
      "+1q": 3183000000,
      "0y": 13978400000,
      "+1y": 16075500000
    },
    "high": {
      "0q": 3120000000,
      "+1q": 3521000000,
      "0y": 15312000000,
      "+1y": 19455000000
    },
    "numberOfAnalysts": {
      "0q": 38,
      "+1q": 36,
      "0y": 43,
      "+1y": 42
    },
    "yearAgoRevenue": {
      "0q": 2360000000,
      "+1q": 2680000000,
      "0y": 11556000000,
      "+1y": 14653508540
    },
    "growth": {
      "0q": 0.3077,
      "+1q": 0.26680002,
      "0y": 0.268,
      "+1y": 0.2281
    }
  },
  "growth_estimates": {
    "stockTrend": {
      "0q": 0.3204,
      "+1q": 0.111899994,
      "0y": 0.27879998,
      "+1y": 0.2532,
      "LTG": null
    },
    "indexTrend": {
      "0q": 0.1273,
      "+1q": 0.103599995,
      "0y": 0.14310001,
      "+1y": 0.1557,
      "LTG": 0.122
    }
  },
  "revenue_forecasts": null,
  "dividend_rate": null,
  "trailing_dividend_rate": 0.0
}