{
  "ticker": "SIE.DE",
  "name": "Siemens",
  "country": "germany",
  "currency": "EUR",
  "last_fetched": "2026-02-26T20:47:11.355015",
  "market_cap": 194747023360,
  "revenue": 79700000768,
  "net_income": 7955999744,
  "pe_ratio": 26.118696,
  "forward_pe": 19.49265,
  "dividend_yield": 2.19,
  "profit_margin": 0.09969,
  "roe": 0.1279,
  "debt_to_equity": 78.402,
  "beta": 1.177,
  "ev_to_ebitda": 19.864,
  "sector": "Industrials",
  "industry": "Specialty Industrial Machinery",
  "summary": "Siemens Aktiengesellschaft, a technology company, focuses in the areas of automation and digitalization in Europe, Commonwealth of Independent States, Africa, the Middle East, the Americas, Asia, and Australia. It operates through Digital Industries, Smart Infrastructure, Mobility, Siemens Healthineers, and Siemens Financial Services (SFS) segments. The Digital Industries segment provides automation systems and software for factories, numerical control systems, servo motors, drives and inverters, and integrated automation systems for machine tools and production machines; process control systems, machine-to-machine communication products, sensors and radio frequency identification systems; production and product lifecycle management software, and simulation and testing of mechatronic system. The Smart Infrastructure segment offers products, systems, solutions, services, and software to support sustainable transition from fossil and renewable energy  sources; sustainable buildings and communities; and buildings, electrification, and electrical products. The Mobility segment provides rail passenger and freight transportation, such as metro systems, trams and light rail, and commuter trains, as well as trains and passenger coaches; locomotives and solutions for automated transportation and leasing; products and solutions for rail automation and electrification; maintenance and digital services; and digital and cloud-based solutions, and related services. The Siemens Healthineers segment develops, manufactures, and sells various diagnostic and therapeutic products and services; and provides clinical consulting and training services. The Siemens Financial Services segment offers debt and equity investments; leasing, lending, and working capital; structured, equipment, and project financing; and financial advisory services. The company was founded in 1847 and is headquartered in Munich, Germany.",
  "website": "https://www.siemens.com",
  "employees": 317000,
  "target_high": 335.0,
  "target_low": 225.0,
  "target_mean": 274.85434,
  "target_median": 277.0,
  "recommendation": "buy",
  "num_analysts": 23,
  "income_stmt": {
    "2025-09-30T00:00:00": {
      "Tax Effect Of Unusual Items": 164680000.0,
      "Tax Rate For Calcs": 0.23,
      "Normalized EBITDA": 15143000000.0,
      "Total Unusual Items": 716000000.0,
      "Total Unusual Items Excluding Goodwill": 716000000.0,
      "Net Income From Continuing Operation Net Minority Interest": 7561000000.0,
      "Reconciled Depreciation": 3389000000.0,
      "Reconciled Cost Of Revenue": 48515000000.0,
      "EBITDA": 15859000000.0,
      "EBIT": 12470000000.0,
      "Net Interest Income": 838000000.0,
      "Interest Expense": 1640000000.0,
      "Interest Income": 2765000000.0,
      "Normalized Income": 7009680000.0,
      "Net Income From Continuing And Discontinued Operation": 9620000000.0,
      "Total Expenses": 69822000000.0,
      "Diluted Average Shares": null,
      "Basic Average Shares": null,
      "Diluted EPS": null,
      "Basic EPS": null,
      "Diluted NI Availto Com Stockholders": 9613000000.0,
      "Average Dilution Earnings": -7000000.0,
      "Net Income Common Stockholders": 9620000000.0,
      "Otherunder Preferred Stock Dividend": 0.0,
      "Net Income": 9620000000.0,
      "Minority Interests": -767000000.0,
      "Net Income Including Noncontrolling Interests": 10387000000.0,
      "Net Income Discontinuous Operations": 2059000000.0,
      "Net Income Continuous Operations": 8328000000.0,
      "Tax Provision": 2501000000.0,
      "Pretax Income": 10830000000.0,
      "Special Income Charges": 716000000.0,
      "Other Special Charges": -745000000.0,
      "Write Off": 29000000.0,
      "Net Non Operating Interest Income Expense": 838000000.0,
      "Total Other Finance Cost": 287000000.0,
      "Interest Expense Non Operating": 1640000000.0,
      "Interest Income Non Operating": 2765000000.0,
      "Operating Income": 9092000000.0,
      "Operating Expense": 21307000000.0,
      "Other Operating Expenses": 230000000.0,
      "Research And Development": 6559000000.0,
      "Selling General And Administration": 14827000000.0,
      "General And Administrative Expense": 14827000000.0,
      "Gross Profit": 30399000000.0,
      "Cost Of Revenue": 48515000000.0,
      "Total Revenue": 78914000000.0,
      "Operating Revenue": 78914000000.0
    },
    "2024-09-30T00:00:00": {
      "Tax Effect Of Unusual Items": 161910000.0,
      "Tax Rate For Calcs": 0.21,
      "Normalized EBITDA": 15399000000.0,
      "Total Unusual Items": 771000000.0,
      "Total Unusual Items Excluding Goodwill": 771000000.0,
      "Net Income From Continuing Operation Net Minority Interest": 8216000000.0,
      "Reconciled Depreciation": 3158000000.0,
      "Reconciled Cost Of Revenue": 46107000000.0,
      "EBITDA": 16170000000.0,
      "EBIT": 13012000000.0,
      "Net Interest Income": 808000000.0,
      "Interest Expense": 1785000000.0,
      "Interest Income": 2833000000.0,
      "Normalized Income": 7606910000.0,
      "Net Income From Continuing And Discontinued Operation": 8301000000.0,
      "Total Expenses": 66432000000.0,
      "Diluted Average Shares": 798915000.0,
      "Basic Average Shares": 788674000.0,
      "Diluted EPS": 10.38,
      "Basic EPS": 10.53,
      "Diluted NI Availto Com Stockholders": 8294000000.0,
      "Average Dilution Earnings": -7000000.0,
      "Net Income Common Stockholders": 8301000000.0,
      "Otherunder Preferred Stock Dividend": 0.0,
      "Net Income": 8301000000.0,
      "Minority Interests": -691000000.0,
      "Net Income Including Noncontrolling Interests": 8992000000.0,
      "Net Income Discontinuous Operations": 85000000.0,
      "Net Income Continuous Operations": 8907000000.0,
      "Tax Provision": 2320000000.0,
      "Pretax Income": 11227000000.0,
      "Special Income Charges": 771000000.0,
      "Other Special Charges": -806000000.0,
      "Write Off": 35000000.0,
      "Net Non Operating Interest Income Expense": 808000000.0,
      "Total Other Finance Cost": 240000000.0,
      "Interest Expense Non Operating": 1785000000.0,
      "Interest Income Non Operating": 2833000000.0,
      "Operating Income": 9498000000.0,
      "Operating Expense": 20325000000.0,
      "Other Operating Expenses": 514000000.0,
      "Research And Development": 6276000000.0,
      "Selling General And Administration": 13984000000.0,
      "General And Administrative Expense": 13984000000.0,
      "Gross Profit": 29823000000.0,
      "Cost Of Revenue": 46107000000.0,
      "Total Revenue": 75930000000.0,
      "Operating Revenue": 75930000000.0
    },
    "2023-09-30T00:00:00": {
      "Tax Effect Of Unusual Items": 546940000.0,
      "Tax Rate For Calcs": 0.23,
      "Normalized EBITDA": 13661000000.0,
      "Total Unusual Items": 2378000000.0,
      "Total Unusual Items Excluding Goodwill": 2378000000.0,
      "Net Income From Continuing Operation Net Minority Interest": 7946000000.0,
      "Reconciled Depreciation": 3544000000.0,
      "Reconciled Cost Of Revenue": 45766000000.0,
      "EBITDA": 16039000000.0,
      "EBIT": 12495000000.0,
      "Net Interest Income": 645000000.0,
      "Interest Expense": 1369000000.0,
      "Interest Income": 2402000000.0,
      "Normalized Income": 6114940000.0,
      "Net Income From Continuing And Discontinued Operation": 7949000000.0,
      "Total Expenses": 65481000000.0,
      "Diluted Average Shares": 801342000.0,
      "Basic Average Shares": 791538000.0,
      "Diluted EPS": 9.91,
      "Basic EPS": 10.04,
      "Diluted NI Availto Com Stockholders": 7945000000.0,
      "Average Dilution Earnings": -4000000.0,
      "Net Income Common Stockholders": 7949000000.0,
      "Otherunder Preferred Stock Dividend": 0.0,
      "Net Income": 7949000000.0,
      "Minority Interests": -579000000.0,
      "Net Income Including Noncontrolling Interests": 8529000000.0,
      "Net Income Discontinuous Operations": 3000000.0,
      "Net Income Continuous Operations": 8525000000.0,
      "Tax Provision": 2600000000.0,
      "Pretax Income": 11126000000.0,
      "Special Income Charges": 2378000000.0,
      "Other Special Charges": -792000000.0,
      "Write Off": -1586000000.0,
      "Net Non Operating Interest Income Expense": 645000000.0,
      "Total Other Finance Cost": 388000000.0,
      "Interest Expense Non Operating": 1369000000.0,
      "Interest Income Non Operating": 2402000000.0,
      "Operating Income": 9402000000.0,
      "Operating Expense": 19715000000.0,
      "Other Operating Expenses": 447000000.0,
      "Research And Development": 6113000000.0,
      "Selling General And Administration": 13553000000.0,
      "General And Administrative Expense": 13553000000.0,
      "Gross Profit": 29117000000.0,
      "Cost Of Revenue": 45766000000.0,
      "Total Revenue": 74882000000.0,
      "Operating Revenue": 74882000000.0
    },
    "2022-09-30T00:00:00": {
      "Tax Effect Of Unusual Items": 7980000.0,
      "Tax Rate For Calcs": 0.38,
      "Normalized EBITDA": 11383000000.0,
      "Total Unusual Items": 21000000.0,
      "Total Unusual Items Excluding Goodwill": 21000000.0,
      "Net Income From Continuing Operation Net Minority Interest": 3744000000.0,
      "Reconciled Depreciation": 3561000000.0,
      "Reconciled Cost Of Revenue": 46130000000.0,
      "EBITDA": 11404000000.0,
      "EBIT": 7843000000.0,
      "Net Interest Income": -44000000.0,
      "Interest Expense": 689000000.0,
      "Interest Income": 1632000000.0,
      "Normalized Income": 3730980000.0,
      "Net Income From Continuing And Discontinued Operation": 3723000000.0,
      "Total Expenses": 64701000000.0,
      "Diluted Average Shares": 809680000.0,
      "Basic Average Shares": 801338000.0,
      "Diluted EPS": 4.59,
      "Basic EPS": 4.65,
      "Diluted NI Availto Com Stockholders": 3716000000.0,
      "Average Dilution Earnings": -7000000.0,
      "Net Income Common Stockholders": 3723000000.0,
      "Otherunder Preferred Stock Dividend": 0.0,
      "Net Income": 3723000000.0,
      "Minority Interests": -669000000.0,
      "Net Income Including Noncontrolling Interests": 4392000000.0,
      "Net Income Discontinuous Operations": -21000000.0,
      "Net Income Continuous Operations": 4413000000.0,
      "Tax Provision": 2741000000.0,
      "Pretax Income": 7154000000.0,
      "Special Income Charges": 21000000.0,
      "Other Special Charges": -2618000000.0,
      "Write Off": 2597000000.0,
      "Net Non Operating Interest Income Expense": -44000000.0,
      "Total Other Finance Cost": 987000000.0,
      "Interest Expense Non Operating": 689000000.0,
      "Interest Income Non Operating": 1632000000.0,
      "Operating Income": 7276000000.0,
      "Operating Expense": 18571000000.0,
      "Other Operating Expenses": 285000000.0,
      "Research And Development": 5591000000.0,
      "Selling General And Administration": 12857000000.0,
      "General And Administrative Expense": 12857000000.0,
      "Gross Profit": 25847000000.0,
      "Cost Of Revenue": 46130000000.0,
      "Total Revenue": 71977000000.0,
      "Operating Revenue": 71977000000.0
    },
    "2021-09-30T00:00:00": {
      "Tax Effect Of Unusual Items": null,
      "Tax Rate For Calcs": null,
      "Normalized EBITDA": null,
      "Total Unusual Items": null,
      "Total Unusual Items Excluding Goodwill": null,
      "Net Income From Continuing Operation Net Minority Interest": null,
      "Reconciled Depreciation": null,
      "Reconciled Cost Of Revenue": null,
      "EBITDA": null,
      "EBIT": null,
      "Net Interest Income": null,
      "Interest Expense": null,
      "Interest Income": null,
      "Normalized Income": null,
      "Net Income From Continuing And Discontinued Operation": null,
      "Total Expenses": null,
      "Diluted Average Shares": 811490000.0,
      "Basic Average Shares": 801829000.0,
      "Diluted EPS": 7.59,
      "Basic EPS": 7.68,
      "Diluted NI Availto Com Stockholders": null,
      "Average Dilution Earnings": null,
      "Net Income Common Stockholders": null,
      "Otherunder Preferred Stock Dividend": null,
      "Net Income": null,
      "Minority Interests": null,
      "Net Income Including Noncontrolling Interests": null,
      "Net Income Discontinuous Operations": null,
      "Net Income Continuous Operations": null,
      "Tax Provision": null,
      "Pretax Income": null,
      "Special Income Charges": null,
      "Other Special Charges": null,
      "Write Off": null,
      "Net Non Operating Interest Income Expense": null,
      "Total Other Finance Cost": null,
      "Interest Expense Non Operating": null,
      "Interest Income Non Operating": null,
      "Operating Income": null,
      "Operating Expense": null,
      "Other Operating Expenses": null,
      "Research And Development": null,
      "Selling General And Administration": null,
      "General And Administrative Expense": null,
      "Gross Profit": null,
      "Cost Of Revenue": null,
      "Total Revenue": null,
      "Operating Revenue": null
    }
  },
  "quarterly_income": {
    "2025-09-30T00:00:00": {
      "Tax Effect Of Unusual Items": 0.0,
      "Tax Rate For Calcs": 0.218029,
      "Normalized EBITDA": 3743000000.0,
      "Net Income From Continuing Operation Net Minority Interest": 1647000000.0,
      "Reconciled Depreciation": 924000000.0,
      "Reconciled Cost Of Revenue": 13323000000.0,
      "EBITDA": 3743000000.0,
      "EBIT": 2819000000.0,
      "Net Interest Income": 120000000.0,
      "Interest Expense": 434000000.0,
      "Interest Income": 642000000.0,
      "Normalized Income": 1647000000.0,
      "Net Income From Continuing And Discontinued Operation": 1619000000.0,
      "Total Expenses": 19681000000.0,
      "Diluted Average Shares": null,
      "Basic Average Shares": null,
      "Diluted EPS": null,
      "Basic EPS": null,
      "Diluted NI Availto Com Stockholders": 1612000000.0,
      "Net Income Common Stockholders": 1619000000.0,
      "Otherunder Preferred Stock Dividend": 0.0,
      "Net Income": 1619000000.0,
      "Minority Interests": -218000000.0,
      "Net Income Including Noncontrolling Interests": 1837000000.0,
      "Net Income Discontinuous Operations": -28000000.0,
      "Net Income Continuous Operations": 1864000000.0,
      "Tax Provision": 520000000.0,
      "Pretax Income": 2385000000.0,
      "Net Non Operating Interest Income Expense": 120000000.0,
      "Total Other Finance Cost": 88000000.0,
      "Interest Expense Non Operating": 434000000.0,
      "Interest Income Non Operating": 642000000.0,
      "Operating Income": 1746000000.0,
      "Operating Expense": 6358000000.0,
      "Other Operating Expenses": -38000000.0,
      "Research And Development": 1744000000.0,
      "Selling General And Administration": 4098000000.0,
      "General And Administrative Expense": 4098000000.0,
      "Gross Profit": 8104000000.0,
      "Cost Of Revenue": 13323000000.0,
      "Total Revenue": 21426000000.0,
      "Operating Revenue": 21426000000.0
    },
    "2025-06-30T00:00:00": {
      "Tax Effect Of Unusual Items": 0.0,
      "Tax Rate For Calcs": 0.231142,
      "Normalized EBITDA": 4230000000.0,
      "Net Income From Continuing Operation Net Minority Interest": 2025000000.0,
      "Reconciled Depreciation": 890000000.0,
      "Reconciled Cost Of Revenue": 11840000000.0,
      "EBITDA": 4230000000.0,
      "EBIT": 3340000000.0,
      "Net Interest Income": 241000000.0,
      "Interest Expense": 450000000.0,
      "Interest Income": 670000000.0,
      "Normalized Income": 2025000000.0,
      "Net Income From Continuing And Discontinued Operation": 2046000000.0,
      "Total Expenses": 16763000000.0,
      "Diluted Average Shares": 793023256.0,
      "Basic Average Shares": 785203000.0,
      "Diluted EPS": 2.58,
      "Basic EPS": 2.61,
      "Diluted NI Availto Com Stockholders": 2046000000.0,
      "Net Income Common Stockholders": 2046000000.0,
      "Otherunder Preferred Stock Dividend": 0.0,
      "Net Income": 2046000000.0,
      "Minority Interests": -197000000.0,
      "Net Income Including Noncontrolling Interests": 2243000000.0,
      "Net Income Discontinuous Operations": 21000000.0,
      "Net Income Continuous Operations": 2222000000.0,
      "Tax Provision": 668000000.0,
      "Pretax Income": 2890000000.0,
      "Net Non Operating Interest Income Expense": 241000000.0,
      "Total Other Finance Cost": -21000000.0,
      "Interest Expense Non Operating": 450000000.0,
      "Interest Income Non Operating": 670000000.0,
      "Operating Income": 2614000000.0,
      "Operating Expense": 4923000000.0,
      "Other Operating Expenses": 64000000.0,
      "Research And Development": 1650000000.0,
      "Selling General And Administration": 3571000000.0,
      "General And Administrative Expense": 3571000000.0,
      "Gross Profit": 7537000000.0,
      "Cost Of Revenue": 11840000000.0,
      "Total Revenue": 19377000000.0,
      "Operating Revenue": 19377000000.0
    },
    "2025-03-31T00:00:00": {
      "Tax Effect Of Unusual Items": 0.0,
      "Tax Rate For Calcs": 0.231012,
      "Normalized EBITDA": 4343000000.0,
      "Net Income From Continuing Operation Net Minority Interest": 2252000000.0,
      "Reconciled Depreciation": 800000000.0,
      "Reconciled Cost Of Revenue": 12088000000.0,
      "EBITDA": 4343000000.0,
      "EBIT": 3543000000.0,
      "Net Interest Income": 249000000.0,
      "Interest Expense": 370000000.0,
      "Interest Income": 706000000.0,
      "Normalized Income": 2252000000.0,
      "Net Income From Continuing And Discontinued Operation": 2251000000.0,
      "Total Expenses": 17089000000.0,
      "Diluted Average Shares": null,
      "Basic Average Shares": null,
      "Diluted EPS": null,
      "Basic EPS": null,
      "Diluted NI Availto Com Stockholders": 2251000000.0,
      "Net Income Common Stockholders": 2251000000.0,
      "Otherunder Preferred Stock Dividend": 0.0,
      "Net Income": 2251000000.0,
      "Minority Interests": -189000000.0,
      "Net Income Including Noncontrolling Interests": 2439000000.0,
      "Net Income Discontinuous Operations": -1000000.0,
      "Net Income Continuous Operations": 2441000000.0,
      "Tax Provision": 733000000.0,
      "Pretax Income": 3173000000.0,
      "Net Non Operating Interest Income Expense": 249000000.0,
      "Total Other Finance Cost": 87000000.0,
      "Interest Expense Non Operating": 370000000.0,
      "Interest Income Non Operating": 706000000.0,
      "Operating Income": 2668000000.0,
      "Operating Expense": 5001000000.0,
      "Other Operating Expenses": 118000000.0,
      "Research And Development": 1620000000.0,
      "Selling General And Administration": 3659000000.0,
      "General And Administrative Expense": 3659000000.0,
      "Gross Profit": 7669000000.0,
      "Cost Of Revenue": 12088000000.0,
      "Total Revenue": 19757000000.0,
      "Operating Revenue": 19757000000.0
    },
    "2024-12-31T00:00:00": {
      "Tax Effect Of Unusual Items": 0.0,
      "Tax Rate For Calcs": 0.243595,
      "Normalized EBITDA": 3541000000.0,
      "Net Income From Continuing Operation Net Minority Interest": 1638000000.0,
      "Reconciled Depreciation": 774000000.0,
      "Reconciled Cost Of Revenue": 11264000000.0,
      "EBITDA": 3541000000.0,
      "EBIT": 2767000000.0,
      "Net Interest Income": 228000000.0,
      "Interest Expense": 386000000.0,
      "Interest Income": 747000000.0,
      "Normalized Income": 1638000000.0,
      "Net Income From Continuing And Discontinued Operation": 3705000000.0,
      "Total Expenses": 16289000000.0,
      "Diluted Average Shares": 795064378.0,
      "Basic Average Shares": 786025000.0,
      "Diluted EPS": 4.66,
      "Basic EPS": 4.71,
      "Diluted NI Availto Com Stockholders": 3705000000.0,
      "Net Income Common Stockholders": 3705000000.0,
      "Otherunder Preferred Stock Dividend": 0.0,
      "Net Income": 3705000000.0,
      "Minority Interests": -163000000.0,
      "Net Income Including Noncontrolling Interests": 3868000000.0,
      "Net Income Discontinuous Operations": 2067000000.0,
      "Net Income Continuous Operations": 1801000000.0,
      "Tax Provision": 580000000.0,
      "Pretax Income": 2381000000.0,
      "Net Non Operating Interest Income Expense": 228000000.0,
      "Total Other Finance Cost": 133000000.0,
      "Interest Expense Non Operating": 386000000.0,
      "Interest Income Non Operating": 747000000.0,
      "Operating Income": 2064000000.0,
      "Operating Expense": 5025000000.0,
      "Other Operating Expenses": 85000000.0,
      "Research And Development": 1545000000.0,
      "Selling General And Administration": 3500000000.0,
      "General And Administrative Expense": 3500000000.0,
      "Gross Profit": 7089000000.0,
      "Cost Of Revenue": 11264000000.0,
      "Total Revenue": 18353000000.0,
      "Operating Revenue": 18353000000.0
    },
    "2024-09-30T00:00:00": {
      "Tax Effect Of Unusual Items": 0.0,
      "Tax Rate For Calcs": 0.250431,
      "Normalized EBITDA": 4187000000.0,
      "Net Income From Continuing Operation Net Minority Interest": 1961000000.0,
      "Reconciled Depreciation": 813000000.0,
      "Reconciled Cost Of Revenue": 12885000000.0,
      "EBITDA": 4187000000.0,
      "EBIT": 3374000000.0,
      "Net Interest Income": 199000000.0,
      "Interest Expense": 471000000.0,
      "Interest Income": 714000000.0,
      "Normalized Income": 1961000000.0,
      "Net Income From Continuing And Discontinued Operation": 1900000000.0,
      "Total Expenses": 18159000000.0,
      "Diluted Average Shares": 798319328.0,
      "Basic Average Shares": 786513000.0,
      "Diluted EPS": 2.38,
      "Basic EPS": 2.42,
      "Diluted NI Availto Com Stockholders": 1900000000.0,
      "Net Income Common Stockholders": 1900000000.0,
      "Otherunder Preferred Stock Dividend": 0.0,
      "Net Income": 1900000000.0,
      "Minority Interests": -215000000.0,
      "Net Income Including Noncontrolling Interests": 2115000000.0,
      "Net Income Discontinuous Operations": -61000000.0,
      "Net Income Continuous Operations": 2176000000.0,
      "Tax Provision": 727000000.0,
      "Pretax Income": 2903000000.0,
      "Net Non Operating Interest Income Expense": 199000000.0,
      "Total Other Finance Cost": 44000000.0,
      "Interest Expense Non Operating": 471000000.0,
      "Interest Income Non Operating": 714000000.0,
      "Operating Income": 2652000000.0,
      "Operating Expense": 5274000000.0,
      "Other Operating Expenses": 93000000.0,
      "Research And Development": 1651000000.0,
      "Selling General And Administration": 3671000000.0,
      "General And Administrative Expense": 3671000000.0,
      "Gross Profit": 7926000000.0,
      "Cost Of Revenue": 12885000000.0,
      "Total Revenue": 20811000000.0,
      "Operating Revenue": 20811000000.0
    },
    "2024-06-30T00:00:00": {
      "Tax Effect Of Unusual Items": null,
      "Tax Rate For Calcs": null,
      "Normalized EBITDA": null,
      "Net Income From Continuing Operation Net Minority Interest": null,
      "Reconciled Depreciation": null,
      "Reconciled Cost Of Revenue": null,
      "EBITDA": null,
      "EBIT": null,
      "Net Interest Income": null,
      "Interest Expense": null,
      "Interest Income": null,
      "Normalized Income": null,
      "Net Income From Continuing And Discontinued Operation": null,
      "Total Expenses": null,
      "Diluted Average Shares": 798387097.0,
      "Basic Average Shares": 789181000.0,
      "Diluted EPS": 2.48,
      "Basic EPS": 2.51,
      "Diluted NI Availto Com Stockholders": null,
      "Net Income Common Stockholders": null,
      "Otherunder Preferred Stock Dividend": null,
      "Net Income": null,
      "Minority Interests": null,
      "Net Income Including Noncontrolling Interests": null,
      "Net Income Discontinuous Operations": null,
      "Net Income Continuous Operations": null,
      "Tax Provision": null,
      "Pretax Income": null,
      "Net Non Operating Interest Income Expense": null,
      "Total Other Finance Cost": null,
      "Interest Expense Non Operating": null,
      "Interest Income Non Operating": null,
      "Operating Income": null,
      "Operating Expense": null,
      "Other Operating Expenses": null,
      "Research And Development": null,
      "Selling General And Administration": null,
      "General And Administrative Expense": null,
      "Gross Profit": null,
      "Cost Of Revenue": null,
      "Total Revenue": null,
      "Operating Revenue": null
    }
  },
  "balance_sheet": {
    "2025-09-30T00:00:00": {
      "Treasury Shares Number": 19735802.0,
      "Ordinary Shares Number": 780264198.0,
      "Share Issued": 800000000.0,
      "Net Debt": 38271000000.0,
      "Total Debt": 56015000000.0,
      "Tangible Book Value": 9376000000.0,
      "Invested Capital": 115010000000.0,
      "Working Capital": 17450000000.0,
      "Net Tangible Assets": 9376000000.0,
      "Capital Lease Obligations": 3247000000.0,
      "Common Stock Equity": 62244000000.0,
      "Total Capitalization": 104586000000.0,
      "Total Equity Gross Minority Interest": 68371000000.0,
      "Minority Interest": 6127000000.0,
      "Stockholders Equity": 62244000000.0,
      "Other Equity Interest": 5868000000.0,
      "Treasury Stock": 3520000000.0,
      "Retained Earnings": 49601000000.0,
      "Additional Paid In Capital": 7895000000.0,
      "Capital Stock": 2400000000.0,
      "Common Stock": 2400000000.0,
      "Total Liabilities Net Minority Interest": 97831000000.0,
      "Total Non Current Liabilities Net Minority Interest": 50570000000.0,
      "Other Non Current Liabilities": 2056000000.0,
      "Non Current Pension And Other Postretirement Benefit Plans": 732000000.0,
      "Non Current Deferred Taxes Liabilities": 1261000000.0,
      "Long Term Debt And Capital Lease Obligation": 44841000000.0,
      "Long Term Capital Lease Obligation": 2498000000.0,
      "Long Term Debt": 42342000000.0,
      "Long Term Provisions": 1198000000.0,
      "Current Liabilities": 47261000000.0,
      "Other Current Liabilities": 492000000.0,
      "Current Debt And Capital Lease Obligation": 11174000000.0,
      "Current Capital Lease Obligation": 749000000.0,
      "Current Debt": 10424000000.0,
      "Pensionand Other Post Retirement Benefit Plans Current": 5464000000.0,
      "Current Provisions": 2187000000.0,
      "Payables": 12307000000.0,
      "Total Tax Payable": 3124000000.0,
      "Accounts Payable": 9183000000.0,
      "Total Assets": 166202000000.0,
      "Total Non Current Assets": 101490000000.0,
      "Other Non Current Assets": 2119000000.0,
      "Non Current Deferred Taxes Assets": 1944000000.0,
      "Financial Assets": 818000000.0,
      "Investmentin Financial Assets": 10972000000.0,
      "Available For Sale Securities": 10972000000.0,
      "Long Term Equity Investment": 866000000.0,
      "Goodwill And Other Intangible Assets": 52868000000.0,
      "Other Intangible Assets": 12198000000.0,
      "Goodwill": 40670000000.0,
      "Net PPE": 13023000000.0,
      "Accumulated Depreciation": -15280000000.0,
      "Gross PPE": 28303000000.0,
      "Construction In Progress": 1993000000.0,
      "Other Properties": 3796000000.0,
      "Machinery Furniture Equipment": 11094000000.0,
      "Properties": 11420000000.0,
      "Current Assets": 64711000000.0,
      "Other Current Assets": 1769000000.0,
      "Hedging Assets Current": 478000000.0,
      "Assets Held For Sale Current": 36000000.0,
      "Prepaid Assets": 323000000.0,
      "Inventory": 10259000000.0,
      "Finished Goods": 3398000000.0,
      "Work In Process": 3680000000.0,
      "Raw Materials": 3181000000.0,
      "Other Receivables": 16995000000.0,
      "Taxes Receivable": 1536000000.0,
      "Accounts Receivable": 14540000000.0,
      "Cash Cash Equivalents And Short Term Investments": 16687000000.0,
      "Other Short Term Investments": 2192000000.0,
      "Cash And Cash Equivalents": 14495000000.0
    },
    "2024-09-30T00:00:00": {
      "Treasury Shares Number": 15130836.0,
      "Ordinary Shares Number": 784869164.0,
      "Share Issued": 800000000.0,
      "Net Debt": 35700000000.0,
      "Total Debt": 47919000000.0,
      "Tangible Book Value": 10288000000.0,
      "Invested Capital": 96120000000.0,
      "Working Capital": 17440000000.0,
      "Net Tangible Assets": 10288000000.0,
      "Capital Lease Obligations": 3062000000.0,
      "Common Stock Equity": 51264000000.0,
      "Total Capitalization": 90247000000.0,
      "Total Equity Gross Minority Interest": 56231000000.0,
      "Minority Interest": 4967000000.0,
      "Stockholders Equity": 51264000000.0,
      "Other Equity Interest": 3615000000.0,
      "Treasury Stock": 2165000000.0,
      "Retained Earnings": 39657000000.0,
      "Additional Paid In Capital": 7757000000.0,
      "Capital Stock": 2400000000.0,
      "Common Stock": 2400000000.0,
      "Total Liabilities Net Minority Interest": 91581000000.0,
      "Total Non Current Liabilities Net Minority Interest": 47668000000.0,
      "Other Non Current Liabilities": 1968000000.0,
      "Non Current Pension And Other Postretirement Benefit Plans": 912000000.0,
      "Non Current Deferred Taxes Liabilities": 1483000000.0,
      "Long Term Debt And Capital Lease Obligation": 41321000000.0,
      "Long Term Capital Lease Obligation": 2337000000.0,
      "Long Term Debt": 38983000000.0,
      "Long Term Provisions": 1120000000.0,
      "Current Liabilities": 43913000000.0,
      "Other Current Liabilities": 551000000.0,
      "Current Debt And Capital Lease Obligation": 6598000000.0,
      "Current Capital Lease Obligation": 725000000.0,
      "Current Debt": 5873000000.0,
      "Pensionand Other Post Retirement Benefit Plans Current": 5260000000.0,
      "Current Provisions": 2730000000.0,
      "Payables": 11603000000.0,
      "Total Tax Payable": 2760000000.0,
      "Accounts Payable": 8843000000.0,
      "Total Assets": 147812000000.0,
      "Total Non Current Assets": 86459000000.0,
      "Other Non Current Assets": 2197000000.0,
      "Non Current Deferred Taxes Assets": 2677000000.0,
      "Financial Assets": 1083000000.0,
      "Investmentin Financial Assets": 6922000000.0,
      "Available For Sale Securities": 6922000000.0,
      "Long Term Equity Investment": 980000000.0,
      "Goodwill And Other Intangible Assets": 40976000000.0,
      "Other Intangible Assets": 9592000000.0,
      "Goodwill": 31384000000.0,
      "Net PPE": 12242000000.0,
      "Accumulated Depreciation": -14846000000.0,
      "Gross PPE": 27088000000.0,
      "Construction In Progress": 1490000000.0,
      "Other Properties": 3759000000.0,
      "Machinery Furniture Equipment": 10755000000.0,
      "Properties": 11084000000.0,
      "Current Assets": 61353000000.0,
      "Other Current Assets": 1635000000.0,
      "Hedging Assets Current": 228000000.0,
      "Assets Held For Sale Current": 2433000000.0,
      "Prepaid Assets": 272000000.0,
      "Inventory": 10651000000.0,
      "Finished Goods": 3457000000.0,
      "Work In Process": 3863000000.0,
      "Raw Materials": 3331000000.0,
      "Other Receivables": 15946000000.0,
      "Taxes Receivable": 1767000000.0,
      "Accounts Receivable": 14955000000.0,
      "Cash Cash Equivalents And Short Term Investments": 11458000000.0,
      "Other Short Term Investments": 2302000000.0,
      "Cash And Cash Equivalents": 9156000000.0
    },
    "2023-09-30T00:00:00": {
      "Treasury Shares Number": 10079918.0,
      "Ordinary Shares Number": 789920082.0,
      "Share Issued": 800000000.0,
      "Net Debt": 33587000000.0,
      "Total Debt": 46596000000.0,
      "Tangible Book Value": 4917000000.0,
      "Invested Capital": 91453000000.0,
      "Working Capital": 15726000000.0,
      "Net Tangible Assets": 4917000000.0,
      "Capital Lease Obligations": 2923000000.0,
      "Common Stock Equity": 47782000000.0,
      "Total Capitalization": 84664000000.0,
      "Total Equity Gross Minority Interest": 53052000000.0,
      "Minority Interest": 5270000000.0,
      "Stockholders Equity": 47782000000.0,
      "Other Equity Interest": 2282000000.0,
      "Treasury Stock": 1177000000.0,
      "Retained Earnings": 36866000000.0,
      "Additional Paid In Capital": 7411000000.0,
      "Capital Stock": 2400000000.0,
      "Common Stock": 2400000000.0,
      "Total Liabilities Net Minority Interest": 92019000000.0,
      "Total Non Current Liabilities Net Minority Interest": 47106000000.0,
      "Other Non Current Liabilities": 1933000000.0,
      "Non Current Pension And Other Postretirement Benefit Plans": 1426000000.0,
      "Non Current Deferred Taxes Liabilities": 1655000000.0,
      "Long Term Debt And Capital Lease Obligation": 39113000000.0,
      "Long Term Capital Lease Obligation": 2230000000.0,
      "Long Term Debt": 36882000000.0,
      "Long Term Provisions": 1463000000.0,
      "Current Liabilities": 44913000000.0,
      "Other Current Liabilities": 1984000000.0,
      "Current Debt And Capital Lease Obligation": 7483000000.0,
      "Current Capital Lease Obligation": 693000000.0,
      "Current Debt": 6789000000.0,
      "Pensionand Other Post Retirement Benefit Plans Current": 5522000000.0,
      "Current Provisions": 2320000000.0,
      "Payables": 12696000000.0,
      "Total Tax Payable": 2566000000.0,
      "Accounts Payable": 10130000000.0,
      "Total Assets": 145071000000.0,
      "Total Non Current Assets": 84432000000.0,
      "Other Non Current Assets": 1524000000.0,
      "Non Current Deferred Taxes Assets": 2235000000.0,
      "Financial Assets": 1213000000.0,
      "Investmentin Financial Assets": 2120000000.0,
      "Available For Sale Securities": 2120000000.0,
      "Long Term Equity Investment": 3014000000.0,
      "Goodwill And Other Intangible Assets": 42865000000.0,
      "Other Intangible Assets": 10641000000.0,
      "Goodwill": 32224000000.0,
      "Net PPE": 11938000000.0,
      "Accumulated Depreciation": -15342000000.0,
      "Gross PPE": 27280000000.0,
      "Construction In Progress": 1296000000.0,
      "Other Properties": 3857000000.0,
      "Machinery Furniture Equipment": 11233000000.0,
      "Properties": 10894000000.0,
      "Current Assets": 60639000000.0,
      "Other Current Assets": 1954000000.0,
      "Hedging Assets Current": 573000000.0,
      "Assets Held For Sale Current": 99000000.0,
      "Prepaid Assets": 287000000.0,
      "Inventory": 11260000000.0,
      "Finished Goods": 3715000000.0,
      "Work In Process": 4029000000.0,
      "Raw Materials": 3516000000.0,
      "Other Receivables": 15169000000.0,
      "Taxes Receivable": 1363000000.0,
      "Accounts Receivable": 15454000000.0,
      "Cash Cash Equivalents And Short Term Investments": 12528000000.0,
      "Other Short Term Investments": 2444000000.0,
      "Cash And Cash Equivalents": 10084000000.0
    },
    "2022-09-30T00:00:00": {
      "Treasury Shares Number": 57454171.0,
      "Ordinary Shares Number": 792545829.0,
      "Share Issued": 850000000.0,
      "Net Debt": 37169000000.0,
      "Total Debt": 50636000000.0,
      "Tangible Book Value": 2836000000.0,
      "Invested Capital": 96529000000.0,
      "Working Capital": 16143000000.0,
      "Net Tangible Assets": 2836000000.0,
      "Capital Lease Obligations": 3002000000.0,
      "Common Stock Equity": 48895000000.0,
      "Total Capitalization": 90574000000.0,
      "Total Equity Gross Minority Interest": 54805000000.0,
      "Minority Interest": 5910000000.0,
      "Stockholders Equity": 48895000000.0,
      "Other Equity Interest": 6160000000.0,
      "Treasury Stock": 5948000000.0,
      "Retained Earnings": 38959000000.0,
      "Additional Paid In Capital": 7174000000.0,
      "Capital Stock": 2550000000.0,
      "Common Stock": 2550000000.0,
      "Total Liabilities Net Minority Interest": 96697000000.0,
      "Total Non Current Liabilities Net Minority Interest": 54011000000.0,
      "Other Non Current Liabilities": 1653000000.0,
      "Non Current Pension And Other Postretirement Benefit Plans": 2275000000.0,
      "Non Current Deferred Taxes Liabilities": 2381000000.0,
      "Long Term Debt And Capital Lease Obligation": 43978000000.0,
      "Long Term Capital Lease Obligation": 2299000000.0,
      "Long Term Debt": 41679000000.0,
      "Long Term Provisions": 1857000000.0,
      "Current Liabilities": 42686000000.0,
      "Other Current Liabilities": 1693000000.0,
      "Current Debt And Capital Lease Obligation": 6658000000.0,
      "Current Capital Lease Obligation": 703000000.0,
      "Current Debt": 5955000000.0,
      "Pensionand Other Post Retirement Benefit Plans Current": 5126000000.0,
      "Current Provisions": 2156000000.0,
      "Payables": 12698000000.0,
      "Total Tax Payable": 2381000000.0,
      "Accounts Payable": 10317000000.0,
      "Total Assets": 151502000000.0,
      "Total Non Current Assets": 92673000000.0,
      "Other Non Current Assets": 1564000000.0,
      "Non Current Deferred Taxes Assets": 2459000000.0,
      "Financial Assets": 2868000000.0,
      "Investmentin Financial Assets": 2207000000.0,
      "Available For Sale Securities": 2207000000.0,
      "Long Term Equity Investment": 4955000000.0,
      "Goodwill And Other Intangible Assets": 46059000000.0,
      "Other Intangible Assets": 12197000000.0,
      "Goodwill": 33862000000.0,
      "Net PPE": 11733000000.0,
      "Accumulated Depreciation": -15193000000.0,
      "Gross PPE": 26926000000.0,
      "Construction In Progress": 1359000000.0,
      "Other Properties": 4025000000.0,
      "Machinery Furniture Equipment": 10932000000.0,
      "Properties": 10610000000.0,
      "Current Assets": 58829000000.0,
      "Other Current Assets": 355000000.0,
      "Hedging Assets Current": 957000000.0,
      "Assets Held For Sale Current": 413000000.0,
      "Prepaid Assets": 888000000.0,
      "Inventory": 10247000000.0,
      "Finished Goods": 3419000000.0,
      "Work In Process": 3631000000.0,
      "Raw Materials": 3197000000.0,
      "Other Receivables": 14036000000.0,
      "Taxes Receivable": 2242000000.0,
      "Accounts Receivable": 14666000000.0,
      "Cash Cash Equivalents And Short Term Investments": 12989000000.0,
      "Other Short Term Investments": 2524000000.0,
      "Cash And Cash Equivalents": 10465000000.0
    }
  },
  "cashflow": {
    "2025-09-30T00:00:00": {
      "Free Cash Flow": 10812000000.0,
      "Repurchase Of Capital Stock": -2269000000.0,
      "Repayment Of Debt": -5392000000.0,
      "Issuance Of Debt": 10881000000.0,
      "Issuance Of Capital Stock": 3325000000.0,
      "Capital Expenditure": -2445000000.0,
      "End Cash Position": 14495000000.0,
      "Other Cash Adjustment Outside Changein Cash": -1000000.0,
      "Beginning Cash Position": 9368000000.0,
      "Effect Of Exchange Rate Changes": -449000000.0,
      "Changes In Cash": 5577000000.0,
      "Other Cash Adjustment Inside Changein Cash": -7000000.0,
      "Financing Cash Flow": 3641000000.0,
      "Net Other Financing Charges": -1000000.0,
      "Interest Paid Cff": -1733000000.0,
      "Cash Dividends Paid": -4093000000.0,
      "Common Stock Dividend Paid": -4093000000.0,
      "Net Common Stock Issuance": 1056000000.0,
      "Common Stock Payments": -2269000000.0,
      "Common Stock Issuance": 3325000000.0,
      "Net Issuance Payments Of Debt": 8794000000.0,
      "Net Short Term Debt Issuance": 3305000000.0,
      "Net Long Term Debt Issuance": 5489000000.0,
      "Long Term Debt Payments": -5392000000.0,
      "Long Term Debt Issuance": 10881000000.0,
      "Investing Cash Flow": -11314000000.0,
      "Net Other Investing Changes": 1721000000.0,
      "Net Investment Purchase And Sale": 2907000000.0,
      "Sale Of Investment": 4211000000.0,
      "Purchase Of Investment": -1304000000.0,
      "Net Business Purchase And Sale": -13683000000.0,
      "Sale Of Business": 553000000.0,
      "Purchase Of Business": -14236000000.0,
      "Net Intangibles Purchase And Sale": -2259000000.0,
      "Sale Of Intangibles": 186000000.0,
      "Purchase Of Intangibles": -2445000000.0,
      "Operating Cash Flow": 13257000000.0,
      "Taxes Refund Paid": -2648000000.0,
      "Interest Received Cfo": 2591000000.0,
      "Dividend Received Cfo": 281000000.0,
      "Change In Working Capital": 899000000.0,
      "Change In Other Current Assets": 736000000.0,
      "Change In Payable": 539000000.0,
      "Change In Inventory": 91000000.0,
      "Change In Receivables": -467000000.0,
      "Other Non Cash Items": -634000000.0,
      "Deferred Tax": 2501000000.0,
      "Depreciation And Amortization": 3389000000.0,
      "Amortization Cash Flow": 3389000000.0,
      "Depreciation": null,
      "Gain Loss On Investment Securities": -832000000.0,
      "Net Income From Continuing Operations": 8328000000.0
    },
    "2024-09-30T00:00:00": {
      "Free Cash Flow": 9577000000.0,
      "Repurchase Of Capital Stock": -3765000000.0,
      "Repayment Of Debt": -6045000000.0,
      "Issuance Of Debt": 6688000000.0,
      "Issuance Of Capital Stock": null,
      "Capital Expenditure": -2088000000.0,
      "End Cash Position": 9156000000.0,
      "Other Cash Adjustment Outside Changein Cash": null,
      "Beginning Cash Position": 10084000000.0,
      "Effect Of Exchange Rate Changes": -220000000.0,
      "Changes In Cash": -708000000.0,
      "Other Cash Adjustment Inside Changein Cash": -211000000.0,
      "Financing Cash Flow": -8880000000.0,
      "Net Other Financing Charges": -19000000.0,
      "Interest Paid Cff": -1462000000.0,
      "Cash Dividends Paid": -3709000000.0,
      "Common Stock Dividend Paid": -3709000000.0,
      "Net Common Stock Issuance": -3765000000.0,
      "Common Stock Payments": -3765000000.0,
      "Common Stock Issuance": null,
      "Net Issuance Payments Of Debt": 464000000.0,
      "Net Short Term Debt Issuance": -179000000.0,
      "Net Long Term Debt Issuance": 643000000.0,
      "Long Term Debt Payments": -6045000000.0,
      "Long Term Debt Issuance": 6688000000.0,
      "Investing Cash Flow": -3282000000.0,
      "Net Other Investing Changes": -1294000000.0,
      "Net Investment Purchase And Sale": 216000000.0,
      "Sale Of Investment": 1158000000.0,
      "Purchase Of Investment": -942000000.0,
      "Net Business Purchase And Sale": -353000000.0,
      "Sale Of Business": 60000000.0,
      "Purchase Of Business": -413000000.0,
      "Net Intangibles Purchase And Sale": -1851000000.0,
      "Sale Of Intangibles": 237000000.0,
      "Purchase Of Intangibles": -2088000000.0,
      "Operating Cash Flow": 11665000000.0,
      "Taxes Refund Paid": -3463000000.0,
      "Interest Received Cfo": 2683000000.0,
      "Dividend Received Cfo": 294000000.0,
      "Change In Working Capital": 68000000.0,
      "Change In Other Current Assets": 2024000000.0,
      "Change In Payable": -458000000.0,
      "Change In Inventory": -81000000.0,
      "Change In Receivables": -1417000000.0,
      "Other Non Cash Items": -835000000.0,
      "Deferred Tax": 2320000000.0,
      "Depreciation And Amortization": 3158000000.0,
      "Amortization Cash Flow": 3158000000.0,
      "Depreciation": null,
      "Gain Loss On Investment Securities": -918000000.0,
      "Net Income From Continuing Operations": 8907000000.0
    },
    "2023-09-30T00:00:00": {
      "Free Cash Flow": 10093000000.0,
      "Repurchase Of Capital Stock": -1298000000.0,
      "Repayment Of Debt": -5246000000.0,
      "Issuance Of Debt": 2470000000.0,
      "Issuance Of Capital Stock": null,
      "Capital Expenditure": -2146000000.0,
      "End Cash Position": 10084000000.0,
      "Other Cash Adjustment Outside Changein Cash": 1000000.0,
      "Beginning Cash Position": 10472000000.0,
      "Effect Of Exchange Rate Changes": -721000000.0,
      "Changes In Cash": 332000000.0,
      "Other Cash Adjustment Inside Changein Cash": 0.0,
      "Financing Cash Flow": -8731000000.0,
      "Net Other Financing Charges": 3000000.0,
      "Interest Paid Cff": -1208000000.0,
      "Cash Dividends Paid": -3362000000.0,
      "Common Stock Dividend Paid": -3362000000.0,
      "Net Common Stock Issuance": -1298000000.0,
      "Common Stock Payments": -1298000000.0,
      "Common Stock Issuance": null,
      "Net Issuance Payments Of Debt": -2477000000.0,
      "Net Short Term Debt Issuance": 299000000.0,
      "Net Long Term Debt Issuance": -2776000000.0,
      "Long Term Debt Payments": -5246000000.0,
      "Long Term Debt Issuance": 2470000000.0,
      "Investing Cash Flow": -3176000000.0,
      "Net Other Investing Changes": -1250000000.0,
      "Net Investment Purchase And Sale": 23000000.0,
      "Sale Of Investment": 746000000.0,
      "Purchase Of Investment": -723000000.0,
      "Net Business Purchase And Sale": -39000000.0,
      "Sale Of Business": 368000000.0,
      "Purchase Of Business": -407000000.0,
      "Net Intangibles Purchase And Sale": -1910000000.0,
      "Sale Of Intangibles": 236000000.0,
      "Purchase Of Intangibles": -2146000000.0,
      "Operating Cash Flow": 12239000000.0,
      "Taxes Refund Paid": -2767000000.0,
      "Interest Received Cfo": 2205000000.0,
      "Dividend Received Cfo": 258000000.0,
      "Change In Working Capital": 1040000000.0,
      "Change In Other Current Assets": 4177000000.0,
      "Change In Payable": 170000000.0,
      "Change In Inventory": -1311000000.0,
      "Change In Receivables": -1996000000.0,
      "Other Non Cash Items": -1689000000.0,
      "Deferred Tax": 2600000000.0,
      "Depreciation And Amortization": 3544000000.0,
      "Amortization Cash Flow": 3544000000.0,
      "Depreciation": null,
      "Gain Loss On Investment Securities": -979000000.0,
      "Net Income From Continuing Operations": 8526000000.0
    },
    "2022-09-30T00:00:00": {
      "Free Cash Flow": 8157000000.0,
      "Repurchase Of Capital Stock": -1870000000.0,
      "Repayment Of Debt": -6663000000.0,
      "Issuance Of Debt": 4969000000.0,
      "Issuance Of Capital Stock": null,
      "Capital Expenditure": -2084000000.0,
      "End Cash Position": 10465000000.0,
      "Other Cash Adjustment Outside Changein Cash": -1000000.0,
      "Beginning Cash Position": 9545000000.0,
      "Effect Of Exchange Rate Changes": 679000000.0,
      "Changes In Cash": 242000000.0,
      "Other Cash Adjustment Inside Changein Cash": -7000000.0,
      "Financing Cash Flow": -7502000000.0,
      "Net Other Financing Charges": null,
      "Interest Paid Cff": -824000000.0,
      "Cash Dividends Paid": -3215000000.0,
      "Common Stock Dividend Paid": -3215000000.0,
      "Net Common Stock Issuance": -1870000000.0,
      "Common Stock Payments": -1870000000.0,
      "Common Stock Issuance": null,
      "Net Issuance Payments Of Debt": -1239000000.0,
      "Net Short Term Debt Issuance": 455000000.0,
      "Net Long Term Debt Issuance": -1694000000.0,
      "Long Term Debt Payments": -6663000000.0,
      "Long Term Debt Issuance": 4969000000.0,
      "Investing Cash Flow": -2490000000.0,
      "Net Other Investing Changes": -1122000000.0,
      "Net Investment Purchase And Sale": 569000000.0,
      "Sale Of Investment": 1973000000.0,
      "Purchase Of Investment": -1404000000.0,
      "Net Business Purchase And Sale": -129000000.0,
      "Sale Of Business": 2078000000.0,
      "Purchase Of Business": -2207000000.0,
      "Net Intangibles Purchase And Sale": -1808000000.0,
      "Sale Of Intangibles": 276000000.0,
      "Purchase Of Intangibles": -2084000000.0,
      "Operating Cash Flow": 10241000000.0,
      "Taxes Refund Paid": -2173000000.0,
      "Interest Received Cfo": 1481000000.0,
      "Dividend Received Cfo": 348000000.0,
      "Change In Working Capital": -2046000000.0,
      "Change In Other Current Assets": -538000000.0,
      "Change In Payable": 1352000000.0,
      "Change In Inventory": -1456000000.0,
      "Change In Receivables": -1404000000.0,
      "Other Non Cash Items": 1961000000.0,
      "Deferred Tax": 2741000000.0,
      "Depreciation And Amortization": 3561000000.0,
      "Amortization Cash Flow": 3561000000.0,
      "Depreciation": 3561000000.0,
      "Gain Loss On Investment Securities": 432000000.0,
      "Net Income From Continuing Operations": 4413000000.0
    },
    "2021-09-30T00:00:00": {
      "Free Cash Flow": null,
      "Repurchase Of Capital Stock": null,
      "Repayment Of Debt": null,
      "Issuance Of Debt": null,
      "Issuance Of Capital Stock": 2055000000.0,
      "Capital Expenditure": null,
      "End Cash Position": null,
      "Other Cash Adjustment Outside Changein Cash": null,
      "Beginning Cash Position": null,
      "Effect Of Exchange Rate Changes": null,
      "Changes In Cash": null,
      "Other Cash Adjustment Inside Changein Cash": null,
      "Financing Cash Flow": null,
      "Net Other Financing Charges": null,
      "Interest Paid Cff": null,
      "Cash Dividends Paid": null,
      "Common Stock Dividend Paid": null,
      "Net Common Stock Issuance": null,
      "Common Stock Payments": null,
      "Common Stock Issuance": 2055000000.0,
      "Net Issuance Payments Of Debt": null,
      "Net Short Term Debt Issuance": null,
      "Net Long Term Debt Issuance": null,
      "Long Term Debt Payments": null,
      "Long Term Debt Issuance": null,
      "Investing Cash Flow": null,
      "Net Other Investing Changes": null,
      "Net Investment Purchase And Sale": null,
      "Sale Of Investment": null,
      "Purchase Of Investment": null,
      "Net Business Purchase And Sale": null,
      "Sale Of Business": null,
      "Purchase Of Business": null,
      "Net Intangibles Purchase And Sale": null,
      "Sale Of Intangibles": null,
      "Purchase Of Intangibles": null,
      "Operating Cash Flow": null,
      "Taxes Refund Paid": null,
      "Interest Received Cfo": null,
      "Dividend Received Cfo": null,
      "Change In Working Capital": null,
      "Change In Other Current Assets": null,
      "Change In Payable": null,
      "Change In Inventory": null,
      "Change In Receivables": null,
      "Other Non Cash Items": null,
      "Deferred Tax": null,
      "Depreciation And Amortization": null,
      "Amortization Cash Flow": null,
      "Depreciation": 3075000000.0,
      "Gain Loss On Investment Securities": null,
      "Net Income From Continuing Operations": null
    }
  },
  "earnings_estimate": {
    "avg": {
      "0q": 2.74732,
      "+1q": 2.8608,
      "0y": 11.26966,
      "+1y": 12.75609
    },
    "low": {
      "0q": 2.51464,
      "+1q": 2.6616,
      "0y": 10.217,
      "+1y": 11.2
    },
    "high": {
      "0q": 2.98,
      "+1q": 3.06,
      "0y": 11.94,
      "+1y": 15.16
    },
    "yearAgoEps": {
      "0q": 3.0,
      "+1q": 2.78,
      "0y": 12.95,
      "+1y": 11.26966
    },
    "numberOfAnalysts": {
      "0q": 2,
      "+1q": 2,
      "0y": 15,
      "+1y": 17
    },
    "growth": {
      "0q": -0.0842,
      "+1q": 0.0291,
      "0y": -0.12979999,
      "+1y": 0.1319
    }
  },
  "revenue_estimate": {
    "avg": {
      "0q": 20315876360,
      "+1q": 20377311580,
      "0y": 82702322680,
      "+1y": 88698966510
    },
    "low": {
      "0q": 19814635280,
      "+1q": 19730445000,
      "0y": 81420531370,
      "+1y": 86184000000
    },
    "high": {
      "0q": 20639000000,
      "+1q": 20702000000,
      "0y": 84428000000,
      "+1y": 91987023000
    },
    "numberOfAnalysts": {
      "0q": 3,
      "+1q": 3,
      "0y": 14,
      "+1y": 20
    },
    "yearAgoRevenue": {
      "0q": 19757000000,
      "+1q": 19377000000,
      "0y": 78914000000,
      "+1y": 82702322680
    },
    "growth": {
      "0q": 0.028299998,
      "+1q": 0.051599998,
      "0y": 0.048,
      "+1y": 0.0725
    }
  },
  "growth_estimates": {
    "stockTrend": {
      "0q": -0.0842,
      "+1q": 0.0291,
      "0y": -0.12979999,
      "+1y": 0.1319,
      "LTG": null
    },
    "indexTrend": {
      "0q": 0.1273,
      "+1q": 0.103599995,
      "0y": 0.14310001,
      "+1y": 0.1557,
      "LTG": 0.122
    }
  },
  "revenue_forecasts": null,
  "dividend_rate": 5.35,
  "trailing_dividend_rate": 5.35
}