{
  "ticker": "SRG.MI",
  "name": "Snam",
  "country": "italy",
  "currency": "EUR",
  "last_fetched": "2026-02-26T20:48:59.862629",
  "market_cap": 21850537984,
  "revenue": 3763000064,
  "net_income": 1359000064,
  "pe_ratio": 16.285,
  "forward_pe": 15.608003,
  "dividend_yield": 4.55,
  "profit_margin": 0.36115003,
  "roe": 0.14634,
  "debt_to_equity": 183.586,
  "beta": 0.699,
  "ev_to_ebitda": null,
  "sector": "Utilities",
  "industry": "Utilities - Regulated Gas",
  "summary": "Snam S.p.A., together with its subsidiaries, engages in the operation of natural gas transport and storage infrastructure. It operates through Transportation, Storage, Regasification, Energy Transition, and other segments. The company offers natural gas transportation and dispatching services; and owns and manages liquified natural gas (LNG) regasification plants. t also provides natural gas storage services through an integrated group of infrastructure comprising deposits, wells, gas treatment and compression plants, and the operational dispatching systems; and operates storage concessions located in Lombardy, Emilia-Romagna, and Abruzzo. In addition, the company offers energy efficiency solutions for companies, condominiums, tertiary, and public administration sectors; and invests, constructs, develops, and operates biogas and biomethane plants. Further, the company provides technical consulting services; and sells automotive compressed natural gas (CNG) compressors. It operates a natural gas transportation network of approximately 40,000 kilometers in Italy, Austria, the United Arab Emirates, France, Greece, and the United Kingdom. The company was formerly known as Snam Rete Gas S.p.A. and changed its name to Snam S.p.A. in January 2012. Snam S.p.A. was founded in 1941 and is headquartered in San Donato Milanese, Italy.",
  "website": "https://www.snam.it",
  "employees": 4029,
  "target_high": 7.0,
  "target_low": 5.0,
  "target_mean": 5.73684,
  "target_median": 5.6,
  "recommendation": "hold",
  "num_analysts": 19,
  "income_stmt": {
    "2024-12-31T00:00:00": {
      "Tax Effect Of Unusual Items": -23500000.0,
      "Tax Rate For Calcs": 0.25,
      "Normalized EBITDA": 3194000000.0,
      "Total Unusual Items": -94000000.0,
      "Total Unusual Items Excluding Goodwill": -94000000.0,
      "Net Income From Continuing Operation Net Minority Interest": 1259000000.0,
      "Reconciled Depreciation": 984000000.0,
      "Reconciled Cost Of Revenue": -300000000.0,
      "EBITDA": 3100000000.0,
      "EBIT": 2116000000.0,
      "Net Interest Income": -331000000.0,
      "Interest Expense": 437000000.0,
      "Interest Income": 80000000.0,
      "Normalized Income": 1329500000.0,
      "Net Income From Continuing And Discontinued Operation": 1259000000.0,
      "Total Expenses": 1778000000.0,
      "Rent Expense Supplemental": 16000000.0,
      "Total Operating Income As Reported": 1676000000.0,
      "Diluted Average Shares": 3354396370.0,
      "Basic Average Shares": 3354396370.0,
      "Diluted EPS": 0.375328,
      "Basic EPS": 0.375328,
      "Diluted NI Availto Com Stockholders": 1259000000.0,
      "Average Dilution Earnings": null,
      "Net Income Common Stockholders": 1259000000.0,
      "Otherunder Preferred Stock Dividend": 0.0,
      "Net Income": 1259000000.0,
      "Minority Interests": 2000000.0,
      "Net Income Including Noncontrolling Interests": 1257000000.0,
      "Net Income Continuous Operations": 1257000000.0,
      "Tax Provision": 422000000.0,
      "Pretax Income": 1679000000.0,
      "Special Income Charges": -94000000.0,
      "Other Special Charges": 49000000.0,
      "Impairment Of Capital Assets": 45000000.0,
      "Net Non Operating Interest Income Expense": -331000000.0,
      "Total Other Finance Cost": -26000000.0,
      "Interest Expense Non Operating": 437000000.0,
      "Interest Income Non Operating": 80000000.0,
      "Operating Income": 1770000000.0,
      "Operating Expense": 2078000000.0,
      "Other Operating Expenses": 684000000.0,
      "Depreciation And Amortization In Income Statement": 984000000.0,
      "Amortization": 161000000.0,
      "Depreciation Income Statement": 823000000.0,
      "Selling General And Administration": 99000000.0,
      "Selling And Marketing Expense": 7000000.0,
      "General And Administrative Expense": 92000000.0,
      "Rent And Landing Fees": 16000000.0,
      "Gross Profit": 3848000000.0,
      "Cost Of Revenue": -300000000.0,
      "Total Revenue": 3548000000.0,
      "Operating Revenue": 3548000000.0
    },
    "2023-12-31T00:00:00": {
      "Tax Effect Of Unusual Items": -55120000.0,
      "Tax Rate For Calcs": 0.26,
      "Normalized EBITDA": 2941000000.0,
      "Total Unusual Items": -212000000.0,
      "Total Unusual Items Excluding Goodwill": -212000000.0,
      "Net Income From Continuing Operation Net Minority Interest": 1135000000.0,
      "Reconciled Depreciation": 925000000.0,
      "Reconciled Cost Of Revenue": 787000000.0,
      "EBITDA": 2729000000.0,
      "EBIT": 1804000000.0,
      "Net Interest Income": -221000000.0,
      "Interest Expense": 270000000.0,
      "Interest Income": 35000000.0,
      "Normalized Income": 1291880000.0,
      "Net Income From Continuing And Discontinued Operation": 1135000000.0,
      "Total Expenses": 2761000000.0,
      "Rent Expense Supplemental": 45000000.0,
      "Total Operating Income As Reported": 1271000000.0,
      "Diluted Average Shares": 3353613230.0,
      "Basic Average Shares": 3353613230.0,
      "Diluted EPS": 0.338441,
      "Basic EPS": 0.338441,
      "Diluted NI Availto Com Stockholders": 1135000000.0,
      "Average Dilution Earnings": null,
      "Net Income Common Stockholders": 1135000000.0,
      "Otherunder Preferred Stock Dividend": 0.0,
      "Net Income": 1135000000.0,
      "Minority Interests": -10000000.0,
      "Net Income Including Noncontrolling Interests": 1145000000.0,
      "Net Income Continuous Operations": 1145000000.0,
      "Tax Provision": 389000000.0,
      "Pretax Income": 1534000000.0,
      "Special Income Charges": -212000000.0,
      "Other Special Charges": 11000000.0,
      "Impairment Of Capital Assets": 201000000.0,
      "Net Non Operating Interest Income Expense": -221000000.0,
      "Total Other Finance Cost": -14000000.0,
      "Interest Expense Non Operating": 270000000.0,
      "Interest Income Non Operating": 35000000.0,
      "Operating Income": 1483000000.0,
      "Operating Expense": 1974000000.0,
      "Other Operating Expenses": 663000000.0,
      "Depreciation And Amortization In Income Statement": 925000000.0,
      "Amortization": 139000000.0,
      "Depreciation Income Statement": 786000000.0,
      "Selling General And Administration": 107000000.0,
      "Selling And Marketing Expense": 8000000.0,
      "General And Administrative Expense": 99000000.0,
      "Rent And Landing Fees": 45000000.0,
      "Gross Profit": 3457000000.0,
      "Cost Of Revenue": 787000000.0,
      "Total Revenue": 4244000000.0,
      "Operating Revenue": 4244000000.0
    },
    "2022-12-31T00:00:00": {
      "Tax Effect Of Unusual Items": -17238000.0,
      "Tax Rate For Calcs": 0.338,
      "Normalized EBITDA": 2120000000.0,
      "Total Unusual Items": -51000000.0,
      "Total Unusual Items Excluding Goodwill": -51000000.0,
      "Net Income From Continuing Operation Net Minority Interest": 671000000.0,
      "Reconciled Depreciation": 867000000.0,
      "Reconciled Cost Of Revenue": 493000000.0,
      "EBITDA": 2069000000.0,
      "EBIT": 1202000000.0,
      "Net Interest Income": -140000000.0,
      "Interest Expense": 152000000.0,
      "Interest Income": 12000000.0,
      "Normalized Income": 704762000.0,
      "Net Income From Continuing And Discontinued Operation": 671000000.0,
      "Total Expenses": 2117000000.0,
      "Rent Expense Supplemental": 26000000.0,
      "Total Operating Income As Reported": null,
      "Diluted Average Shares": 3339548370.0,
      "Basic Average Shares": 3336596674.0,
      "Diluted EPS": 0.201,
      "Basic EPS": 0.201,
      "Diluted NI Availto Com Stockholders": 671000000.0,
      "Average Dilution Earnings": null,
      "Net Income Common Stockholders": 671000000.0,
      "Otherunder Preferred Stock Dividend": 0.0,
      "Net Income": 671000000.0,
      "Minority Interests": -1000000.0,
      "Net Income Including Noncontrolling Interests": 672000000.0,
      "Net Income Continuous Operations": 672000000.0,
      "Tax Provision": 378000000.0,
      "Pretax Income": 1050000000.0,
      "Special Income Charges": -51000000.0,
      "Other Special Charges": 28000000.0,
      "Impairment Of Capital Assets": 23000000.0,
      "Net Non Operating Interest Income Expense": -140000000.0,
      "Total Other Finance Cost": null,
      "Interest Expense Non Operating": 152000000.0,
      "Interest Income Non Operating": 12000000.0,
      "Operating Income": 1379000000.0,
      "Operating Expense": 1624000000.0,
      "Other Operating Expenses": 381000000.0,
      "Depreciation And Amortization In Income Statement": 867000000.0,
      "Amortization": 120000000.0,
      "Depreciation Income Statement": 747000000.0,
      "Selling General And Administration": 110000000.0,
      "Selling And Marketing Expense": 7000000.0,
      "General And Administrative Expense": 103000000.0,
      "Rent And Landing Fees": 26000000.0,
      "Gross Profit": 3003000000.0,
      "Cost Of Revenue": 493000000.0,
      "Total Revenue": 3496000000.0,
      "Operating Revenue": 3496000000.0
    },
    "2021-12-31T00:00:00": {
      "Tax Effect Of Unusual Items": -1875000.0,
      "Tax Rate For Calcs": 0.075,
      "Normalized EBITDA": 2568000000.0,
      "Total Unusual Items": -25000000.0,
      "Total Unusual Items Excluding Goodwill": -25000000.0,
      "Net Income From Continuing Operation Net Minority Interest": 1496000000.0,
      "Reconciled Depreciation": 809000000.0,
      "Reconciled Cost Of Revenue": 429000000.0,
      "EBITDA": 2543000000.0,
      "EBIT": 1734000000.0,
      "Net Interest Income": -102000000.0,
      "Interest Expense": 119000000.0,
      "Interest Income": 29000000.0,
      "Normalized Income": 1519125000.0,
      "Net Income From Continuing And Discontinued Operation": 1496000000.0,
      "Total Expenses": 1837000000.0,
      "Rent Expense Supplemental": 16000000.0,
      "Total Operating Income As Reported": null,
      "Diluted Average Shares": 3357002275.0,
      "Basic Average Shares": 3270833636.0,
      "Diluted EPS": 0.447,
      "Basic EPS": 0.457,
      "Diluted NI Availto Com Stockholders": 1499000000.0,
      "Average Dilution Earnings": 3000000.0,
      "Net Income Common Stockholders": 1496000000.0,
      "Otherunder Preferred Stock Dividend": 0.0,
      "Net Income": 1496000000.0,
      "Minority Interests": -4000000.0,
      "Net Income Including Noncontrolling Interests": 1500000000.0,
      "Net Income Continuous Operations": 1500000000.0,
      "Tax Provision": 115000000.0,
      "Pretax Income": 1615000000.0,
      "Special Income Charges": -25000000.0,
      "Other Special Charges": 14000000.0,
      "Impairment Of Capital Assets": 11000000.0,
      "Net Non Operating Interest Income Expense": -102000000.0,
      "Total Other Finance Cost": 12000000.0,
      "Interest Expense Non Operating": 119000000.0,
      "Interest Income Non Operating": 29000000.0,
      "Operating Income": 1448000000.0,
      "Operating Expense": 1408000000.0,
      "Other Operating Expenses": 233000000.0,
      "Depreciation And Amortization In Income Statement": 809000000.0,
      "Amortization": 100000000.0,
      "Depreciation Income Statement": 709000000.0,
      "Selling General And Administration": 127000000.0,
      "Selling And Marketing Expense": 6000000.0,
      "General And Administrative Expense": 121000000.0,
      "Rent And Landing Fees": 16000000.0,
      "Gross Profit": 2856000000.0,
      "Cost Of Revenue": 429000000.0,
      "Total Revenue": 3285000000.0,
      "Operating Revenue": 3285000000.0
    }
  },
  "quarterly_income": {
    "2025-09-30T00:00:00": {
      "Tax Effect Of Unusual Items": null,
      "Tax Rate For Calcs": null,
      "Normalized EBITDA": null,
      "Net Income From Continuing Operation Net Minority Interest": null,
      "Reconciled Depreciation": null,
      "Reconciled Cost Of Revenue": 503000000.0,
      "EBITDA": null,
      "EBIT": null,
      "Net Interest Income": null,
      "Interest Expense": null,
      "Normalized Income": null,
      "Net Income From Continuing And Discontinued Operation": null,
      "Total Expenses": null,
      "Diluted Average Shares": null,
      "Basic Average Shares": null,
      "Diluted EPS": null,
      "Basic EPS": null,
      "Diluted NI Availto Com Stockholders": null,
      "Net Income Common Stockholders": null,
      "Otherunder Preferred Stock Dividend": null,
      "Net Income": null,
      "Minority Interests": null,
      "Net Income Including Noncontrolling Interests": null,
      "Net Income Continuous Operations": null,
      "Tax Provision": null,
      "Pretax Income": null,
      "Net Non Operating Interest Income Expense": null,
      "Interest Expense Non Operating": null,
      "Operating Income": null,
      "Operating Expense": 8000000.0,
      "Depreciation And Amortization In Income Statement": null,
      "Amortization": null,
      "Depreciation Income Statement": null,
      "Gross Profit": 451000000.0,
      "Cost Of Revenue": 503000000.0,
      "Total Revenue": null,
      "Operating Revenue": null
    },
    "2025-06-30T00:00:00": {
      "Tax Effect Of Unusual Items": 0.0,
      "Tax Rate For Calcs": 0.190265,
      "Normalized EBITDA": 1091000000.0,
      "Net Income From Continuing Operation Net Minority Interest": 367000000.0,
      "Reconciled Depreciation": 494000000.0,
      "Reconciled Cost Of Revenue": -89000000.0,
      "EBITDA": 1091000000.0,
      "EBIT": 597000000.0,
      "Net Interest Income": -81000000.0,
      "Interest Expense": 145000000.0,
      "Normalized Income": 367000000.0,
      "Net Income From Continuing And Discontinued Operation": 367000000.0,
      "Total Expenses": 470000000.0,
      "Diluted Average Shares": null,
      "Basic Average Shares": null,
      "Diluted EPS": null,
      "Basic EPS": null,
      "Diluted NI Availto Com Stockholders": 367000000.0,
      "Net Income Common Stockholders": 367000000.0,
      "Otherunder Preferred Stock Dividend": 0.0,
      "Net Income": 367000000.0,
      "Minority Interests": 1000000.0,
      "Net Income Including Noncontrolling Interests": 366000000.0,
      "Net Income Continuous Operations": 366000000.0,
      "Tax Provision": 86000000.0,
      "Pretax Income": 452000000.0,
      "Net Non Operating Interest Income Expense": -81000000.0,
      "Interest Expense Non Operating": 145000000.0,
      "Operating Income": 452000000.0,
      "Operating Expense": 559000000.0,
      "Depreciation And Amortization In Income Statement": 275000000.0,
      "Amortization": -169000000.0,
      "Depreciation Income Statement": 444000000.0,
      "Gross Profit": 1011000000.0,
      "Cost Of Revenue": -89000000.0,
      "Total Revenue": 922000000.0,
      "Operating Revenue": 922000000.0
    },
    "2025-03-31T00:00:00": {
      "Tax Effect Of Unusual Items": 0.0,
      "Tax Rate For Calcs": 0.245353,
      "Normalized EBITDA": 868000000.0,
      "Net Income From Continuing Operation Net Minority Interest": 406000000.0,
      "Reconciled Depreciation": 40000000.0,
      "Reconciled Cost Of Revenue": 209000000.0,
      "EBITDA": 868000000.0,
      "EBIT": 609000000.0,
      "Net Interest Income": -71000000.0,
      "Interest Expense": 71000000.0,
      "Normalized Income": 406000000.0,
      "Net Income From Continuing And Discontinued Operation": 406000000.0,
      "Total Expenses": 468000000.0,
      "Diluted Average Shares": 3354396370.0,
      "Basic Average Shares": 3354396370.0,
      "Diluted EPS": 0.121035,
      "Basic EPS": 0.121035,
      "Diluted NI Availto Com Stockholders": 406000000.0,
      "Net Income Common Stockholders": 406000000.0,
      "Otherunder Preferred Stock Dividend": 0.0,
      "Net Income": 406000000.0,
      "Minority Interests": 0.0,
      "Net Income Including Noncontrolling Interests": 406000000.0,
      "Net Income Continuous Operations": 406000000.0,
      "Tax Provision": 132000000.0,
      "Pretax Income": 538000000.0,
      "Net Non Operating Interest Income Expense": -71000000.0,
      "Interest Expense Non Operating": 71000000.0,
      "Operating Income": 502000000.0,
      "Operating Expense": 259000000.0,
      "Depreciation And Amortization In Income Statement": 259000000.0,
      "Amortization": 259000000.0,
      "Depreciation Income Statement": 0.0,
      "Gross Profit": 761000000.0,
      "Cost Of Revenue": 209000000.0,
      "Total Revenue": 970000000.0,
      "Operating Revenue": 970000000.0
    },
    "2024-12-31T00:00:00": {
      "Tax Effect Of Unusual Items": 0.0,
      "Tax Rate For Calcs": 0.208226,
      "Normalized EBITDA": 1251000000.0,
      "Net Income From Continuing Operation Net Minority Interest": 307000000.0,
      "Reconciled Depreciation": 446000000.0,
      "Reconciled Cost Of Revenue": -891000000.0,
      "EBITDA": 1251000000.0,
      "EBIT": 805000000.0,
      "Net Interest Income": -101000000.0,
      "Interest Expense": null,
      "Normalized Income": 307000000.0,
      "Net Income From Continuing And Discontinued Operation": 307000000.0,
      "Total Expenses": 438000000.0,
      "Diluted Average Shares": null,
      "Basic Average Shares": null,
      "Diluted EPS": null,
      "Basic EPS": null,
      "Diluted NI Availto Com Stockholders": 307000000.0,
      "Net Income Common Stockholders": 307000000.0,
      "Otherunder Preferred Stock Dividend": 0.0,
      "Net Income": 307000000.0,
      "Minority Interests": -1000000.0,
      "Net Income Including Noncontrolling Interests": 308000000.0,
      "Net Income Continuous Operations": 308000000.0,
      "Tax Provision": 81000000.0,
      "Pretax Income": 389000000.0,
      "Net Non Operating Interest Income Expense": -101000000.0,
      "Interest Expense Non Operating": null,
      "Operating Income": 459000000.0,
      "Operating Expense": 1329000000.0,
      "Depreciation And Amortization In Income Statement": 235000000.0,
      "Amortization": -588000000.0,
      "Depreciation Income Statement": 823000000.0,
      "Gross Profit": 1788000000.0,
      "Cost Of Revenue": -891000000.0,
      "Total Revenue": 897000000.0,
      "Operating Revenue": 897000000.0
    },
    "2024-09-30T00:00:00": {
      "Tax Effect Of Unusual Items": 0.0,
      "Tax Rate For Calcs": 0.241546,
      "Normalized EBITDA": 486000000.0,
      "Net Income From Continuing Operation Net Minority Interest": 318000000.0,
      "Reconciled Depreciation": 52000000.0,
      "Reconciled Cost Of Revenue": 497000000.0,
      "EBITDA": 486000000.0,
      "EBIT": 223000000.0,
      "Net Interest Income": -100000000.0,
      "Interest Expense": null,
      "Normalized Income": 318000000.0,
      "Net Income From Continuing And Discontinued Operation": 318000000.0,
      "Total Expenses": 451000000.0,
      "Diluted Average Shares": null,
      "Basic Average Shares": null,
      "Diluted EPS": null,
      "Basic EPS": null,
      "Diluted NI Availto Com Stockholders": 318000000.0,
      "Net Income Common Stockholders": 318000000.0,
      "Otherunder Preferred Stock Dividend": 0.0,
      "Net Income": 318000000.0,
      "Minority Interests": 4000000.0,
      "Net Income Including Noncontrolling Interests": 314000000.0,
      "Net Income Continuous Operations": 314000000.0,
      "Tax Provision": 100000000.0,
      "Pretax Income": 414000000.0,
      "Net Non Operating Interest Income Expense": -100000000.0,
      "Interest Expense Non Operating": null,
      "Operating Income": 407000000.0,
      "Operating Expense": -46000000.0,
      "Depreciation And Amortization In Income Statement": 263000000.0,
      "Amortization": 672000000.0,
      "Depreciation Income Statement": -409000000.0,
      "Gross Profit": 361000000.0,
      "Cost Of Revenue": 497000000.0,
      "Total Revenue": 858000000.0,
      "Operating Revenue": 858000000.0
    },
    "2024-06-30T00:00:00": {
      "Tax Effect Of Unusual Items": 0.0,
      "Tax Rate For Calcs": 0.30445,
      "Normalized EBITDA": 868000000.0,
      "Net Income From Continuing Operation Net Minority Interest": 299000000.0,
      "Reconciled Depreciation": 307000000.0,
      "Reconciled Cost Of Revenue": null,
      "EBITDA": 868000000.0,
      "EBIT": 561000000.0,
      "Net Interest Income": -52000000.0,
      "Interest Expense": 134000000.0,
      "Normalized Income": 299000000.0,
      "Net Income From Continuing And Discontinued Operation": 299000000.0,
      "Total Expenses": 443000000.0,
      "Diluted Average Shares": null,
      "Basic Average Shares": null,
      "Diluted EPS": null,
      "Basic EPS": null,
      "Diluted NI Availto Com Stockholders": 299000000.0,
      "Net Income Common Stockholders": 299000000.0,
      "Otherunder Preferred Stock Dividend": 0.0,
      "Net Income": 299000000.0,
      "Minority Interests": 0.0,
      "Net Income Including Noncontrolling Interests": 297000000.0,
      "Net Income Continuous Operations": 297000000.0,
      "Tax Provision": 130000000.0,
      "Pretax Income": 427000000.0,
      "Net Non Operating Interest Income Expense": -52000000.0,
      "Interest Expense Non Operating": 134000000.0,
      "Operating Income": 454000000.0,
      "Operating Expense": null,
      "Depreciation And Amortization In Income Statement": 233000000.0,
      "Amortization": -176000000.0,
      "Depreciation Income Statement": 409000000.0,
      "Gross Profit": null,
      "Cost Of Revenue": null,
      "Total Revenue": 897000000.0,
      "Operating Revenue": 897000000.0
    }
  },
  "balance_sheet": {
    "2024-12-31T00:00:00": {
      "Treasury Shares Number": 6461439.0,
      "Ordinary Shares Number": 3354396370.0,
      "Share Issued": 3360857809.0,
      "Net Debt": 16496000000.0,
      "Total Debt": 18361000000.0,
      "Tangible Book Value": 7369000000.0,
      "Invested Capital": 27231000000.0,
      "Working Capital": -2131000000.0,
      "Net Tangible Assets": 7369000000.0,
      "Capital Lease Obligations": 59000000.0,
      "Common Stock Equity": 8929000000.0,
      "Total Capitalization": 23690000000.0,
      "Total Equity Gross Minority Interest": 8973000000.0,
      "Minority Interest": 44000000.0,
      "Stockholders Equity": 8929000000.0,
      "Treasury Stock": 27000000.0,
      "Retained Earnings": 4656000000.0,
      "Additional Paid In Capital": 611000000.0,
      "Capital Stock": 2736000000.0,
      "Common Stock": 2736000000.0,
      "Total Liabilities Net Minority Interest": 26816000000.0,
      "Total Non Current Liabilities Net Minority Interest": 16630000000.0,
      "Other Non Current Liabilities": 798000000.0,
      "Liabilities Heldfor Sale Non Current": null,
      "Derivative Product Liabilities": 40000000.0,
      "Non Current Pension And Other Postretirement Benefit Plans": 44000000.0,
      "Tradeand Other Payables Non Current": 7000000.0,
      "Non Current Deferred Taxes Liabilities": 68000000.0,
      "Long Term Debt And Capital Lease Obligation": 14807000000.0,
      "Long Term Capital Lease Obligation": 46000000.0,
      "Long Term Debt": 14761000000.0,
      "Long Term Provisions": 873000000.0,
      "Current Liabilities": 10186000000.0,
      "Other Current Liabilities": 548000000.0,
      "Current Debt And Capital Lease Obligation": 3554000000.0,
      "Current Capital Lease Obligation": 13000000.0,
      "Current Debt": 3541000000.0,
      "Pensionand Other Post Retirement Benefit Plans Current": 11000000.0,
      "Payables": 6065000000.0,
      "Other Payable": 4615000000.0,
      "Dividends Payable": 390000000.0,
      "Total Tax Payable": 73000000.0,
      "Accounts Payable": 987000000.0,
      "Total Assets": 35789000000.0,
      "Total Non Current Assets": 27734000000.0,
      "Other Non Current Assets": 374000000.0,
      "Non Current Prepaid Assets": 18000000.0,
      "Non Current Deferred Assets": 8000000.0,
      "Non Current Deferred Taxes Assets": 451000000.0,
      "Financial Assets": null,
      "Investmentin Financial Assets": 37000000.0,
      "Available For Sale Securities": 37000000.0,
      "Long Term Equity Investment": 3259000000.0,
      "Goodwill And Other Intangible Assets": 1560000000.0,
      "Other Intangible Assets": 1480000000.0,
      "Goodwill": 80000000.0,
      "Net PPE": 20746000000.0,
      "Accumulated Depreciation": -13216000000.0,
      "Gross PPE": 33962000000.0,
      "Construction In Progress": 3701000000.0,
      "Other Properties": 602000000.0,
      "Machinery Furniture Equipment": 28750000000.0,
      "Buildings And Improvements": 646000000.0,
      "Land And Improvements": 263000000.0,
      "Properties": 0.0,
      "Current Assets": 8055000000.0,
      "Other Current Assets": 12000000.0,
      "Hedging Assets Current": null,
      "Assets Held For Sale Current": null,
      "Current Deferred Assets": 20000000.0,
      "Prepaid Assets": 33000000.0,
      "Inventory": 2190000000.0,
      "Finished Goods": 1481000000.0,
      "Raw Materials": 709000000.0,
      "Other Receivables": 752000000.0,
      "Taxes Receivable": 177000000.0,
      "Accounts Receivable": 3065000000.0,
      "Allowance For Doubtful Accounts Receivable": -107000000.0,
      "Gross Accounts Receivable": 3172000000.0,
      "Cash Cash Equivalents And Short Term Investments": 1806000000.0,
      "Cash And Cash Equivalents": 1806000000.0
    },
    "2023-12-31T00:00:00": {
      "Treasury Shares Number": 7244579.0,
      "Ordinary Shares Number": 3353613230.0,
      "Share Issued": 3360857809.0,
      "Net Debt": 15227000000.0,
      "Total Debt": 16652000000.0,
      "Tangible Book Value": 6186000000.0,
      "Invested Capital": 24244000000.0,
      "Working Capital": -3337000000.0,
      "Net Tangible Assets": 6186000000.0,
      "Capital Lease Obligations": 43000000.0,
      "Common Stock Equity": 7635000000.0,
      "Total Capitalization": 19340000000.0,
      "Total Equity Gross Minority Interest": 7680000000.0,
      "Minority Interest": 45000000.0,
      "Stockholders Equity": 7635000000.0,
      "Treasury Stock": 30000000.0,
      "Retained Earnings": 4328000000.0,
      "Additional Paid In Capital": 611000000.0,
      "Capital Stock": 2736000000.0,
      "Common Stock": 2736000000.0,
      "Total Liabilities Net Minority Interest": 25845000000.0,
      "Total Non Current Liabilities Net Minority Interest": 13701000000.0,
      "Other Non Current Liabilities": 1197000000.0,
      "Liabilities Heldfor Sale Non Current": null,
      "Derivative Product Liabilities": 14000000.0,
      "Non Current Pension And Other Postretirement Benefit Plans": 28000000.0,
      "Tradeand Other Payables Non Current": 7000000.0,
      "Non Current Deferred Taxes Liabilities": 59000000.0,
      "Long Term Debt And Capital Lease Obligation": 11740000000.0,
      "Long Term Capital Lease Obligation": 35000000.0,
      "Long Term Debt": 11705000000.0,
      "Long Term Provisions": 663000000.0,
      "Current Liabilities": 12144000000.0,
      "Other Current Liabilities": 641000000.0,
      "Current Debt And Capital Lease Obligation": 4912000000.0,
      "Current Capital Lease Obligation": 8000000.0,
      "Current Debt": 4904000000.0,
      "Pensionand Other Post Retirement Benefit Plans Current": 7000000.0,
      "Payables": 6584000000.0,
      "Other Payable": 5101000000.0,
      "Dividends Payable": 378000000.0,
      "Total Tax Payable": 118000000.0,
      "Accounts Payable": 987000000.0,
      "Total Assets": 33525000000.0,
      "Total Non Current Assets": 24718000000.0,
      "Other Non Current Assets": 368000000.0,
      "Non Current Prepaid Assets": 18000000.0,
      "Non Current Deferred Assets": 15000000.0,
      "Non Current Deferred Taxes Assets": 375000000.0,
      "Financial Assets": null,
      "Investmentin Financial Assets": 57000000.0,
      "Available For Sale Securities": 57000000.0,
      "Long Term Equity Investment": 3019000000.0,
      "Goodwill And Other Intangible Assets": 1449000000.0,
      "Other Intangible Assets": 1369000000.0,
      "Goodwill": 80000000.0,
      "Net PPE": 18941000000.0,
      "Accumulated Depreciation": -12385000000.0,
      "Gross PPE": 31326000000.0,
      "Construction In Progress": 2281000000.0,
      "Other Properties": 542000000.0,
      "Machinery Furniture Equipment": 27666000000.0,
      "Buildings And Improvements": 598000000.0,
      "Land And Improvements": 239000000.0,
      "Properties": 0.0,
      "Current Assets": 8807000000.0,
      "Other Current Assets": 16000000.0,
      "Hedging Assets Current": 3000000.0,
      "Assets Held For Sale Current": null,
      "Current Deferred Assets": 15000000.0,
      "Prepaid Assets": 39000000.0,
      "Inventory": 2810000000.0,
      "Finished Goods": 2038000000.0,
      "Raw Materials": 772000000.0,
      "Other Receivables": 134000000.0,
      "Taxes Receivable": 49000000.0,
      "Accounts Receivable": 4359000000.0,
      "Allowance For Doubtful Accounts Receivable": -160000000.0,
      "Gross Accounts Receivable": 4519000000.0,
      "Cash Cash Equivalents And Short Term Investments": 1382000000.0,
      "Cash And Cash Equivalents": 1382000000.0
    },
    "2022-12-31T00:00:00": {
      "Treasury Shares Number": 8101437.0,
      "Ordinary Shares Number": 3352756372.0,
      "Share Issued": 3360857809.0,
      "Net Debt": 11890000000.0,
      "Total Debt": 13680000000.0,
      "Tangible Book Value": 6147000000.0,
      "Invested Capital": 21115000000.0,
      "Working Capital": -1715000000.0,
      "Net Tangible Assets": 6147000000.0,
      "Capital Lease Obligations": 33000000.0,
      "Common Stock Equity": 7468000000.0,
      "Total Capitalization": 18599000000.0,
      "Total Equity Gross Minority Interest": 7524000000.0,
      "Minority Interest": 56000000.0,
      "Stockholders Equity": 7468000000.0,
      "Treasury Stock": 33000000.0,
      "Retained Earnings": 4124000000.0,
      "Additional Paid In Capital": 611000000.0,
      "Capital Stock": 2736000000.0,
      "Common Stock": 2736000000.0,
      "Total Liabilities Net Minority Interest": 24869000000.0,
      "Total Non Current Liabilities Net Minority Interest": 13311000000.0,
      "Other Non Current Liabilities": 1502000000.0,
      "Liabilities Heldfor Sale Non Current": 17000000.0,
      "Derivative Product Liabilities": null,
      "Non Current Pension And Other Postretirement Benefit Plans": 27000000.0,
      "Tradeand Other Payables Non Current": null,
      "Non Current Deferred Taxes Liabilities": 51000000.0,
      "Long Term Debt And Capital Lease Obligation": 11157000000.0,
      "Long Term Capital Lease Obligation": 26000000.0,
      "Long Term Debt": 11131000000.0,
      "Long Term Provisions": 574000000.0,
      "Current Liabilities": 11558000000.0,
      "Other Current Liabilities": 831000000.0,
      "Current Debt And Capital Lease Obligation": 2523000000.0,
      "Current Capital Lease Obligation": 7000000.0,
      "Current Debt": 2516000000.0,
      "Pensionand Other Post Retirement Benefit Plans Current": 8000000.0,
      "Payables": 8179000000.0,
      "Other Payable": 6214000000.0,
      "Dividends Payable": 369000000.0,
      "Total Tax Payable": 50000000.0,
      "Accounts Payable": 1546000000.0,
      "Total Assets": 32393000000.0,
      "Total Non Current Assets": 22550000000.0,
      "Other Non Current Assets": 444000000.0,
      "Non Current Prepaid Assets": 14000000.0,
      "Non Current Deferred Assets": 9000000.0,
      "Non Current Deferred Taxes Assets": 331000000.0,
      "Financial Assets": 2000000.0,
      "Investmentin Financial Assets": 54000000.0,
      "Available For Sale Securities": 54000000.0,
      "Long Term Equity Investment": 2313000000.0,
      "Goodwill And Other Intangible Assets": 1321000000.0,
      "Other Intangible Assets": 1225000000.0,
      "Goodwill": 96000000.0,
      "Net PPE": 17859000000.0,
      "Accumulated Depreciation": -11467000000.0,
      "Gross PPE": 29326000000.0,
      "Construction In Progress": 1689000000.0,
      "Other Properties": 495000000.0,
      "Machinery Furniture Equipment": 26363000000.0,
      "Buildings And Improvements": 570000000.0,
      "Land And Improvements": 209000000.0,
      "Properties": 0.0,
      "Current Assets": 9843000000.0,
      "Other Current Assets": 59000000.0,
      "Hedging Assets Current": 2000000.0,
      "Assets Held For Sale Current": 84000000.0,
      "Current Deferred Assets": 13000000.0,
      "Prepaid Assets": 50000000.0,
      "Inventory": 3202000000.0,
      "Finished Goods": 2369000000.0,
      "Raw Materials": 833000000.0,
      "Other Receivables": 345000000.0,
      "Taxes Receivable": 87000000.0,
      "Accounts Receivable": 4244000000.0,
      "Allowance For Doubtful Accounts Receivable": -100000000.0,
      "Gross Accounts Receivable": 4344000000.0,
      "Cash Cash Equivalents And Short Term Investments": 1757000000.0,
      "Cash And Cash Equivalents": 1757000000.0
    },
    "2021-12-31T00:00:00": {
      "Treasury Shares Number": 88556228.0,
      "Ordinary Shares Number": 3270883473.0,
      "Share Issued": 3359439701.0,
      "Net Debt": 14001000000.0,
      "Total Debt": 15358000000.0,
      "Tangible Book Value": 6036000000.0,
      "Invested Capital": 22541000000.0,
      "Working Capital": -2894000000.0,
      "Net Tangible Assets": 6036000000.0,
      "Capital Lease Obligations": 20000000.0,
      "Common Stock Equity": 7203000000.0,
      "Total Capitalization": 17566000000.0,
      "Total Equity Gross Minority Interest": 7240000000.0,
      "Minority Interest": 37000000.0,
      "Stockholders Equity": 7203000000.0,
      "Treasury Stock": 354000000.0,
      "Retained Earnings": 4270000000.0,
      "Additional Paid In Capital": 611000000.0,
      "Capital Stock": 2736000000.0,
      "Common Stock": 2736000000.0,
      "Total Liabilities Net Minority Interest": 19921000000.0,
      "Total Non Current Liabilities Net Minority Interest": 11948000000.0,
      "Other Non Current Liabilities": 703000000.0,
      "Liabilities Heldfor Sale Non Current": null,
      "Derivative Product Liabilities": 1000000.0,
      "Non Current Pension And Other Postretirement Benefit Plans": 36000000.0,
      "Tradeand Other Payables Non Current": 14000000.0,
      "Non Current Deferred Taxes Liabilities": 35000000.0,
      "Long Term Debt And Capital Lease Obligation": 10377000000.0,
      "Long Term Capital Lease Obligation": 14000000.0,
      "Long Term Debt": 10363000000.0,
      "Long Term Provisions": 782000000.0,
      "Current Liabilities": 7973000000.0,
      "Other Current Liabilities": 39000000.0,
      "Current Debt And Capital Lease Obligation": 4981000000.0,
      "Current Capital Lease Obligation": 6000000.0,
      "Current Debt": 4975000000.0,
      "Pensionand Other Post Retirement Benefit Plans Current": 7000000.0,
      "Payables": 2944000000.0,
      "Other Payable": 1198000000.0,
      "Dividends Payable": 343000000.0,
      "Total Tax Payable": 55000000.0,
      "Accounts Payable": 1348000000.0,
      "Total Assets": 27161000000.0,
      "Total Non Current Assets": 22082000000.0,
      "Other Non Current Assets": 425000000.0,
      "Non Current Prepaid Assets": 27000000.0,
      "Non Current Deferred Assets": null,
      "Non Current Deferred Taxes Assets": 302000000.0,
      "Financial Assets": null,
      "Investmentin Financial Assets": 96000000.0,
      "Available For Sale Securities": 96000000.0,
      "Long Term Equity Investment": 2560000000.0,
      "Goodwill And Other Intangible Assets": 1167000000.0,
      "Other Intangible Assets": 1107000000.0,
      "Goodwill": 60000000.0,
      "Net PPE": 17204000000.0,
      "Accumulated Depreciation": -10707000000.0,
      "Gross PPE": 27911000000.0,
      "Construction In Progress": 1340000000.0,
      "Other Properties": 406000000.0,
      "Machinery Furniture Equipment": 25429000000.0,
      "Buildings And Improvements": 555000000.0,
      "Land And Improvements": 181000000.0,
      "Properties": 0.0,
      "Current Assets": 5079000000.0,
      "Other Current Assets": 29000000.0,
      "Hedging Assets Current": null,
      "Assets Held For Sale Current": null,
      "Current Deferred Assets": null,
      "Prepaid Assets": 33000000.0,
      "Inventory": 121000000.0,
      "Finished Goods": 32000000.0,
      "Raw Materials": 89000000.0,
      "Other Receivables": 608000000.0,
      "Taxes Receivable": 222000000.0,
      "Accounts Receivable": 2729000000.0,
      "Allowance For Doubtful Accounts Receivable": -85000000.0,
      "Gross Accounts Receivable": 2814000000.0,
      "Cash Cash Equivalents And Short Term Investments": 1337000000.0,
      "Cash And Cash Equivalents": 1337000000.0
    }
  },
  "cashflow": {
    "2024-12-31T00:00:00": {
      "Free Cash Flow": -1001000000.0,
      "Repurchase Of Capital Stock": -2000000.0,
      "Repayment Of Debt": -1902000000.0,
      "Issuance Of Debt": 5426000000.0,
      "Capital Expenditure": -2815000000.0,
      "End Cash Position": 1806000000.0,
      "Beginning Cash Position": 1382000000.0,
      "Changes In Cash": 424000000.0,
      "Financing Cash Flow": 1291000000.0,
      "Net Other Financing Charges": -349000000.0,
      "Interest Paid Cff": -11000000.0,
      "Cash Dividends Paid": -946000000.0,
      "Net Common Stock Issuance": -2000000.0,
      "Common Stock Payments": -2000000.0,
      "Net Issuance Payments Of Debt": 2614000000.0,
      "Net Short Term Debt Issuance": -910000000.0,
      "Net Long Term Debt Issuance": 3524000000.0,
      "Long Term Debt Payments": -1902000000.0,
      "Long Term Debt Issuance": 5426000000.0,
      "Investing Cash Flow": -2681000000.0,
      "Net Other Investing Changes": 4000000.0,
      "Net Investment Purchase And Sale": 290000000.0,
      "Sale Of Investment": 290000000.0,
      "Purchase Of Investment": null,
      "Net Business Purchase And Sale": -165000000.0,
      "Sale Of Business": 11000000.0,
      "Purchase Of Business": -176000000.0,
      "Net Intangibles Purchase And Sale": -276000000.0,
      "Sale Of Intangibles": 1000000.0,
      "Purchase Of Intangibles": -277000000.0,
      "Net PPE Purchase And Sale": -2534000000.0,
      "Sale Of PPE": 4000000.0,
      "Purchase Of PPE": -2538000000.0,
      "Operating Cash Flow": 1814000000.0,
      "Taxes Refund Paid": -177000000.0,
      "Interest Received Cfo": 81000000.0,
      "Interest Paid Cfo": -359000000.0,
      "Dividend Received Cfo": 278000000.0,
      "Change In Working Capital": -764000000.0,
      "Change In Other Current Liabilities": null,
      "Change In Other Current Assets": -1477000000.0,
      "Change In Payable": -6000000.0,
      "Change In Inventory": 621000000.0,
      "Change In Receivables": 128000000.0,
      "Other Non Cash Items": 239000000.0,
      "Provisionand Write Offof Assets": 144000000.0,
      "Deferred Tax": 422000000.0,
      "Depreciation And Amortization": 984000000.0,
      "Amortization Cash Flow": 161000000.0,
      "Depreciation": 823000000.0,
      "Gain Loss On Investment Securities": null,
      "Gain Loss On Sale Of PPE": 13000000.0,
      "Net Income From Continuing Operations": 1257000000.0
    },
    "2023-12-31T00:00:00": {
      "Free Cash Flow": -1931000000.0,
      "Repurchase Of Capital Stock": -3000000.0,
      "Repayment Of Debt": -1290000000.0,
      "Issuance Of Debt": 2560000000.0,
      "Capital Expenditure": -1796000000.0,
      "End Cash Position": 1382000000.0,
      "Beginning Cash Position": 1757000000.0,
      "Changes In Cash": -375000000.0,
      "Financing Cash Flow": 1991000000.0,
      "Net Other Financing Charges": 1000000.0,
      "Interest Paid Cff": null,
      "Cash Dividends Paid": -933000000.0,
      "Net Common Stock Issuance": -3000000.0,
      "Common Stock Payments": -3000000.0,
      "Net Issuance Payments Of Debt": 2939000000.0,
      "Net Short Term Debt Issuance": 1669000000.0,
      "Net Long Term Debt Issuance": 1270000000.0,
      "Long Term Debt Payments": -1290000000.0,
      "Long Term Debt Issuance": 2560000000.0,
      "Investing Cash Flow": -2231000000.0,
      "Net Other Investing Changes": 27000000.0,
      "Net Investment Purchase And Sale": 120000000.0,
      "Sale Of Investment": 120000000.0,
      "Purchase Of Investment": null,
      "Net Business Purchase And Sale": -583000000.0,
      "Sale Of Business": 251000000.0,
      "Purchase Of Business": -834000000.0,
      "Net Intangibles Purchase And Sale": -253000000.0,
      "Sale Of Intangibles": null,
      "Purchase Of Intangibles": -253000000.0,
      "Net PPE Purchase And Sale": -1542000000.0,
      "Sale Of PPE": 1000000.0,
      "Purchase Of PPE": -1543000000.0,
      "Operating Cash Flow": -135000000.0,
      "Taxes Refund Paid": -272000000.0,
      "Interest Received Cfo": 35000000.0,
      "Interest Paid Cfo": -217000000.0,
      "Dividend Received Cfo": 205000000.0,
      "Change In Working Capital": -2282000000.0,
      "Change In Other Current Liabilities": null,
      "Change In Other Current Assets": -1672000000.0,
      "Change In Payable": -584000000.0,
      "Change In Inventory": 401000000.0,
      "Change In Receivables": -413000000.0,
      "Other Non Cash Items": 173000000.0,
      "Provisionand Write Offof Assets": 47000000.0,
      "Deferred Tax": 389000000.0,
      "Depreciation And Amortization": 925000000.0,
      "Amortization Cash Flow": 139000000.0,
      "Depreciation": 786000000.0,
      "Gain Loss On Investment Securities": -5000000.0,
      "Gain Loss On Sale Of PPE": 10000000.0,
      "Net Income From Continuing Operations": 1145000000.0
    },
    "2022-12-31T00:00:00": {
      "Free Cash Flow": 2787000000.0,
      "Repurchase Of Capital Stock": -3000000.0,
      "Repayment Of Debt": -1821000000.0,
      "Issuance Of Debt": 2269000000.0,
      "Capital Expenditure": -1322000000.0,
      "End Cash Position": 1757000000.0,
      "Beginning Cash Position": 1337000000.0,
      "Changes In Cash": 420000000.0,
      "Financing Cash Flow": -2321000000.0,
      "Net Other Financing Charges": -4000000.0,
      "Interest Paid Cff": null,
      "Cash Dividends Paid": -866000000.0,
      "Net Common Stock Issuance": -3000000.0,
      "Common Stock Payments": -3000000.0,
      "Net Issuance Payments Of Debt": -1440000000.0,
      "Net Short Term Debt Issuance": -1888000000.0,
      "Net Long Term Debt Issuance": 448000000.0,
      "Long Term Debt Payments": -1821000000.0,
      "Long Term Debt Issuance": 2269000000.0,
      "Investing Cash Flow": -1368000000.0,
      "Net Other Investing Changes": 197000000.0,
      "Net Investment Purchase And Sale": 65000000.0,
      "Sale Of Investment": 65000000.0,
      "Purchase Of Investment": -18000000.0,
      "Net Business Purchase And Sale": -315000000.0,
      "Sale Of Business": 161000000.0,
      "Purchase Of Business": -476000000.0,
      "Net Intangibles Purchase And Sale": -179000000.0,
      "Sale Of Intangibles": 1000000.0,
      "Purchase Of Intangibles": -180000000.0,
      "Net PPE Purchase And Sale": -1136000000.0,
      "Sale Of PPE": 6000000.0,
      "Purchase Of PPE": -1142000000.0,
      "Operating Cash Flow": 4109000000.0,
      "Taxes Refund Paid": -482000000.0,
      "Interest Received Cfo": 12000000.0,
      "Interest Paid Cfo": -123000000.0,
      "Dividend Received Cfo": 108000000.0,
      "Change In Working Capital": 2408000000.0,
      "Change In Other Current Liabilities": null,
      "Change In Other Current Assets": 6865000000.0,
      "Change In Payable": 151000000.0,
      "Change In Inventory": -3064000000.0,
      "Change In Receivables": -1549000000.0,
      "Other Non Cash Items": 112000000.0,
      "Provisionand Write Offof Assets": null,
      "Deferred Tax": 378000000.0,
      "Depreciation And Amortization": 867000000.0,
      "Amortization Cash Flow": 120000000.0,
      "Depreciation": 747000000.0,
      "Gain Loss On Investment Securities": 24000000.0,
      "Gain Loss On Sale Of PPE": 24000000.0,
      "Net Income From Continuing Operations": 672000000.0
    },
    "2021-12-31T00:00:00": {
      "Free Cash Flow": 94000000.0,
      "Repurchase Of Capital Stock": -5000000.0,
      "Repayment Of Debt": -1295000000.0,
      "Issuance Of Debt": 1600000000.0,
      "Capital Expenditure": -1244000000.0,
      "End Cash Position": 1337000000.0,
      "Beginning Cash Position": 3044000000.0,
      "Changes In Cash": -1707000000.0,
      "Financing Cash Flow": -1367000000.0,
      "Net Other Financing Charges": 40000000.0,
      "Interest Paid Cff": null,
      "Cash Dividends Paid": -811000000.0,
      "Net Common Stock Issuance": -5000000.0,
      "Common Stock Payments": -5000000.0,
      "Net Issuance Payments Of Debt": -584000000.0,
      "Net Short Term Debt Issuance": -889000000.0,
      "Net Long Term Debt Issuance": 305000000.0,
      "Long Term Debt Payments": -1295000000.0,
      "Long Term Debt Issuance": 1600000000.0,
      "Investing Cash Flow": -1678000000.0,
      "Net Other Investing Changes": 12000000.0,
      "Net Investment Purchase And Sale": -446000000.0,
      "Sale Of Investment": 78000000.0,
      "Purchase Of Investment": -524000000.0,
      "Net Business Purchase And Sale": 0.0,
      "Sale Of Business": null,
      "Purchase Of Business": 0.0,
      "Net Intangibles Purchase And Sale": -148000000.0,
      "Sale Of Intangibles": null,
      "Purchase Of Intangibles": -148000000.0,
      "Net PPE Purchase And Sale": -1096000000.0,
      "Sale Of PPE": 0.0,
      "Purchase Of PPE": -1096000000.0,
      "Operating Cash Flow": 1338000000.0,
      "Taxes Refund Paid": -407000000.0,
      "Interest Received Cfo": 28000000.0,
      "Interest Paid Cfo": -115000000.0,
      "Dividend Received Cfo": 199000000.0,
      "Change In Working Capital": -613000000.0,
      "Change In Other Current Liabilities": -7000000.0,
      "Change In Other Current Assets": -102000000.0,
      "Change In Payable": 709000000.0,
      "Change In Inventory": -11000000.0,
      "Change In Receivables": -1173000000.0,
      "Other Non Cash Items": 99000000.0,
      "Provisionand Write Offof Assets": null,
      "Deferred Tax": 115000000.0,
      "Depreciation And Amortization": 809000000.0,
      "Amortization Cash Flow": 100000000.0,
      "Depreciation": 709000000.0,
      "Gain Loss On Investment Securities": 13000000.0,
      "Gain Loss On Sale Of PPE": 13000000.0,
      "Net Income From Continuing Operations": 1500000000.0
    }
  },
  "earnings_estimate": {
    "avg": {
      "0q": 0.09299,
      "+1q": 0.13,
      "0y": 0.41783,
      "+1y": 0.41735
    },
    "low": {
      "0q": 0.0814,
      "+1q": 0.13,
      "0y": 0.39,
      "+1y": 0.37408
    },
    "high": {
      "0q": 0.1,
      "+1q": 0.13,
      "0y": 0.42927,
      "+1y": 0.43504
    },
    "numberOfAnalysts": {
      "0q": 3,
      "+1q": 1,
      "0y": 19,
      "+1y": 19
    },
    "yearAgoEps": {
      "0q": null,
      "+1q": null,
      "0y": 0.384,
      "+1y": 0.41783
    },
    "growth": {
      "0q": null,
      "+1q": null,
      "0y": 0.0881,
      "+1y": -0.0011
    }
  },
  "revenue_estimate": {
    "avg": {
      "0q": 1054096180,
      "+1q": 1020946000,
      "0y": 3816326040,
      "+1y": 4075727310
    },
    "low": {
      "0q": 936251000,
      "+1q": 1020946000,
      "0y": 3651258580,
      "+1y": 3891518890
    },
    "high": {
      "0q": 1222719590,
      "+1q": 1020946000,
      "0y": 4068719590,
      "+1y": 4508925440
    },
    "numberOfAnalysts": {
      "0q": 3,
      "+1q": 1,
      "0y": 15,
      "+1y": 15
    },
    "yearAgoRevenue": {
      "0q": 917000000,
      "+1q": 970000000,
      "0y": 3568000000,
      "+1y": 3816326040
    },
    "growth": {
      "0q": 0.1495,
      "+1q": 0.0525,
      "0y": 0.0696,
      "+1y": 0.068
    }
  },
  "growth_estimates": {
    "stockTrend": {
      "0q": null,
      "+1q": null,
      "0y": 0.0881,
      "+1y": -0.0011,
      "LTG": null
    },
    "indexTrend": {
      "0q": 0.1273,
      "+1q": 0.103599995,
      "0y": 0.14310001,
      "+1y": 0.1557,
      "LTG": 0.122
    }
  },
  "revenue_forecasts": null,
  "dividend_rate": 0.3,
  "trailing_dividend_rate": 0.295
}