{
  "ticker": "STAN.L",
  "name": "Standard Chartered",
  "country": "uk",
  "currency": "GBP",
  "last_fetched": "2026-02-26T20:46:46.642051",
  "market_cap": 41392562176,
  "revenue": 20270000128,
  "net_income": 5085000192,
  "pe_ratio": 13.1285715,
  "forward_pe": 9.112822,
  "dividend_yield": 2.5,
  "profit_margin": 0.25086,
  "roe": 0.09629,
  "debt_to_equity": null,
  "beta": null,
  "ev_to_ebitda": null,
  "sector": "Financial Services",
  "industry": "Banks - Diversified",
  "summary": "Standard Chartered PLC, together with its subsidiaries, provides various banking products and services in Asia, Africa, the Middle East, Europe, and the Americas. The company operates in three segments: Corporate & Investment Banking, Wealth & Retail Banking, and Ventures. It offers retail products, such as deposits, mortgages, credit cards, and personal loans; wealth management products and services that include investments, portfolio management, bancassurance, and wealth advice; and transaction banking services, such as cash management, working capital, trade financing, securities and prime services, and payments and liquidity products. The company also provides mergers and acquisitions, leveraged and acquisition finance, infrastructure and development finance, fund finance, and transportation and sustainable finance solutions. In addition, it offers international banking, private banking, priority banking, wealth solutions, financing for SMEs, and Islamic banking products. Further, the company provides financial markets products and services that comprise financing and investment ideas; risk management and investment solutions; foreign exchange, rates, credit, and structured products; capital raising solutions; and sales and structuring, as well as digital banking solutions. It serves financial institutions, governments, banks, investors, corporations, small to medium-sized businesses, and individuals. Standard Chartered PLC was founded in 1853 and is headquartered in London, the United Kingdom.",
  "website": "https://www.sc.com",
  "employees": null,
  "target_high": 2208.07,
  "target_low": 1401.3041,
  "target_mean": 1855.4158,
  "target_median": 1901.0514,
  "recommendation": "buy",
  "num_analysts": 15,
  "income_stmt": {
    "2024-12-31T00:00:00": {
      "Tax Effect Of Unusual Items": -576296000.0,
      "Tax Rate For Calcs": 0.328,
      "Total Unusual Items": -1757000000.0,
      "Total Unusual Items Excluding Goodwill": -1757000000.0,
      "Net Income From Continuing Operation Net Minority Interest": 4050000000.0,
      "Reconciled Depreciation": 1126000000.0,
      "Net Interest Income": 6366000000.0,
      "Interest Expense": 21496000000.0,
      "Interest Income": 27862000000.0,
      "Normalized Income": 5230704000.0,
      "Net Income From Continuing And Discontinued Operation": 4050000000.0,
      "Diluted Average Shares": 2610000000.0,
      "Basic Average Shares": 2543000000.0,
      "Diluted EPS": 1.377,
      "Basic EPS": 1.413,
      "Diluted NI Availto Com Stockholders": 3593000000.0,
      "Net Income Common Stockholders": 3593000000.0,
      "Preferred Stock Dividends": 457000000.0,
      "Net Income": 4050000000.0,
      "Minority Interests": 8000000.0,
      "Net Income Including Noncontrolling Interests": 4042000000.0,
      "Net Income Continuous Operations": 4042000000.0,
      "Tax Provision": 1972000000.0,
      "Pretax Income": 6014000000.0,
      "Special Income Charges": -1757000000.0,
      "Other Special Charges": 542000000.0,
      "Write Off": 16000000.0,
      "Impairment Of Capital Assets": 572000000.0,
      "Restructuring And Mergern Acquisition": 627000000.0,
      "Gain On Sale Of Security": 1884000000.0,
      "Operating Expense": 11775000000.0,
      "Other Operating Expenses": -451000000.0,
      "Depreciation And Amortization In Income Statement": 1126000000.0,
      "Amortization": 699000000.0,
      "Depreciation Income Statement": 427000000.0,
      "Selling General And Administration": 2375000000.0,
      "General And Administrative Expense": 2375000000.0,
      "Rent And Landing Fees": 401000000.0,
      "Total Revenue": 20046000000.0,
      "Operating Revenue": 20046000000.0
    },
    "2023-12-31T00:00:00": {
      "Tax Effect Of Unusual Items": -164800000.0,
      "Tax Rate For Calcs": 0.32,
      "Total Unusual Items": -515000000.0,
      "Total Unusual Items Excluding Goodwill": -515000000.0,
      "Net Income From Continuing Operation Net Minority Interest": 3469000000.0,
      "Reconciled Depreciation": 1071000000.0,
      "Net Interest Income": 7769000000.0,
      "Interest Expense": 19458000000.0,
      "Interest Income": 27227000000.0,
      "Normalized Income": 4669200000.0,
      "Net Income From Continuing And Discontinued Operation": 3469000000.0,
      "Diluted Average Shares": 2841000000.0,
      "Basic Average Shares": 2778000000.0,
      "Diluted EPS": 1.062,
      "Basic EPS": 1.086,
      "Diluted NI Availto Com Stockholders": 3017000000.0,
      "Net Income Common Stockholders": 3017000000.0,
      "Preferred Stock Dividends": 452000000.0,
      "Net Income": 3469000000.0,
      "Minority Interests": 7000000.0,
      "Net Income Including Noncontrolling Interests": 3462000000.0,
      "Net Income Continuous Operations": 3462000000.0,
      "Tax Provision": 1631000000.0,
      "Pretax Income": 5093000000.0,
      "Special Income Charges": -515000000.0,
      "Other Special Charges": -613000000.0,
      "Write Off": 34000000.0,
      "Impairment Of Capital Assets": 124000000.0,
      "Restructuring And Mergern Acquisition": 120000000.0,
      "Gain On Sale Of Security": 1422000000.0,
      "Operating Expense": 11431000000.0,
      "Other Operating Expenses": 97000000.0,
      "Depreciation And Amortization In Income Statement": 1071000000.0,
      "Amortization": 626000000.0,
      "Depreciation Income Statement": 445000000.0,
      "Selling General And Administration": 1691000000.0,
      "General And Administrative Expense": 1691000000.0,
      "Rent And Landing Fees": 422000000.0,
      "Total Revenue": 17456000000.0,
      "Operating Revenue": 17456000000.0
    },
    "2022-12-31T00:00:00": {
      "Tax Effect Of Unusual Items": -186371000.0,
      "Tax Rate For Calcs": 0.323,
      "Total Unusual Items": -577000000.0,
      "Total Unusual Items Excluding Goodwill": -577000000.0,
      "Net Income From Continuing Operation Net Minority Interest": 2948000000.0,
      "Reconciled Depreciation": 1186000000.0,
      "Net Interest Income": 7593000000.0,
      "Interest Expense": 7659000000.0,
      "Interest Income": 15252000000.0,
      "Normalized Income": 3352629000.0,
      "Net Income From Continuing And Discontinued Operation": 2948000000.0,
      "Diluted Average Shares": 3023000000.0,
      "Basic Average Shares": 2966000000.0,
      "Diluted EPS": 0.843,
      "Basic EPS": 0.859,
      "Diluted NI Availto Com Stockholders": 2547000000.0,
      "Net Income Common Stockholders": 2547000000.0,
      "Preferred Stock Dividends": 401000000.0,
      "Net Income": 2948000000.0,
      "Minority Interests": 46000000.0,
      "Net Income Including Noncontrolling Interests": 2902000000.0,
      "Net Income Continuous Operations": 2902000000.0,
      "Tax Provision": 1384000000.0,
      "Pretax Income": 4286000000.0,
      "Special Income Charges": -577000000.0,
      "Other Special Charges": -40000000.0,
      "Write Off": 363000000.0,
      "Impairment Of Capital Assets": 62000000.0,
      "Restructuring And Mergern Acquisition": 178000000.0,
      "Gain On Sale Of Security": 214000000.0,
      "Operating Expense": 10735000000.0,
      "Other Operating Expenses": 17000000.0,
      "Depreciation And Amortization In Income Statement": 1186000000.0,
      "Amortization": 535000000.0,
      "Depreciation Income Statement": 651000000.0,
      "Selling General And Administration": 1592000000.0,
      "General And Administrative Expense": 1592000000.0,
      "Rent And Landing Fees": 401000000.0,
      "Total Revenue": 16158000000.0,
      "Operating Revenue": 16158000000.0
    },
    "2021-12-31T00:00:00": {
      "Tax Effect Of Unusual Items": -372654000.0,
      "Tax Rate For Calcs": 0.309,
      "Total Unusual Items": -1206000000.0,
      "Total Unusual Items Excluding Goodwill": -1206000000.0,
      "Net Income From Continuing Operation Net Minority Interest": 2315000000.0,
      "Reconciled Depreciation": 1181000000.0,
      "Net Interest Income": 6798000000.0,
      "Interest Expense": 3448000000.0,
      "Interest Income": 10246000000.0,
      "Normalized Income": 3148346000.0,
      "Net Income From Continuing And Discontinued Operation": 2315000000.0,
      "Diluted Average Shares": 3154000000.0,
      "Basic Average Shares": 3108000000.0,
      "Diluted EPS": 0.604,
      "Basic EPS": 0.613,
      "Diluted NI Availto Com Stockholders": 1905000000.0,
      "Net Income Common Stockholders": 1905000000.0,
      "Preferred Stock Dividends": 410000000.0,
      "Net Income": 2315000000.0,
      "Minority Interests": 2000000.0,
      "Net Income Including Noncontrolling Interests": 2313000000.0,
      "Net Income Continuous Operations": 2313000000.0,
      "Tax Provision": 1034000000.0,
      "Pretax Income": 3347000000.0,
      "Special Income Charges": -1206000000.0,
      "Other Special Charges": -1000000.0,
      "Write Off": 262000000.0,
      "Impairment Of Capital Assets": 110000000.0,
      "Restructuring And Mergern Acquisition": 835000000.0,
      "Gain On Sale Of Security": 219000000.0,
      "Operating Expense": 10027000000.0,
      "Other Operating Expenses": -407000000.0,
      "Depreciation And Amortization In Income Statement": 1181000000.0,
      "Amortization": 469000000.0,
      "Depreciation Income Statement": 712000000.0,
      "Selling General And Administration": 1526000000.0,
      "General And Administrative Expense": 1526000000.0,
      "Rent And Landing Fees": 387000000.0,
      "Total Revenue": 14612000000.0,
      "Operating Revenue": 14612000000.0
    }
  },
  "quarterly_income": {
    "2025-06-30T00:00:00": {
      "Tax Effect Of Unusual Items": 10536842.105263,
      "Tax Rate For Calcs": 0.239474,
      "Total Unusual Items": 44000000.0,
      "Total Unusual Items Excluding Goodwill": 44000000.0,
      "Net Income From Continuing Operation Net Minority Interest": 1719000000.0,
      "Reconciled Depreciation": 280000000.0,
      "Net Interest Income": 1463000000.0,
      "Interest Expense": 4695000000.0,
      "Interest Income": 6158000000.0,
      "Normalized Income": 1685536842.105263,
      "Net Income From Continuing And Discontinued Operation": 1719000000.0,
      "Diluted Average Shares": null,
      "Basic Average Shares": null,
      "Diluted EPS": null,
      "Basic EPS": null,
      "Diluted NI Availto Com Stockholders": 1708000000.0,
      "Net Income Common Stockholders": 1708000000.0,
      "Preferred Stock Dividends": 11000000.0,
      "Net Income": 1719000000.0,
      "Minority Interests": -15000000.0,
      "Net Income Including Noncontrolling Interests": 1734000000.0,
      "Net Income Continuous Operations": 1734000000.0,
      "Tax Provision": 546000000.0,
      "Pretax Income": 2280000000.0,
      "Special Income Charges": 44000000.0,
      "Other Special Charges": null,
      "Restructuring And Mergern Acquisition": 189000000.0,
      "Operating Expense": 3007000000.0,
      "Other Operating Expenses": -132000000.0,
      "Depreciation And Amortization In Income Statement": 280000000.0,
      "Depreciation Income Statement": -45000000.0,
      "Selling General And Administration": 584000000.0,
      "General And Administrative Expense": 584000000.0,
      "Rent And Landing Fees": 88000000.0,
      "Total Revenue": 5265000000.0,
      "Operating Revenue": 5265000000.0
    },
    "2025-03-31T00:00:00": {
      "Tax Effect Of Unusual Items": -43845000.0,
      "Tax Rate For Calcs": 0.237,
      "Total Unusual Items": -185000000.0,
      "Total Unusual Items Excluding Goodwill": -185000000.0,
      "Net Income From Continuing Operation Net Minority Interest": 1590000000.0,
      "Reconciled Depreciation": 264000000.0,
      "Net Interest Income": 1581000000.0,
      "Interest Expense": 4746000000.0,
      "Interest Income": 6327000000.0,
      "Normalized Income": 1746155000.0,
      "Net Income From Continuing And Discontinued Operation": 1590000000.0,
      "Diluted Average Shares": 2464000000.0,
      "Basic Average Shares": 2396000000.0,
      "Diluted EPS": 0.551,
      "Basic EPS": 0.566,
      "Diluted NI Availto Com Stockholders": 1357000000.0,
      "Net Income Common Stockholders": 1357000000.0,
      "Preferred Stock Dividends": 233000000.0,
      "Net Income": 1590000000.0,
      "Minority Interests": -2000000.0,
      "Net Income Including Noncontrolling Interests": 1592000000.0,
      "Net Income Continuous Operations": 1592000000.0,
      "Tax Provision": 511000000.0,
      "Pretax Income": 2103000000.0,
      "Special Income Charges": -185000000.0,
      "Other Special Charges": null,
      "Restructuring And Mergern Acquisition": 170000000.0,
      "Operating Expense": 2876000000.0,
      "Other Operating Expenses": -170000000.0,
      "Depreciation And Amortization In Income Statement": 264000000.0,
      "Depreciation Income Statement": 264000000.0,
      "Selling General And Administration": 551000000.0,
      "General And Administrative Expense": 551000000.0,
      "Rent And Landing Fees": 87000000.0,
      "Total Revenue": 5379000000.0,
      "Operating Revenue": 5379000000.0
    },
    "2024-12-31T00:00:00": {
      "Tax Effect Of Unusual Items": -505187500.0,
      "Tax Rate For Calcs": 0.3425,
      "Total Unusual Items": -1475000000.0,
      "Total Unusual Items Excluding Goodwill": -1475000000.0,
      "Net Income From Continuing Operation Net Minority Interest": 522000000.0,
      "Reconciled Depreciation": 342000000.0,
      "Net Interest Income": 1709000000.0,
      "Interest Expense": 4973000000.0,
      "Interest Income": 6682000000.0,
      "Normalized Income": 1256812500.0,
      "Net Income From Continuing And Discontinued Operation": 522000000.0,
      "Diluted Average Shares": null,
      "Basic Average Shares": null,
      "Diluted EPS": null,
      "Basic EPS": null,
      "Diluted NI Availto Com Stockholders": 493000000.0,
      "Net Income Common Stockholders": 493000000.0,
      "Preferred Stock Dividends": 29000000.0,
      "Net Income": 522000000.0,
      "Minority Interests": -4000000.0,
      "Net Income Including Noncontrolling Interests": 526000000.0,
      "Net Income Continuous Operations": 526000000.0,
      "Tax Provision": 274000000.0,
      "Pretax Income": 800000000.0,
      "Special Income Charges": -1475000000.0,
      "Other Special Charges": 254000000.0,
      "Restructuring And Mergern Acquisition": 868000000.0,
      "Operating Expense": 3036000000.0,
      "Other Operating Expenses": -163000000.0,
      "Depreciation And Amortization In Income Statement": 342000000.0,
      "Depreciation Income Statement": -357000000.0,
      "Selling General And Administration": 873000000.0,
      "General And Administrative Expense": 873000000.0,
      "Rent And Landing Fees": 133000000.0,
      "Total Revenue": 5546000000.0,
      "Operating Revenue": 5546000000.0
    },
    "2024-09-30T00:00:00": {
      "Tax Effect Of Unusual Items": 96167247.38676,
      "Tax Rate For Calcs": 0.333914,
      "Total Unusual Items": 288000000.0,
      "Total Unusual Items Excluding Goodwill": 288000000.0,
      "Net Income From Continuing Operation Net Minority Interest": 1150000000.0,
      "Reconciled Depreciation": 268000000.0,
      "Net Interest Income": 1482000000.0,
      "Interest Expense": 5504000000.0,
      "Interest Income": 6986000000.0,
      "Normalized Income": 958167247.38676,
      "Net Income From Continuing And Discontinued Operation": 1150000000.0,
      "Diluted Average Shares": null,
      "Basic Average Shares": null,
      "Diluted EPS": null,
      "Basic EPS": null,
      "Diluted NI Availto Com Stockholders": 931000000.0,
      "Net Income Common Stockholders": 931000000.0,
      "Preferred Stock Dividends": 219000000.0,
      "Net Income": 1150000000.0,
      "Minority Interests": 3000000.0,
      "Net Income Including Noncontrolling Interests": 1147000000.0,
      "Net Income Continuous Operations": 1147000000.0,
      "Tax Provision": 575000000.0,
      "Pretax Income": 1722000000.0,
      "Special Income Charges": 288000000.0,
      "Other Special Charges": -170000000.0,
      "Restructuring And Mergern Acquisition": -206000000.0,
      "Operating Expense": 3087000000.0,
      "Other Operating Expenses": 1000000.0,
      "Depreciation And Amortization In Income Statement": 268000000.0,
      "Depreciation Income Statement": 597000000.0,
      "Selling General And Administration": 475000000.0,
      "General And Administrative Expense": 475000000.0,
      "Rent And Landing Fees": 91000000.0,
      "Total Revenue": 4650000000.0,
      "Operating Revenue": 4650000000.0
    },
    "2024-06-30T00:00:00": {
      "Tax Effect Of Unusual Items": -131287705.956907,
      "Tax Rate For Calcs": 0.382763,
      "Total Unusual Items": -343000000.0,
      "Total Unusual Items Excluding Goodwill": -343000000.0,
      "Net Income From Continuing Operation Net Minority Interest": 975000000.0,
      "Reconciled Depreciation": 262000000.0,
      "Net Interest Income": 1603000000.0,
      "Interest Expense": 5454000000.0,
      "Interest Income": 7057000000.0,
      "Normalized Income": 1186712294.043093,
      "Net Income From Continuing And Discontinued Operation": 975000000.0,
      "Diluted Average Shares": null,
      "Basic Average Shares": null,
      "Diluted EPS": null,
      "Basic EPS": null,
      "Diluted NI Availto Com Stockholders": 946000000.0,
      "Net Income Common Stockholders": 946000000.0,
      "Preferred Stock Dividends": 29000000.0,
      "Net Income": 975000000.0,
      "Minority Interests": 1000000.0,
      "Net Income Including Noncontrolling Interests": 974000000.0,
      "Net Income Continuous Operations": 974000000.0,
      "Tax Provision": 604000000.0,
      "Pretax Income": 1578000000.0,
      "Special Income Charges": -343000000.0,
      "Other Special Charges": 346000000.0,
      "Restructuring And Mergern Acquisition": -90000000.0,
      "Operating Expense": 2810000000.0,
      "Other Operating Expenses": -134000000.0,
      "Depreciation And Amortization In Income Statement": 262000000.0,
      "Depreciation Income Statement": -67000000.0,
      "Selling General And Administration": 476000000.0,
      "General And Administrative Expense": 476000000.0,
      "Rent And Landing Fees": 95000000.0,
      "Total Revenue": 4708000000.0,
      "Operating Revenue": 4708000000.0
    }
  },
  "balance_sheet": {
    "2024-12-31T00:00:00": {
      "Treasury Shares Number": 17589987.0,
      "Preferred Shares Number": null,
      "Ordinary Shares Number": 2407937644.0,
      "Share Issued": 2425527631.0,
      "Net Debt": 31644000000.0,
      "Total Debt": 96247000000.0,
      "Tangible Book Value": 45099000000.0,
      "Invested Capital": 145981000000.0,
      "Net Tangible Assets": 45099000000.0,
      "Common Stock Equity": 50890000000.0,
      "Total Capitalization": 145981000000.0,
      "Total Equity Gross Minority Interest": 51284000000.0,
      "Minority Interest": 394000000.0,
      "Stockholders Equity": 50890000000.0,
      "Other Equity Interest": 6502000000.0,
      "Retained Earnings": 28969000000.0,
      "Additional Paid In Capital": 5483000000.0,
      "Capital Stock": 1212000000.0,
      "Common Stock": 1212000000.0,
      "Total Liabilities Net Minority Interest": 798404000000.0,
      "Derivative Product Liabilities": 82064000000.0,
      "Long Term Debt And Capital Lease Obligation": 96247000000.0,
      "Payables": 726000000.0,
      "Total Tax Payable": 726000000.0,
      "Total Assets": 849688000000.0,
      "Defined Pension Benefit": 151000000.0,
      "Investments And Advances": 327136000000.0,
      "Investmentin Financial Assets": 326116000000.0,
      "Available For Sale Securities": 162619000000.0,
      "Financial Assets Designatedas Fair Value Through Profitor Loss Total": 82025000000.0,
      "Trading Securities": 0.0,
      "Long Term Equity Investment": 1020000000.0,
      "Goodwill And Other Intangible Assets": 5791000000.0,
      "Other Intangible Assets": 3404000000.0,
      "Goodwill": 2387000000.0,
      "Net PPE": 2425000000.0,
      "Accumulated Depreciation": -2426000000.0,
      "Gross PPE": 4851000000.0,
      "Other Properties": 2825000000.0,
      "Buildings And Improvements": 2026000000.0,
      "Prepaid Assets": 3207000000.0,
      "Taxes Receivable": 663000000.0,
      "Cash And Cash Equivalents": 63447000000.0,
      "Cash Cash Equivalents And Federal Funds Sold": 149642000000.0
    },
    "2023-12-31T00:00:00": {
      "Treasury Shares Number": 28095542.0,
      "Preferred Shares Number": null,
      "Ordinary Shares Number": 2636961019.0,
      "Share Issued": 2665056561.0,
      "Net Debt": 22062000000.0,
      "Total Debt": 93025000000.0,
      "Tangible Book Value": 43743000000.0,
      "Invested Capital": 141924000000.0,
      "Net Tangible Assets": 43743000000.0,
      "Common Stock Equity": 49957000000.0,
      "Total Capitalization": 141924000000.0,
      "Total Equity Gross Minority Interest": 50353000000.0,
      "Minority Interest": 396000000.0,
      "Stockholders Equity": 49957000000.0,
      "Other Equity Interest": 5512000000.0,
      "Retained Earnings": 28459000000.0,
      "Additional Paid In Capital": 5483000000.0,
      "Capital Stock": 1332000000.0,
      "Common Stock": 1332000000.0,
      "Total Liabilities Net Minority Interest": 772491000000.0,
      "Derivative Product Liabilities": 56061000000.0,
      "Long Term Debt And Capital Lease Obligation": 93025000000.0,
      "Payables": 811000000.0,
      "Total Tax Payable": 811000000.0,
      "Total Assets": 822844000000.0,
      "Defined Pension Benefit": 0.0,
      "Investments And Advances": 291030000000.0,
      "Investmentin Financial Assets": 290064000000.0,
      "Available For Sale Securities": 183732000000.0,
      "Financial Assets Designatedas Fair Value Through Profitor Loss Total": 55898000000.0,
      "Trading Securities": 0.0,
      "Long Term Equity Investment": 966000000.0,
      "Goodwill And Other Intangible Assets": 6214000000.0,
      "Other Intangible Assets": 3785000000.0,
      "Goodwill": 2429000000.0,
      "Net PPE": 2274000000.0,
      "Accumulated Depreciation": -2159000000.0,
      "Gross PPE": 4433000000.0,
      "Other Properties": 2569000000.0,
      "Buildings And Improvements": 1864000000.0,
      "Prepaid Assets": 3033000000.0,
      "Taxes Receivable": 484000000.0,
      "Cash And Cash Equivalents": 69905000000.0,
      "Cash Cash Equivalents And Federal Funds Sold": 151752000000.0
    },
    "2022-12-31T00:00:00": {
      "Treasury Shares Number": 27525624.0,
      "Preferred Shares Number": 198500000.0,
      "Ordinary Shares Number": 2867224231.0,
      "Share Issued": 2894749855.0,
      "Net Debt": 32372000000.0,
      "Total Debt": 91672000000.0,
      "Tangible Book Value": 43797000000.0,
      "Invested Capital": 140301000000.0,
      "Net Tangible Assets": 43797000000.0,
      "Common Stock Equity": 49666000000.0,
      "Total Capitalization": 140301000000.0,
      "Total Equity Gross Minority Interest": 50016000000.0,
      "Minority Interest": 350000000.0,
      "Stockholders Equity": 49666000000.0,
      "Other Equity Interest": 6504000000.0,
      "Retained Earnings": 28067000000.0,
      "Additional Paid In Capital": 5483000000.0,
      "Capital Stock": 1447000000.0,
      "Common Stock": 1447000000.0,
      "Total Liabilities Net Minority Interest": 769906000000.0,
      "Derivative Product Liabilities": 69862000000.0,
      "Long Term Debt And Capital Lease Obligation": 91672000000.0,
      "Payables": 583000000.0,
      "Total Tax Payable": 583000000.0,
      "Total Assets": 819922000000.0,
      "Defined Pension Benefit": null,
      "Investments And Advances": 293111000000.0,
      "Investmentin Financial Assets": 291480000000.0,
      "Available For Sale Securities": 193964000000.0,
      "Financial Assets Designatedas Fair Value Through Profitor Loss Total": 33799000000.0,
      "Trading Securities": 0.0,
      "Long Term Equity Investment": 1631000000.0,
      "Goodwill And Other Intangible Assets": 5869000000.0,
      "Other Intangible Assets": 3398000000.0,
      "Goodwill": 2471000000.0,
      "Net PPE": 5522000000.0,
      "Accumulated Depreciation": -3192000000.0,
      "Gross PPE": 8714000000.0,
      "Other Properties": 7062000000.0,
      "Buildings And Improvements": 1652000000.0,
      "Prepaid Assets": 3149000000.0,
      "Taxes Receivable": 503000000.0,
      "Cash And Cash Equivalents": 58263000000.0,
      "Cash Cash Equivalents And Federal Funds Sold": 122754000000.0
    },
    "2021-12-31T00:00:00": {
      "Treasury Shares Number": 22461243.0,
      "Preferred Shares Number": 195285000.0,
      "Ordinary Shares Number": 3056657857.0,
      "Share Issued": 3079119100.0,
      "Net Debt": 18157000000.0,
      "Total Debt": 92007000000.0,
      "Tangible Book Value": 46794000000.0,
      "Invested Capital": 143085000000.0,
      "Net Tangible Assets": 46794000000.0,
      "Common Stock Equity": 52265000000.0,
      "Total Capitalization": 143085000000.0,
      "Total Equity Gross Minority Interest": 52636000000.0,
      "Minority Interest": 371000000.0,
      "Stockholders Equity": 52265000000.0,
      "Other Equity Interest": 6254000000.0,
      "Retained Earnings": 27184000000.0,
      "Additional Paid In Capital": 5483000000.0,
      "Capital Stock": 1539000000.0,
      "Common Stock": 1539000000.0,
      "Total Liabilities Net Minority Interest": 775182000000.0,
      "Derivative Product Liabilities": 53399000000.0,
      "Long Term Debt And Capital Lease Obligation": 92007000000.0,
      "Payables": 348000000.0,
      "Total Tax Payable": 348000000.0,
      "Total Assets": 827818000000.0,
      "Defined Pension Benefit": null,
      "Investments And Advances": 279262000000.0,
      "Investmentin Financial Assets": 277115000000.0,
      "Available For Sale Securities": 189358000000.0,
      "Financial Assets Designatedas Fair Value Through Profitor Loss Total": 35312000000.0,
      "Trading Securities": null,
      "Long Term Equity Investment": 2147000000.0,
      "Goodwill And Other Intangible Assets": 5471000000.0,
      "Other Intangible Assets": 2876000000.0,
      "Goodwill": 2595000000.0,
      "Net PPE": 5616000000.0,
      "Accumulated Depreciation": -3400000000.0,
      "Gross PPE": 9016000000.0,
      "Other Properties": 7162000000.0,
      "Buildings And Improvements": 1854000000.0,
      "Prepaid Assets": 2176000000.0,
      "Taxes Receivable": 766000000.0,
      "Cash And Cash Equivalents": 72663000000.0,
      "Cash Cash Equivalents And Federal Funds Sold": 152672000000.0
    }
  },
  "cashflow": {
    "2024-12-31T00:00:00": {
      "Free Cash Flow": -21898000000.0,
      "Repurchase Of Capital Stock": -2701000000.0,
      "Repayment Of Debt": -12702000000.0,
      "Issuance Of Debt": 11044000000.0,
      "Issuance Of Capital Stock": 1601000000.0,
      "Capital Expenditure": -1409000000.0,
      "End Cash Position": 89928000000.0,
      "Beginning Cash Position": 107635000000.0,
      "Effect Of Exchange Rate Changes": -2045000000.0,
      "Changes In Cash": -15662000000.0,
      "Financing Cash Flow": -6626000000.0,
      "Net Other Financing Charges": -498000000.0,
      "Interest Paid Cff": -1885000000.0,
      "Cash Dividends Paid": -780000000.0,
      "Common Stock Dividend Paid": -780000000.0,
      "Net Common Stock Issuance": -1100000000.0,
      "Common Stock Payments": -2701000000.0,
      "Common Stock Issuance": 1601000000.0,
      "Net Issuance Payments Of Debt": -1658000000.0,
      "Net Long Term Debt Issuance": -1658000000.0,
      "Long Term Debt Payments": -12702000000.0,
      "Long Term Debt Issuance": 11044000000.0,
      "Investing Cash Flow": 11453000000.0,
      "Dividends Received Cfi": 36000000.0,
      "Net Investment Purchase And Sale": 12650000000.0,
      "Sale Of Investment": 230098000000.0,
      "Purchase Of Investment": -217448000000.0,
      "Net Business Purchase And Sale": 62000000.0,
      "Sale Of Business": 74000000.0,
      "Purchase Of Business": -12000000.0,
      "Net Intangibles Purchase And Sale": -948000000.0,
      "Sale Of Intangibles": 5000000.0,
      "Purchase Of Intangibles": -953000000.0,
      "Net PPE Purchase And Sale": -347000000.0,
      "Sale Of PPE": 109000000.0,
      "Purchase Of PPE": -456000000.0,
      "Capital Expenditure Reported": null,
      "Operating Cash Flow": -20489000000.0,
      "Taxes Refund Paid": -2045000000.0,
      "Change In Working Capital": -27058000000.0,
      "Change In Other Current Liabilities": 5090000000.0,
      "Change In Other Current Assets": 5331000000.0,
      "Change In Accrued Expense": 79000000.0,
      "Change In Prepaid Assets": -224000000.0,
      "Other Non Cash Items": 2391000000.0,
      "Stock Based Compensation": 334000000.0,
      "Provisionand Write Offof Assets": 1135000000.0,
      "Depreciation And Amortization": 1126000000.0,
      "Amortization Cash Flow": 699000000.0,
      "Depreciation": 427000000.0,
      "Pension And Employee Benefit Expense": 62000000.0,
      "Gain Loss On Investment Securities": -1876000000.0,
      "Net Foreign Currency Exchange Gain Loss": -583000000.0,
      "Gain Loss On Sale Of PPE": -23000000.0,
      "Gain Loss On Sale Of Business": 210000000.0,
      "Net Income From Continuing Operations": 6014000000.0
    },
    "2023-12-31T00:00:00": {
      "Free Cash Flow": -6845000000.0,
      "Repurchase Of Capital Stock": -2215000000.0,
      "Repayment Of Debt": -8631000000.0,
      "Issuance Of Debt": 15279000000.0,
      "Issuance Of Capital Stock": 26000000.0,
      "Capital Expenditure": -1283000000.0,
      "End Cash Position": 107635000000.0,
      "Beginning Cash Position": 97595000000.0,
      "Effect Of Exchange Rate Changes": -796000000.0,
      "Changes In Cash": 10836000000.0,
      "Financing Cash Flow": 587000000.0,
      "Net Other Financing Charges": -884000000.0,
      "Interest Paid Cff": -1708000000.0,
      "Cash Dividends Paid": -568000000.0,
      "Common Stock Dividend Paid": -568000000.0,
      "Net Common Stock Issuance": -2189000000.0,
      "Common Stock Payments": -2215000000.0,
      "Common Stock Issuance": 26000000.0,
      "Net Issuance Payments Of Debt": 6648000000.0,
      "Net Long Term Debt Issuance": 6648000000.0,
      "Long Term Debt Payments": -8631000000.0,
      "Long Term Debt Issuance": 15279000000.0,
      "Investing Cash Flow": 15811000000.0,
      "Dividends Received Cfi": 11000000.0,
      "Net Investment Purchase And Sale": 13283000000.0,
      "Sale Of Investment": 242585000000.0,
      "Purchase Of Investment": -229302000000.0,
      "Net Business Purchase And Sale": 3556000000.0,
      "Sale Of Business": 3603000000.0,
      "Purchase Of Business": -47000000.0,
      "Net Intangibles Purchase And Sale": -1124000000.0,
      "Sale Of Intangibles": 0.0,
      "Purchase Of Intangibles": -1124000000.0,
      "Net PPE Purchase And Sale": 85000000.0,
      "Sale Of PPE": 244000000.0,
      "Purchase Of PPE": -159000000.0,
      "Capital Expenditure Reported": null,
      "Operating Cash Flow": -5562000000.0,
      "Taxes Refund Paid": -1367000000.0,
      "Change In Working Capital": -12481000000.0,
      "Change In Other Current Liabilities": -3377000000.0,
      "Change In Other Current Assets": 2663000000.0,
      "Change In Accrued Expense": 1106000000.0,
      "Change In Prepaid Assets": 82000000.0,
      "Other Non Cash Items": 2088000000.0,
      "Stock Based Compensation": 219000000.0,
      "Provisionand Write Offof Assets": 1516000000.0,
      "Depreciation And Amortization": 1071000000.0,
      "Amortization Cash Flow": 626000000.0,
      "Depreciation": 445000000.0,
      "Pension And Employee Benefit Expense": 61000000.0,
      "Gain Loss On Investment Securities": -1457000000.0,
      "Net Foreign Currency Exchange Gain Loss": 299000000.0,
      "Gain Loss On Sale Of PPE": -31000000.0,
      "Gain Loss On Sale Of Business": -351000000.0,
      "Net Income From Continuing Operations": 5093000000.0
    },
    "2022-12-31T00:00:00": {
      "Free Cash Flow": 26778000000.0,
      "Repurchase Of Capital Stock": -1473000000.0,
      "Repayment Of Debt": -9686000000.0,
      "Issuance Of Debt": 12652000000.0,
      "Issuance Of Capital Stock": 12000000.0,
      "Capital Expenditure": -1931000000.0,
      "End Cash Position": 97595000000.0,
      "Beginning Cash Position": 94947000000.0,
      "Effect Of Exchange Rate Changes": -2713000000.0,
      "Changes In Cash": 5361000000.0,
      "Financing Cash Flow": -772000000.0,
      "Net Other Financing Charges": 329000000.0,
      "Interest Paid Cff": -1512000000.0,
      "Cash Dividends Paid": -393000000.0,
      "Common Stock Dividend Paid": -393000000.0,
      "Net Common Stock Issuance": -1461000000.0,
      "Common Stock Payments": -1473000000.0,
      "Common Stock Issuance": 12000000.0,
      "Net Issuance Payments Of Debt": 2966000000.0,
      "Net Long Term Debt Issuance": 2966000000.0,
      "Long Term Debt Payments": -9686000000.0,
      "Long Term Debt Issuance": 12652000000.0,
      "Investing Cash Flow": -22576000000.0,
      "Dividends Received Cfi": 58000000.0,
      "Net Investment Purchase And Sale": -21099000000.0,
      "Sale Of Investment": 259853000000.0,
      "Purchase Of Investment": -280952000000.0,
      "Net Business Purchase And Sale": -26000000.0,
      "Sale Of Business": 0.0,
      "Purchase Of Business": -26000000.0,
      "Net Intangibles Purchase And Sale": -1096000000.0,
      "Sale Of Intangibles": null,
      "Purchase Of Intangibles": -1096000000.0,
      "Net PPE Purchase And Sale": -413000000.0,
      "Sale Of PPE": 422000000.0,
      "Purchase Of PPE": -835000000.0,
      "Capital Expenditure Reported": null,
      "Operating Cash Flow": 28709000000.0,
      "Taxes Refund Paid": -821000000.0,
      "Change In Working Capital": 21775000000.0,
      "Change In Other Current Liabilities": -481000000.0,
      "Change In Other Current Assets": 2470000000.0,
      "Change In Accrued Expense": 1381000000.0,
      "Change In Prepaid Assets": -1056000000.0,
      "Other Non Cash Items": 1589000000.0,
      "Stock Based Compensation": 199000000.0,
      "Provisionand Write Offof Assets": 1275000000.0,
      "Depreciation And Amortization": 1186000000.0,
      "Amortization Cash Flow": 535000000.0,
      "Depreciation": 651000000.0,
      "Pension And Employee Benefit Expense": 58000000.0,
      "Gain Loss On Investment Securities": -175000000.0,
      "Net Foreign Currency Exchange Gain Loss": -365000000.0,
      "Gain Loss On Sale Of PPE": -62000000.0,
      "Gain Loss On Sale Of Business": null,
      "Net Income From Continuing Operations": 4286000000.0
    },
    "2021-12-31T00:00:00": {
      "Free Cash Flow": 10877000000.0,
      "Repurchase Of Capital Stock": -748000000.0,
      "Repayment Of Debt": -10491000000.0,
      "Issuance Of Debt": 12081000000.0,
      "Issuance Of Capital Stock": 7000000.0,
      "Capital Expenditure": -1341000000.0,
      "End Cash Position": 99605000000.0,
      "Beginning Cash Position": 97874000000.0,
      "Effect Of Exchange Rate Changes": -1757000000.0,
      "Changes In Cash": 3488000000.0,
      "Financing Cash Flow": 265000000.0,
      "Net Other Financing Charges": 1779000000.0,
      "Interest Paid Cff": -1270000000.0,
      "Cash Dividends Paid": -374000000.0,
      "Common Stock Dividend Paid": -374000000.0,
      "Net Common Stock Issuance": -741000000.0,
      "Common Stock Payments": -748000000.0,
      "Common Stock Issuance": 7000000.0,
      "Net Issuance Payments Of Debt": 1590000000.0,
      "Net Long Term Debt Issuance": 1590000000.0,
      "Long Term Debt Payments": -10491000000.0,
      "Long Term Debt Issuance": 12081000000.0,
      "Investing Cash Flow": -8995000000.0,
      "Dividends Received Cfi": 38000000.0,
      "Net Investment Purchase And Sale": -8622000000.0,
      "Sale Of Investment": 290846000000.0,
      "Purchase Of Investment": -299468000000.0,
      "Net Business Purchase And Sale": -35000000.0,
      "Sale Of Business": 0.0,
      "Purchase Of Business": -35000000.0,
      "Net Intangibles Purchase And Sale": -989000000.0,
      "Sale Of Intangibles": null,
      "Purchase Of Intangibles": -989000000.0,
      "Net PPE Purchase And Sale": 613000000.0,
      "Sale Of PPE": 965000000.0,
      "Purchase Of PPE": -352000000.0,
      "Capital Expenditure Reported": -989000000.0,
      "Operating Cash Flow": 12218000000.0,
      "Taxes Refund Paid": -1161000000.0,
      "Change In Working Capital": 8050000000.0,
      "Change In Other Current Liabilities": -3363000000.0,
      "Change In Other Current Assets": -5574000000.0,
      "Change In Accrued Expense": 176000000.0,
      "Change In Prepaid Assets": -84000000.0,
      "Other Non Cash Items": 921000000.0,
      "Stock Based Compensation": 167000000.0,
      "Provisionand Write Offof Assets": 626000000.0,
      "Depreciation And Amortization": 1181000000.0,
      "Amortization Cash Flow": 469000000.0,
      "Depreciation": 712000000.0,
      "Pension And Employee Benefit Expense": 62000000.0,
      "Gain Loss On Investment Securities": -227000000.0,
      "Net Foreign Currency Exchange Gain Loss": -337000000.0,
      "Gain Loss On Sale Of PPE": -93000000.0,
      "Gain Loss On Sale Of Business": null,
      "Net Income From Continuing Operations": 3347000000.0
    }
  },
  "earnings_estimate": {
    "avg": {
      "0q": 0.64,
      "+1q": 0.74,
      "0y": 2.3344,
      "+1y": 2.72204
    },
    "low": {
      "0q": 0.64,
      "+1q": 0.74,
      "0y": 2.11,
      "+1y": 2.37
    },
    "high": {
      "0q": 0.64,
      "+1q": 0.74,
      "0y": 2.51,
      "+1y": 3.02083
    },
    "yearAgoEps": {
      "0q": 0.61,
      "+1q": 0.745,
      "0y": 2.23,
      "+1y": 2.3344
    },
    "numberOfAnalysts": {
      "0q": 1,
      "+1q": 1,
      "0y": 13,
      "+1y": 13
    },
    "growth": {
      "0q": 0.049200002,
      "+1q": -0.0067000003,
      "0y": 0.0468,
      "+1y": 0.16610001
    }
  },
  "revenue_estimate": {
    "avg": {
      "0q": 0,
      "+1q": 0,
      "0y": 21628227790,
      "+1y": 22797005470
    },
    "low": {
      "0q": 0,
      "+1q": 0,
      "0y": 21292000000,
      "+1y": 21675400000
    },
    "high": {
      "0q": 0,
      "+1q": 0,
      "0y": 21953940000,
      "+1y": 23457176920
    },
    "numberOfAnalysts": {
      "0q": 0,
      "+1q": 0,
      "0y": 9,
      "+1y": 11
    },
    "yearAgoRevenue": {
      "0q": null,
      "+1q": null,
      "0y": 20894000000.0,
      "+1y": 21628227790.0
    },
    "growth": {
      "0q": null,
      "+1q": null,
      "0y": 0.035099998,
      "+1y": 0.054
    }
  },
  "growth_estimates": {
    "stockTrend": {
      "0q": 0.049200002,
      "+1q": -0.0067000003,
      "0y": 0.0468,
      "+1y": 0.16610001,
      "LTG": null
    },
    "indexTrend": {
      "0q": 0.1273,
      "+1q": 0.103599995,
      "0y": 0.14310001,
      "+1y": 0.1557,
      "LTG": 0.122
    }
  },
  "revenue_forecasts": null,
  "dividend_rate": 0.45,
  "trailing_dividend_rate": 0.0
}