{
  "ticker": "SU.TO",
  "name": "Suncor Energy",
  "country": "canada",
  "currency": "CAD",
  "last_fetched": "2026-02-26T20:51:52.429661",
  "market_cap": 91308285952,
  "revenue": 48908001280,
  "net_income": 5918000128,
  "pe_ratio": 15.672166,
  "forward_pe": 16.674162,
  "dividend_yield": 3.15,
  "profit_margin": 0.12100001,
  "roe": 0.13204001,
  "debt_to_equity": 32.143,
  "beta": 0.753,
  "ev_to_ebitda": 6.52,
  "sector": "Energy",
  "industry": "Oil & Gas Integrated",
  "summary": "Suncor Energy Inc. operates as an integrated energy company in Canada, the United States, and internationally. It operates through Oil Sands; Exploration and Production; and Refining and Marketing segments. The Oil Sands segment produces bitumen; and markets, supplies, and transports and manages crude oil, power, and byproducts. The Exploration and Production segment is involved in the offshore operations on the east coast of Canada, and onshore assets in Libya and Syria; and marketing and risk management of crude oil. The Refining and Marketing segment refines and supplies crude oil and intermediate feedstock into a range of petroleum and petrochemical products, as well as sells refined petroleum products to retail customers. This segment is also involved in the trading of crude oil and refined products, natural gas, and power. The company was formerly known as Suncor Inc. and changed its name to Suncor Energy Inc. in April 1997. Suncor Energy Inc. was founded in 1917 and is headquartered in Calgary, Canada.",
  "website": "https://www.suncor.com",
  "employees": null,
  "target_high": 85.0,
  "target_low": 60.0,
  "target_mean": 75.45,
  "target_median": 75.0,
  "recommendation": "buy",
  "num_analysts": 20,
  "income_stmt": {
    "2024-12-31T00:00:00": {
      "Tax Effect Of Unusual Items": -40810000.0,
      "Tax Rate For Calcs": 0.265,
      "Normalized EBITDA": 15989000000.0,
      "Total Unusual Items": -154000000.0,
      "Total Unusual Items Excluding Goodwill": -154000000.0,
      "Net Income From Continuing Operation Net Minority Interest": 6016000000.0,
      "Reconciled Depreciation": 6954000000.0,
      "Reconciled Cost Of Revenue": 32505000000.0,
      "EBITDA": 15835000000.0,
      "EBIT": 8881000000.0,
      "Net Interest Income": -694000000.0,
      "Interest Expense": 694000000.0,
      "Interest Income": null,
      "Normalized Income": 6129190000.0,
      "Net Income From Continuing And Discontinued Operation": 6016000000.0,
      "Total Expenses": 45846000000.0,
      "Rent Expense Supplemental": null,
      "Diluted Average Shares": 1276000000.0,
      "Basic Average Shares": 1274000000.0,
      "Diluted EPS": 4.72,
      "Basic EPS": 4.72,
      "Diluted NI Availto Com Stockholders": 6016000000.0,
      "Net Income Common Stockholders": 6016000000.0,
      "Net Income": 6016000000.0,
      "Net Income Including Noncontrolling Interests": 6016000000.0,
      "Net Income Continuous Operations": 6016000000.0,
      "Tax Provision": 2171000000.0,
      "Pretax Income": 8187000000.0,
      "Other Income Expense": -154000000.0,
      "Other Non Operating Income Expenses": null,
      "Special Income Charges": -43000000.0,
      "Gain On Sale Of Ppe": 25000000.0,
      "Gain On Sale Of Business": null,
      "Other Special Charges": 68000000.0,
      "Restructuring And Mergern Acquisition": 0.0,
      "Gain On Sale Of Security": -111000000.0,
      "Net Non Operating Interest Income Expense": -694000000.0,
      "Interest Expense Non Operating": 694000000.0,
      "Interest Income Non Operating": null,
      "Operating Income": 9035000000.0,
      "Operating Expense": 13341000000.0,
      "Other Operating Expenses": 2262000000.0,
      "Selling General And Administration": 11079000000.0,
      "Selling And Marketing Expense": 2258000000.0,
      "General And Administrative Expense": 8821000000.0,
      "Other Gand A": null,
      "Rent And Landing Fees": null,
      "Salaries And Wages": 8821000000.0,
      "Gross Profit": 22376000000.0,
      "Cost Of Revenue": 32505000000.0,
      "Total Revenue": 54881000000.0,
      "Operating Revenue": 54881000000.0
    },
    "2023-12-31T00:00:00": {
      "Tax Effect Of Unusual Items": 525574000.0,
      "Tax Rate For Calcs": 0.217,
      "Normalized EBITDA": 15388000000.0,
      "Total Unusual Items": 2422000000.0,
      "Total Unusual Items Excluding Goodwill": 2422000000.0,
      "Net Income From Continuing Operation Net Minority Interest": 8295000000.0,
      "Reconciled Depreciation": 6435000000.0,
      "Reconciled Cost Of Revenue": 30282000000.0,
      "EBITDA": 17810000000.0,
      "EBIT": 11375000000.0,
      "Net Interest Income": -786000000.0,
      "Interest Expense": 786000000.0,
      "Interest Income": 94000000.0,
      "Normalized Income": 6398574000.0,
      "Net Income From Continuing And Discontinued Operation": 8295000000.0,
      "Total Expenses": 43253000000.0,
      "Rent Expense Supplemental": null,
      "Diluted Average Shares": 1310000000.0,
      "Basic Average Shares": 1308000000.0,
      "Diluted EPS": 6.33,
      "Basic EPS": 6.34,
      "Diluted NI Availto Com Stockholders": 8295000000.0,
      "Net Income Common Stockholders": 8295000000.0,
      "Net Income": 8295000000.0,
      "Net Income Including Noncontrolling Interests": 8295000000.0,
      "Net Income Continuous Operations": 8295000000.0,
      "Tax Provision": 2294000000.0,
      "Pretax Income": 10589000000.0,
      "Other Income Expense": 2422000000.0,
      "Other Non Operating Income Expenses": 128000000.0,
      "Special Income Charges": 2023000000.0,
      "Gain On Sale Of Ppe": 992000000.0,
      "Gain On Sale Of Business": null,
      "Other Special Charges": -181000000.0,
      "Restructuring And Mergern Acquisition": -850000000.0,
      "Gain On Sale Of Security": 399000000.0,
      "Net Non Operating Interest Income Expense": -786000000.0,
      "Interest Expense Non Operating": 786000000.0,
      "Interest Income Non Operating": 94000000.0,
      "Operating Income": 8953000000.0,
      "Operating Expense": 12971000000.0,
      "Other Operating Expenses": 2345000000.0,
      "Selling General And Administration": 10626000000.0,
      "Selling And Marketing Expense": 2168000000.0,
      "General And Administrative Expense": 8458000000.0,
      "Other Gand A": null,
      "Rent And Landing Fees": null,
      "Salaries And Wages": 8458000000.0,
      "Gross Profit": 21924000000.0,
      "Cost Of Revenue": 30282000000.0,
      "Total Revenue": 52206000000.0,
      "Operating Revenue": 52206000000.0
    },
    "2022-12-31T00:00:00": {
      "Tax Effect Of Unusual Items": -188045000.0,
      "Tax Rate For Calcs": 0.263,
      "Normalized EBITDA": 22723000000.0,
      "Total Unusual Items": -715000000.0,
      "Total Unusual Items Excluding Goodwill": -715000000.0,
      "Net Income From Continuing Operation Net Minority Interest": 9077000000.0,
      "Reconciled Depreciation": 8786000000.0,
      "Reconciled Cost Of Revenue": 36033000000.0,
      "EBITDA": 22008000000.0,
      "EBIT": 13222000000.0,
      "Net Interest Income": -906000000.0,
      "Interest Expense": 906000000.0,
      "Interest Income": 149000000.0,
      "Normalized Income": 9603955000.0,
      "Net Income From Continuing And Discontinued Operation": 9077000000.0,
      "Total Expenses": 48982000000.0,
      "Rent Expense Supplemental": null,
      "Diluted Average Shares": 1390000000.0,
      "Basic Average Shares": 1387000000.0,
      "Diluted EPS": 6.53,
      "Basic EPS": 6.54,
      "Diluted NI Availto Com Stockholders": 9077000000.0,
      "Net Income Common Stockholders": 9077000000.0,
      "Net Income": 9077000000.0,
      "Net Income Including Noncontrolling Interests": 9077000000.0,
      "Net Income Continuous Operations": 9077000000.0,
      "Tax Provision": 3239000000.0,
      "Pretax Income": 12316000000.0,
      "Other Income Expense": -703000000.0,
      "Other Non Operating Income Expenses": 12000000.0,
      "Special Income Charges": 102000000.0,
      "Gain On Sale Of Ppe": -45000000.0,
      "Gain On Sale Of Business": 50000000.0,
      "Other Special Charges": -147000000.0,
      "Restructuring And Mergern Acquisition": 0.0,
      "Gain On Sale Of Security": -817000000.0,
      "Net Non Operating Interest Income Expense": -906000000.0,
      "Interest Expense Non Operating": 906000000.0,
      "Interest Income Non Operating": 149000000.0,
      "Operating Income": 13925000000.0,
      "Operating Expense": 12949000000.0,
      "Other Operating Expenses": 2568000000.0,
      "Selling General And Administration": 10381000000.0,
      "Selling And Marketing Expense": 2344000000.0,
      "General And Administrative Expense": 8037000000.0,
      "Other Gand A": null,
      "Rent And Landing Fees": null,
      "Salaries And Wages": 8037000000.0,
      "Gross Profit": 26874000000.0,
      "Cost Of Revenue": 36033000000.0,
      "Total Revenue": 62907000000.0,
      "Operating Revenue": 62907000000.0
    },
    "2021-12-31T00:00:00": {
      "Tax Effect Of Unusual Items": 61335000.0,
      "Tax Rate For Calcs": 0.261,
      "Normalized EBITDA": 12146000000.0,
      "Total Unusual Items": 235000000.0,
      "Total Unusual Items Excluding Goodwill": 235000000.0,
      "Net Income From Continuing Operation Net Minority Interest": 4119000000.0,
      "Reconciled Depreciation": 5850000000.0,
      "Reconciled Cost Of Revenue": 21572000000.0,
      "EBITDA": 12381000000.0,
      "EBIT": 6531000000.0,
      "Net Interest Income": -961000000.0,
      "Interest Expense": 961000000.0,
      "Interest Income": 64000000.0,
      "Normalized Income": 3945335000.0,
      "Net Income From Continuing And Discontinued Operation": 4119000000.0,
      "Total Expenses": 32837000000.0,
      "Rent Expense Supplemental": 418000000.0,
      "Diluted Average Shares": 1489000000.0,
      "Basic Average Shares": 1488000000.0,
      "Diluted EPS": 2.77,
      "Basic EPS": 2.77,
      "Diluted NI Availto Com Stockholders": 4119000000.0,
      "Net Income Common Stockholders": 4119000000.0,
      "Net Income": 4119000000.0,
      "Net Income Including Noncontrolling Interests": 4119000000.0,
      "Net Income Continuous Operations": 4119000000.0,
      "Tax Provision": 1451000000.0,
      "Pretax Income": 5570000000.0,
      "Other Income Expense": 236000000.0,
      "Other Non Operating Income Expenses": 1000000.0,
      "Special Income Charges": 246000000.0,
      "Gain On Sale Of Ppe": 257000000.0,
      "Gain On Sale Of Business": null,
      "Other Special Charges": 11000000.0,
      "Restructuring And Mergern Acquisition": null,
      "Gain On Sale Of Security": -11000000.0,
      "Net Non Operating Interest Income Expense": -961000000.0,
      "Interest Expense Non Operating": 961000000.0,
      "Interest Income Non Operating": 64000000.0,
      "Operating Income": 6295000000.0,
      "Operating Expense": 11265000000.0,
      "Other Operating Expenses": 1874000000.0,
      "Selling General And Administration": 9391000000.0,
      "Selling And Marketing Expense": 1982000000.0,
      "General And Administrative Expense": 7409000000.0,
      "Other Gand A": 594000000.0,
      "Rent And Landing Fees": 418000000.0,
      "Salaries And Wages": 7409000000.0,
      "Gross Profit": 17560000000.0,
      "Cost Of Revenue": 21572000000.0,
      "Total Revenue": 39132000000.0,
      "Operating Revenue": 39132000000.0
    }
  },
  "quarterly_income": {
    "2025-12-31T00:00:00": {
      "Tax Effect Of Unusual Items": null,
      "Tax Rate For Calcs": null,
      "Normalized EBITDA": null,
      "Total Unusual Items": null,
      "Total Unusual Items Excluding Goodwill": null,
      "Net Income From Continuing Operation Net Minority Interest": null,
      "Reconciled Depreciation": null,
      "Reconciled Cost Of Revenue": null,
      "EBITDA": null,
      "EBIT": null,
      "Net Interest Income": null,
      "Interest Expense": null,
      "Interest Income": null,
      "Normalized Income": null,
      "Net Income From Continuing And Discontinued Operation": null,
      "Total Expenses": null,
      "Diluted Average Shares": 1201000000.0,
      "Basic Average Shares": 1200000000.0,
      "Diluted EPS": 1.23,
      "Basic EPS": 1.23,
      "Diluted NI Availto Com Stockholders": null,
      "Net Income Common Stockholders": null,
      "Net Income": null,
      "Net Income Including Noncontrolling Interests": null,
      "Net Income Continuous Operations": null,
      "Tax Provision": null,
      "Pretax Income": null,
      "Other Income Expense": null,
      "Special Income Charges": null,
      "Gain On Sale Of Ppe": null,
      "Other Special Charges": null,
      "Gain On Sale Of Security": null,
      "Net Non Operating Interest Income Expense": null,
      "Interest Expense Non Operating": null,
      "Interest Income Non Operating": null,
      "Operating Income": null,
      "Operating Expense": null,
      "Other Operating Expenses": null,
      "Selling General And Administration": null,
      "Selling And Marketing Expense": null,
      "General And Administrative Expense": null,
      "Salaries And Wages": null,
      "Gross Profit": null,
      "Cost Of Revenue": null,
      "Total Revenue": null,
      "Operating Revenue": null
    },
    "2025-09-30T00:00:00": {
      "Tax Effect Of Unusual Items": -1350000.0,
      "Tax Rate For Calcs": 0.27,
      "Normalized EBITDA": 4148000000.0,
      "Total Unusual Items": -5000000.0,
      "Total Unusual Items Excluding Goodwill": -5000000.0,
      "Net Income From Continuing Operation Net Minority Interest": 1619000000.0,
      "Reconciled Depreciation": 1731000000.0,
      "Reconciled Cost Of Revenue": 7215000000.0,
      "EBITDA": 4143000000.0,
      "EBIT": 2412000000.0,
      "Net Interest Income": -194000000.0,
      "Interest Expense": 195000000.0,
      "Interest Income": 1000000.0,
      "Normalized Income": 1622650000.0,
      "Net Income From Continuing And Discontinued Operation": 1619000000.0,
      "Total Expenses": 11149000000.0,
      "Diluted Average Shares": null,
      "Basic Average Shares": null,
      "Diluted EPS": null,
      "Basic EPS": null,
      "Diluted NI Availto Com Stockholders": 1619000000.0,
      "Net Income Common Stockholders": 1619000000.0,
      "Net Income": 1619000000.0,
      "Net Income Including Noncontrolling Interests": 1619000000.0,
      "Net Income Continuous Operations": 1619000000.0,
      "Tax Provision": 598000000.0,
      "Pretax Income": 2217000000.0,
      "Other Income Expense": -5000000.0,
      "Special Income Charges": 49000000.0,
      "Gain On Sale Of Ppe": 17000000.0,
      "Other Special Charges": -32000000.0,
      "Gain On Sale Of Security": -54000000.0,
      "Net Non Operating Interest Income Expense": -194000000.0,
      "Interest Expense Non Operating": 195000000.0,
      "Interest Income Non Operating": 1000000.0,
      "Operating Income": 2416000000.0,
      "Operating Expense": 3934000000.0,
      "Other Operating Expenses": 3421000000.0,
      "Selling General And Administration": 513000000.0,
      "Selling And Marketing Expense": 513000000.0,
      "General And Administrative Expense": null,
      "Salaries And Wages": null,
      "Gross Profit": 6350000000.0,
      "Cost Of Revenue": 7215000000.0,
      "Total Revenue": 13565000000.0,
      "Operating Revenue": 13565000000.0
    },
    "2025-06-30T00:00:00": {
      "Tax Effect Of Unusual Items": 46189000.0,
      "Tax Rate For Calcs": 0.209,
      "Normalized EBITDA": 3090000000.0,
      "Total Unusual Items": 221000000.0,
      "Total Unusual Items Excluding Goodwill": 221000000.0,
      "Net Income From Continuing Operation Net Minority Interest": 1134000000.0,
      "Reconciled Depreciation": 1709000000.0,
      "Reconciled Cost Of Revenue": 7568000000.0,
      "EBITDA": 3311000000.0,
      "EBIT": 1602000000.0,
      "Net Interest Income": -168000000.0,
      "Interest Expense": 168000000.0,
      "Interest Income": null,
      "Normalized Income": 959189000.0,
      "Net Income From Continuing And Discontinued Operation": 1134000000.0,
      "Total Expenses": 11368000000.0,
      "Diluted Average Shares": 1226000000.0,
      "Basic Average Shares": 1225000000.0,
      "Diluted EPS": 0.93,
      "Basic EPS": 0.93,
      "Diluted NI Availto Com Stockholders": 1134000000.0,
      "Net Income Common Stockholders": 1134000000.0,
      "Net Income": 1134000000.0,
      "Net Income Including Noncontrolling Interests": 1134000000.0,
      "Net Income Continuous Operations": 1134000000.0,
      "Tax Provision": 300000000.0,
      "Pretax Income": 1434000000.0,
      "Other Income Expense": 221000000.0,
      "Special Income Charges": 7000000.0,
      "Gain On Sale Of Ppe": 0.0,
      "Other Special Charges": -7000000.0,
      "Gain On Sale Of Security": 214000000.0,
      "Net Non Operating Interest Income Expense": -168000000.0,
      "Interest Expense Non Operating": 168000000.0,
      "Interest Income Non Operating": null,
      "Operating Income": 1381000000.0,
      "Operating Expense": 3800000000.0,
      "Other Operating Expenses": 3291000000.0,
      "Selling General And Administration": 509000000.0,
      "Selling And Marketing Expense": 489000000.0,
      "General And Administrative Expense": 20000000.0,
      "Salaries And Wages": 20000000.0,
      "Gross Profit": 5181000000.0,
      "Cost Of Revenue": 7568000000.0,
      "Total Revenue": 12749000000.0,
      "Operating Revenue": 12749000000.0
    },
    "2025-03-31T00:00:00": {
      "Tax Effect Of Unusual Items": 29868000.0,
      "Tax Rate For Calcs": 0.262,
      "Normalized EBITDA": 4014000000.0,
      "Total Unusual Items": 114000000.0,
      "Total Unusual Items Excluding Goodwill": 114000000.0,
      "Net Income From Continuing Operation Net Minority Interest": 1689000000.0,
      "Reconciled Depreciation": 1663000000.0,
      "Reconciled Cost Of Revenue": 6970000000.0,
      "EBITDA": 4128000000.0,
      "EBIT": 2465000000.0,
      "Net Interest Income": -174000000.0,
      "Interest Expense": 175000000.0,
      "Interest Income": 1000000.0,
      "Normalized Income": 1604868000.0,
      "Net Income From Continuing And Discontinued Operation": 1689000000.0,
      "Total Expenses": 10980000000.0,
      "Diluted Average Shares": 1240000000.0,
      "Basic Average Shares": 1239000000.0,
      "Diluted EPS": 1.36,
      "Basic EPS": 1.36,
      "Diluted NI Availto Com Stockholders": 1689000000.0,
      "Net Income Common Stockholders": 1689000000.0,
      "Net Income": 1689000000.0,
      "Net Income Including Noncontrolling Interests": 1689000000.0,
      "Net Income Continuous Operations": 1689000000.0,
      "Tax Provision": 601000000.0,
      "Pretax Income": 2290000000.0,
      "Other Income Expense": 114000000.0,
      "Special Income Charges": 5000000.0,
      "Gain On Sale Of Ppe": 0.0,
      "Other Special Charges": -5000000.0,
      "Gain On Sale Of Security": 109000000.0,
      "Net Non Operating Interest Income Expense": -174000000.0,
      "Interest Expense Non Operating": 175000000.0,
      "Interest Income Non Operating": 1000000.0,
      "Operating Income": 2350000000.0,
      "Operating Expense": 4010000000.0,
      "Other Operating Expenses": 3562000000.0,
      "Selling General And Administration": 448000000.0,
      "Selling And Marketing Expense": 448000000.0,
      "General And Administrative Expense": null,
      "Salaries And Wages": null,
      "Gross Profit": 6360000000.0,
      "Cost Of Revenue": 6970000000.0,
      "Total Revenue": 13330000000.0,
      "Operating Revenue": 13330000000.0
    },
    "2024-12-31T00:00:00": {
      "Tax Effect Of Unusual Items": -133255045.87156,
      "Tax Rate For Calcs": 0.249541,
      "Normalized EBITDA": 3656000000.0,
      "Total Unusual Items": -534000000.0,
      "Total Unusual Items Excluding Goodwill": -534000000.0,
      "Net Income From Continuing Operation Net Minority Interest": 818000000.0,
      "Reconciled Depreciation": 1851000000.0,
      "Reconciled Cost Of Revenue": 10017000000.0,
      "EBITDA": 3122000000.0,
      "EBIT": 1271000000.0,
      "Net Interest Income": -181000000.0,
      "Interest Expense": 181000000.0,
      "Interest Income": null,
      "Normalized Income": 1218744954.12844,
      "Net Income From Continuing And Discontinued Operation": 818000000.0,
      "Total Expenses": 11852000000.0,
      "Diluted Average Shares": 1256000000.0,
      "Basic Average Shares": 1255000000.0,
      "Diluted EPS": 0.65,
      "Basic EPS": 0.65,
      "Diluted NI Availto Com Stockholders": 818000000.0,
      "Net Income Common Stockholders": 818000000.0,
      "Net Income": 818000000.0,
      "Net Income Including Noncontrolling Interests": 818000000.0,
      "Net Income Continuous Operations": 818000000.0,
      "Tax Provision": 272000000.0,
      "Pretax Income": 1090000000.0,
      "Other Income Expense": -534000000.0,
      "Special Income Charges": -78000000.0,
      "Gain On Sale Of Ppe": 12000000.0,
      "Other Special Charges": 90000000.0,
      "Gain On Sale Of Security": -456000000.0,
      "Net Non Operating Interest Income Expense": -181000000.0,
      "Interest Expense Non Operating": 181000000.0,
      "Interest Income Non Operating": null,
      "Operating Income": 1805000000.0,
      "Operating Expense": 1835000000.0,
      "Other Operating Expenses": -7912000000.0,
      "Selling General And Administration": 9747000000.0,
      "Selling And Marketing Expense": 926000000.0,
      "General And Administrative Expense": null,
      "Salaries And Wages": null,
      "Gross Profit": 3640000000.0,
      "Cost Of Revenue": 10017000000.0,
      "Total Revenue": 13657000000.0,
      "Operating Revenue": 13657000000.0
    },
    "2024-09-30T00:00:00": {
      "Tax Effect Of Unusual Items": 59500000.0,
      "Tax Rate For Calcs": 0.25,
      "Normalized EBITDA": 4392000000.0,
      "Total Unusual Items": 238000000.0,
      "Total Unusual Items Excluding Goodwill": 238000000.0,
      "Net Income From Continuing Operation Net Minority Interest": 2020000000.0,
      "Reconciled Depreciation": 1791000000.0,
      "Reconciled Cost Of Revenue": 7607000000.0,
      "EBITDA": 4630000000.0,
      "EBIT": 2839000000.0,
      "Net Interest Income": -145000000.0,
      "Interest Expense": 145000000.0,
      "Interest Income": 111000000.0,
      "Normalized Income": 1841500000.0,
      "Net Income From Continuing And Discontinued Operation": 2020000000.0,
      "Total Expenses": 11304000000.0,
      "Diluted Average Shares": 1271000000.0,
      "Basic Average Shares": 1269000000.0,
      "Diluted EPS": 1.59,
      "Basic EPS": 1.59,
      "Diluted NI Availto Com Stockholders": 2020000000.0,
      "Net Income Common Stockholders": 2020000000.0,
      "Net Income": 2020000000.0,
      "Net Income Including Noncontrolling Interests": 2020000000.0,
      "Net Income Continuous Operations": 2020000000.0,
      "Tax Provision": 674000000.0,
      "Pretax Income": 2694000000.0,
      "Other Income Expense": 238000000.0,
      "Special Income Charges": -20000000.0,
      "Gain On Sale Of Ppe": 11000000.0,
      "Other Special Charges": 31000000.0,
      "Gain On Sale Of Security": 258000000.0,
      "Net Non Operating Interest Income Expense": -145000000.0,
      "Interest Expense Non Operating": 145000000.0,
      "Interest Income Non Operating": 111000000.0,
      "Operating Income": 2601000000.0,
      "Operating Expense": 3697000000.0,
      "Other Operating Expenses": 3213000000.0,
      "Selling General And Administration": 484000000.0,
      "Selling And Marketing Expense": 484000000.0,
      "General And Administrative Expense": null,
      "Salaries And Wages": null,
      "Gross Profit": 6298000000.0,
      "Cost Of Revenue": 7607000000.0,
      "Total Revenue": 13905000000.0,
      "Operating Revenue": 13905000000.0
    },
    "2024-06-30T00:00:00": {
      "Tax Effect Of Unusual Items": null,
      "Tax Rate For Calcs": null,
      "Normalized EBITDA": null,
      "Total Unusual Items": null,
      "Total Unusual Items Excluding Goodwill": null,
      "Net Income From Continuing Operation Net Minority Interest": null,
      "Reconciled Depreciation": null,
      "Reconciled Cost Of Revenue": null,
      "EBITDA": null,
      "EBIT": null,
      "Net Interest Income": null,
      "Interest Expense": null,
      "Interest Income": 68000000.0,
      "Normalized Income": null,
      "Net Income From Continuing And Discontinued Operation": null,
      "Total Expenses": null,
      "Diluted Average Shares": null,
      "Basic Average Shares": null,
      "Diluted EPS": null,
      "Basic EPS": null,
      "Diluted NI Availto Com Stockholders": null,
      "Net Income Common Stockholders": null,
      "Net Income": null,
      "Net Income Including Noncontrolling Interests": null,
      "Net Income Continuous Operations": null,
      "Tax Provision": null,
      "Pretax Income": null,
      "Other Income Expense": null,
      "Special Income Charges": null,
      "Gain On Sale Of Ppe": null,
      "Other Special Charges": null,
      "Gain On Sale Of Security": null,
      "Net Non Operating Interest Income Expense": null,
      "Interest Expense Non Operating": null,
      "Interest Income Non Operating": 68000000.0,
      "Operating Income": null,
      "Operating Expense": null,
      "Other Operating Expenses": null,
      "Selling General And Administration": null,
      "Selling And Marketing Expense": null,
      "General And Administrative Expense": 128000000.0,
      "Salaries And Wages": 128000000.0,
      "Gross Profit": null,
      "Cost Of Revenue": null,
      "Total Revenue": null,
      "Operating Revenue": null
    }
  },
  "balance_sheet": {
    "2024-12-31T00:00:00": {
      "Treasury Shares Number": null,
      "Ordinary Shares Number": 1244331601.0,
      "Share Issued": 1244331601.0,
      "Net Debt": 6861000000.0,
      "Total Debt": 14689000000.0,
      "Tangible Book Value": 41011000000.0,
      "Invested Capital": 54859000000.0,
      "Working Capital": 3541000000.0,
      "Net Tangible Assets": 41011000000.0,
      "Capital Lease Obligations": 4344000000.0,
      "Common Stock Equity": 44514000000.0,
      "Total Capitalization": 53862000000.0,
      "Total Equity Gross Minority Interest": 44514000000.0,
      "Stockholders Equity": 44514000000.0,
      "Gains Losses Not Affecting Retained Earnings": 1201000000.0,
      "Other Equity Adjustments": 1201000000.0,
      "Retained Earnings": 21672000000.0,
      "Additional Paid In Capital": 520000000.0,
      "Capital Stock": 21121000000.0,
      "Common Stock": 21121000000.0,
      "Total Liabilities Net Minority Interest": 45270000000.0,
      "Total Non Current Liabilities Net Minority Interest": 34523000000.0,
      "Other Non Current Liabilities": 652000000.0,
      "Employee Benefits": 842000000.0,
      "Non Current Pension And Other Postretirement Benefit Plans": 508000000.0,
      "Non Current Deferred Liabilities": 8005000000.0,
      "Non Current Deferred Revenue": 8000000.0,
      "Non Current Deferred Taxes Liabilities": 7997000000.0,
      "Long Term Debt And Capital Lease Obligation": 13093000000.0,
      "Long Term Capital Lease Obligation": 3745000000.0,
      "Long Term Debt": 9348000000.0,
      "Long Term Provisions": 11931000000.0,
      "Current Liabilities": 10747000000.0,
      "Other Current Liabilities": null,
      "Current Debt And Capital Lease Obligation": 1596000000.0,
      "Current Capital Lease Obligation": 599000000.0,
      "Current Debt": 997000000.0,
      "Other Current Borrowings": 997000000.0,
      "Commercial Paper": 0.0,
      "Current Provisions": 958000000.0,
      "Payables And Accrued Expenses": 8193000000.0,
      "Payables": 8193000000.0,
      "Total Tax Payable": 32000000.0,
      "Income Tax Payable": 32000000.0,
      "Accounts Payable": 8161000000.0,
      "Total Assets": 89784000000.0,
      "Total Non Current Assets": 75496000000.0,
      "Other Non Current Assets": 358000000.0,
      "Defined Pension Benefit": 617000000.0,
      "Non Current Prepaid Assets": 171000000.0,
      "Non Current Deferred Assets": 180000000.0,
      "Non Current Deferred Taxes Assets": 180000000.0,
      "Investments And Advances": 413000000.0,
      "Goodwill And Other Intangible Assets": 3503000000.0,
      "Other Intangible Assets": 611000000.0,
      "Goodwill": 2892000000.0,
      "Net PPE": 70254000000.0,
      "Accumulated Depreciation": -65075000000.0,
      "Gross PPE": 135329000000.0,
      "Machinery Furniture Equipment": 91191000000.0,
      "Current Assets": 14288000000.0,
      "Assets Held For Sale Current": null,
      "Inventory": 5041000000.0,
      "Inventories Adjustments Allowances": null,
      "Finished Goods": 3999000000.0,
      "Raw Materials": 1042000000.0,
      "Receivables": 5763000000.0,
      "Taxes Receivable": 518000000.0,
      "Accounts Receivable": 5245000000.0,
      "Cash Cash Equivalents And Short Term Investments": 3484000000.0,
      "Cash And Cash Equivalents": 3484000000.0,
      "Cash Equivalents": 343000000.0,
      "Cash Financial": 3141000000.0
    },
    "2023-12-31T00:00:00": {
      "Treasury Shares Number": 0.0,
      "Ordinary Shares Number": 1290099792.0,
      "Share Issued": 1290099792.0,
      "Net Debt": 9852000000.0,
      "Total Debt": 15407000000.0,
      "Tangible Book Value": 39751000000.0,
      "Invested Capital": 54860000000.0,
      "Working Capital": 4212000000.0,
      "Net Tangible Assets": 39751000000.0,
      "Capital Lease Obligations": 3826000000.0,
      "Common Stock Equity": 43279000000.0,
      "Total Capitalization": 54366000000.0,
      "Total Equity Gross Minority Interest": 43279000000.0,
      "Stockholders Equity": 43279000000.0,
      "Gains Losses Not Affecting Retained Earnings": 1048000000.0,
      "Other Equity Adjustments": 1048000000.0,
      "Retained Earnings": 20001000000.0,
      "Additional Paid In Capital": 569000000.0,
      "Capital Stock": 21661000000.0,
      "Common Stock": 21661000000.0,
      "Total Liabilities Net Minority Interest": 45260000000.0,
      "Total Non Current Liabilities Net Minority Interest": 35663000000.0,
      "Other Non Current Liabilities": 538000000.0,
      "Employee Benefits": 937000000.0,
      "Non Current Pension And Other Postretirement Benefit Plans": 598000000.0,
      "Non Current Deferred Liabilities": 8013000000.0,
      "Non Current Deferred Revenue": 13000000.0,
      "Non Current Deferred Taxes Liabilities": 8000000000.0,
      "Long Term Debt And Capital Lease Obligation": 14565000000.0,
      "Long Term Capital Lease Obligation": 3478000000.0,
      "Long Term Debt": 11087000000.0,
      "Long Term Provisions": 11610000000.0,
      "Current Liabilities": 9597000000.0,
      "Other Current Liabilities": null,
      "Current Debt And Capital Lease Obligation": 842000000.0,
      "Current Capital Lease Obligation": 348000000.0,
      "Current Debt": 494000000.0,
      "Other Current Borrowings": null,
      "Commercial Paper": 494000000.0,
      "Current Provisions": 983000000.0,
      "Payables And Accrued Expenses": 7772000000.0,
      "Payables": 7772000000.0,
      "Total Tax Payable": 41000000.0,
      "Income Tax Payable": 41000000.0,
      "Accounts Payable": 7731000000.0,
      "Total Assets": 88539000000.0,
      "Total Non Current Assets": 74730000000.0,
      "Other Non Current Assets": 352000000.0,
      "Defined Pension Benefit": 207000000.0,
      "Non Current Prepaid Assets": 661000000.0,
      "Non Current Deferred Assets": 84000000.0,
      "Non Current Deferred Taxes Assets": 84000000.0,
      "Investments And Advances": 490000000.0,
      "Goodwill And Other Intangible Assets": 3528000000.0,
      "Other Intangible Assets": 636000000.0,
      "Goodwill": 2892000000.0,
      "Net PPE": 69408000000.0,
      "Accumulated Depreciation": -57932000000.0,
      "Gross PPE": 127340000000.0,
      "Machinery Furniture Equipment": 84481000000.0,
      "Current Assets": 13809000000.0,
      "Assets Held For Sale Current": 0.0,
      "Inventory": 5365000000.0,
      "Inventories Adjustments Allowances": 0.0,
      "Finished Goods": 4371000000.0,
      "Raw Materials": 994000000.0,
      "Receivables": 6715000000.0,
      "Taxes Receivable": 980000000.0,
      "Accounts Receivable": 5735000000.0,
      "Cash Cash Equivalents And Short Term Investments": 1729000000.0,
      "Cash And Cash Equivalents": 1729000000.0,
      "Cash Equivalents": 12000000.0,
      "Cash Financial": 1717000000.0
    },
    "2022-12-31T00:00:00": {
      "Treasury Shares Number": null,
      "Ordinary Shares Number": 1337470739.0,
      "Share Issued": 1337470739.0,
      "Net Debt": 10627000000.0,
      "Total Debt": 15619000000.0,
      "Tangible Book Value": 35781000000.0,
      "Invested Capital": 51974000000.0,
      "Working Capital": 1667000000.0,
      "Net Tangible Assets": 35781000000.0,
      "Capital Lease Obligations": 3012000000.0,
      "Common Stock Equity": 39367000000.0,
      "Total Capitalization": 49167000000.0,
      "Total Equity Gross Minority Interest": 39367000000.0,
      "Stockholders Equity": 39367000000.0,
      "Gains Losses Not Affecting Retained Earnings": 974000000.0,
      "Other Equity Adjustments": 974000000.0,
      "Retained Earnings": 15565000000.0,
      "Additional Paid In Capital": 571000000.0,
      "Capital Stock": 22257000000.0,
      "Common Stock": 22257000000.0,
      "Total Liabilities Net Minority Interest": 45251000000.0,
      "Total Non Current Liabilities Net Minority Interest": 32382000000.0,
      "Other Non Current Liabilities": 587000000.0,
      "Employee Benefits": 1033000000.0,
      "Non Current Pension And Other Postretirement Benefit Plans": 564000000.0,
      "Non Current Deferred Liabilities": 8467000000.0,
      "Non Current Deferred Revenue": 22000000.0,
      "Non Current Deferred Taxes Liabilities": 8445000000.0,
      "Long Term Debt And Capital Lease Obligation": 12495000000.0,
      "Long Term Capital Lease Obligation": 2695000000.0,
      "Long Term Debt": 9800000000.0,
      "Long Term Provisions": 9800000000.0,
      "Current Liabilities": 12869000000.0,
      "Other Current Liabilities": 530000000.0,
      "Current Debt And Capital Lease Obligation": 3124000000.0,
      "Current Capital Lease Obligation": 317000000.0,
      "Current Debt": 2807000000.0,
      "Other Current Borrowings": null,
      "Commercial Paper": 2807000000.0,
      "Current Provisions": 564000000.0,
      "Payables And Accrued Expenses": 8651000000.0,
      "Payables": 8651000000.0,
      "Total Tax Payable": 484000000.0,
      "Income Tax Payable": 484000000.0,
      "Accounts Payable": 8167000000.0,
      "Total Assets": 84618000000.0,
      "Total Non Current Assets": 70082000000.0,
      "Other Non Current Assets": 767000000.0,
      "Defined Pension Benefit": 212000000.0,
      "Non Current Prepaid Assets": 481000000.0,
      "Non Current Deferred Assets": 81000000.0,
      "Non Current Deferred Taxes Assets": 81000000.0,
      "Investments And Advances": 306000000.0,
      "Goodwill And Other Intangible Assets": 3586000000.0,
      "Other Intangible Assets": 694000000.0,
      "Goodwill": 2892000000.0,
      "Net PPE": 64649000000.0,
      "Accumulated Depreciation": -64555000000.0,
      "Gross PPE": 129204000000.0,
      "Machinery Furniture Equipment": 88434000000.0,
      "Current Assets": 14536000000.0,
      "Assets Held For Sale Current": 1172000000.0,
      "Inventory": 5072000000.0,
      "Inventories Adjustments Allowances": -14000000.0,
      "Finished Goods": 4238000000.0,
      "Raw Materials": 834000000.0,
      "Receivables": 6312000000.0,
      "Taxes Receivable": 244000000.0,
      "Accounts Receivable": 6068000000.0,
      "Cash Cash Equivalents And Short Term Investments": 1980000000.0,
      "Cash And Cash Equivalents": 1980000000.0,
      "Cash Equivalents": 198000000.0,
      "Cash Financial": 1782000000.0
    },
    "2021-12-31T00:00:00": {
      "Treasury Shares Number": null,
      "Ordinary Shares Number": 1441250800.0,
      "Share Issued": 1441250800.0,
      "Net Debt": 13299000000.0,
      "Total Debt": 18354000000.0,
      "Tangible Book Value": 33091000000.0,
      "Invested Capital": 52118000000.0,
      "Working Capital": 578000000.0,
      "Net Tangible Assets": 33091000000.0,
      "Capital Lease Obligations": 2850000000.0,
      "Common Stock Equity": 36614000000.0,
      "Total Capitalization": 50603000000.0,
      "Total Equity Gross Minority Interest": 36614000000.0,
      "Stockholders Equity": 36614000000.0,
      "Gains Losses Not Affecting Retained Earnings": 814000000.0,
      "Other Equity Adjustments": 814000000.0,
      "Retained Earnings": 11538000000.0,
      "Additional Paid In Capital": 612000000.0,
      "Capital Stock": 23650000000.0,
      "Common Stock": 23650000000.0,
      "Total Liabilities Net Minority Interest": 47125000000.0,
      "Total Non Current Liabilities Net Minority Interest": 36726000000.0,
      "Other Non Current Liabilities": 653000000.0,
      "Employee Benefits": 1498000000.0,
      "Non Current Pension And Other Postretirement Benefit Plans": 1207000000.0,
      "Non Current Deferred Liabilities": 9270000000.0,
      "Non Current Deferred Revenue": 29000000.0,
      "Non Current Deferred Taxes Liabilities": 9241000000.0,
      "Long Term Debt And Capital Lease Obligation": 16529000000.0,
      "Long Term Capital Lease Obligation": 2540000000.0,
      "Long Term Debt": 13989000000.0,
      "Long Term Provisions": 8776000000.0,
      "Current Liabilities": 10399000000.0,
      "Other Current Liabilities": null,
      "Current Debt And Capital Lease Obligation": 1825000000.0,
      "Current Capital Lease Obligation": 310000000.0,
      "Current Debt": 1515000000.0,
      "Other Current Borrowings": 231000000.0,
      "Commercial Paper": 1284000000.0,
      "Current Provisions": 779000000.0,
      "Payables And Accrued Expenses": 7795000000.0,
      "Payables": 7795000000.0,
      "Total Tax Payable": 1292000000.0,
      "Income Tax Payable": 1292000000.0,
      "Accounts Payable": 6503000000.0,
      "Total Assets": 83739000000.0,
      "Total Non Current Assets": 72762000000.0,
      "Other Non Current Assets": 916000000.0,
      "Defined Pension Benefit": 0.0,
      "Non Current Prepaid Assets": 916000000.0,
      "Non Current Deferred Assets": 160000000.0,
      "Non Current Deferred Taxes Assets": 160000000.0,
      "Investments And Advances": 391000000.0,
      "Goodwill And Other Intangible Assets": 3523000000.0,
      "Other Intangible Assets": 631000000.0,
      "Goodwill": 2892000000.0,
      "Net PPE": 67772000000.0,
      "Accumulated Depreciation": -61013000000.0,
      "Gross PPE": 128785000000.0,
      "Machinery Furniture Equipment": 85329000000.0,
      "Current Assets": 10977000000.0,
      "Assets Held For Sale Current": 0.0,
      "Inventory": 4110000000.0,
      "Inventories Adjustments Allowances": 0.0,
      "Finished Goods": 3321000000.0,
      "Raw Materials": 789000000.0,
      "Receivables": 4662000000.0,
      "Taxes Receivable": 128000000.0,
      "Accounts Receivable": 4534000000.0,
      "Cash Cash Equivalents And Short Term Investments": 2205000000.0,
      "Cash And Cash Equivalents": 2205000000.0,
      "Cash Equivalents": 234000000.0,
      "Cash Financial": 1971000000.0
    }
  },
  "cashflow": {
    "2024-12-31T00:00:00": {
      "Free Cash Flow": 9477000000.0,
      "Repurchase Of Capital Stock": -2908000000.0,
      "Repayment Of Debt": -2540000000.0,
      "Issuance Of Debt": 0.0,
      "Capital Expenditure": -6483000000.0,
      "Interest Paid Supplemental Data": 914000000.0,
      "Income Tax Paid Supplemental Data": 1751000000.0,
      "End Cash Position": 3484000000.0,
      "Beginning Cash Position": 1729000000.0,
      "Effect Of Exchange Rate Changes": 149000000.0,
      "Changes In Cash": 1606000000.0,
      "Financing Cash Flow": -7882000000.0,
      "Cash Flow From Continuing Financing Activities": -7882000000.0,
      "Net Other Financing Charges": -16000000.0,
      "Proceeds From Stock Option Exercised": 385000000.0,
      "Cash Dividends Paid": -2803000000.0,
      "Common Stock Dividend Paid": -2803000000.0,
      "Net Common Stock Issuance": -2908000000.0,
      "Common Stock Payments": -2908000000.0,
      "Net Issuance Payments Of Debt": -2540000000.0,
      "Net Short Term Debt Issuance": -503000000.0,
      "Short Term Debt Payments": -503000000.0,
      "Net Long Term Debt Issuance": -2037000000.0,
      "Long Term Debt Payments": -2037000000.0,
      "Long Term Debt Issuance": 0.0,
      "Investing Cash Flow": -6472000000.0,
      "Cash Flow From Continuing Investing Activities": -6472000000.0,
      "Net Other Investing Changes": 63000000.0,
      "Net Investment Purchase And Sale": -52000000.0,
      "Purchase Of Investment": null,
      "Net Business Purchase And Sale": 0.0,
      "Purchase Of Business": 0.0,
      "Capital Expenditure Reported": -6483000000.0,
      "Operating Cash Flow": 15960000000.0,
      "Cash Flow From Continuing Operating Activities": 15960000000.0,
      "Change In Working Capital": 2114000000.0,
      "Other Non Cash Items": 490000000.0,
      "Stock Based Compensation": -57000000.0,
      "Unrealized Gain Loss On Investment Securities": -122000000.0,
      "Deferred Tax": -294000000.0,
      "Deferred Income Tax": -294000000.0,
      "Depreciation Amortization Depletion": 6954000000.0,
      "Depreciation And Amortization": 6954000000.0,
      "Depreciation": 6954000000.0,
      "Operating Gains Losses": 859000000.0,
      "Net Foreign Currency Exchange Gain Loss": 714000000.0,
      "Net Income From Continuing Operations": 6016000000.0
    },
    "2023-12-31T00:00:00": {
      "Free Cash Flow": 6408000000.0,
      "Repurchase Of Capital Stock": -2233000000.0,
      "Repayment Of Debt": -2679000000.0,
      "Issuance Of Debt": 1500000000.0,
      "Capital Expenditure": -5936000000.0,
      "Interest Paid Supplemental Data": 887000000.0,
      "Income Tax Paid Supplemental Data": 2604000000.0,
      "End Cash Position": 1729000000.0,
      "Beginning Cash Position": 1980000000.0,
      "Effect Of Exchange Rate Changes": -94000000.0,
      "Changes In Cash": -157000000.0,
      "Financing Cash Flow": -5990000000.0,
      "Cash Flow From Continuing Financing Activities": -5990000000.0,
      "Net Other Financing Charges": -16000000.0,
      "Proceeds From Stock Option Exercised": 187000000.0,
      "Cash Dividends Paid": -2749000000.0,
      "Common Stock Dividend Paid": -2749000000.0,
      "Net Common Stock Issuance": -2233000000.0,
      "Common Stock Payments": -2233000000.0,
      "Net Issuance Payments Of Debt": -1179000000.0,
      "Net Short Term Debt Issuance": -2343000000.0,
      "Short Term Debt Payments": -2343000000.0,
      "Net Long Term Debt Issuance": 1164000000.0,
      "Long Term Debt Payments": -336000000.0,
      "Long Term Debt Issuance": 1500000000.0,
      "Investing Cash Flow": -6511000000.0,
      "Cash Flow From Continuing Investing Activities": -6511000000.0,
      "Net Other Investing Changes": 1902000000.0,
      "Net Investment Purchase And Sale": -83000000.0,
      "Purchase Of Investment": null,
      "Net Business Purchase And Sale": -2394000000.0,
      "Purchase Of Business": -2394000000.0,
      "Capital Expenditure Reported": -5936000000.0,
      "Operating Cash Flow": 12344000000.0,
      "Cash Flow From Continuing Operating Activities": 12344000000.0,
      "Change In Working Capital": -981000000.0,
      "Other Non Cash Items": -892000000.0,
      "Stock Based Compensation": 108000000.0,
      "Unrealized Gain Loss On Investment Securities": -5000000.0,
      "Deferred Tax": 560000000.0,
      "Deferred Income Tax": 560000000.0,
      "Depreciation Amortization Depletion": 6435000000.0,
      "Depreciation And Amortization": 6435000000.0,
      "Depreciation": 6435000000.0,
      "Operating Gains Losses": -1176000000.0,
      "Net Foreign Currency Exchange Gain Loss": -184000000.0,
      "Net Income From Continuing Operations": 8295000000.0
    },
    "2022-12-31T00:00:00": {
      "Free Cash Flow": 10560000000.0,
      "Repurchase Of Capital Stock": -5135000000.0,
      "Repayment Of Debt": -5457000000.0,
      "Issuance Of Debt": 0.0,
      "Capital Expenditure": -5120000000.0,
      "Interest Paid Supplemental Data": 973000000.0,
      "Income Tax Paid Supplemental Data": 4737000000.0,
      "End Cash Position": 1980000000.0,
      "Beginning Cash Position": 2205000000.0,
      "Effect Of Exchange Rate Changes": 112000000.0,
      "Changes In Cash": -337000000.0,
      "Financing Cash Flow": -11228000000.0,
      "Cash Flow From Continuing Financing Activities": -11228000000.0,
      "Net Other Financing Charges": -9000000.0,
      "Proceeds From Stock Option Exercised": 496000000.0,
      "Cash Dividends Paid": -2596000000.0,
      "Common Stock Dividend Paid": -2596000000.0,
      "Net Common Stock Issuance": -5135000000.0,
      "Common Stock Payments": -5135000000.0,
      "Net Issuance Payments Of Debt": -3984000000.0,
      "Net Short Term Debt Issuance": 1473000000.0,
      "Short Term Debt Payments": null,
      "Net Long Term Debt Issuance": -5457000000.0,
      "Long Term Debt Payments": -5457000000.0,
      "Long Term Debt Issuance": 0.0,
      "Investing Cash Flow": -4789000000.0,
      "Cash Flow From Continuing Investing Activities": -4789000000.0,
      "Net Other Investing Changes": 367000000.0,
      "Net Investment Purchase And Sale": -36000000.0,
      "Purchase Of Investment": null,
      "Net Business Purchase And Sale": 0.0,
      "Purchase Of Business": 0.0,
      "Capital Expenditure Reported": -5120000000.0,
      "Operating Cash Flow": 15680000000.0,
      "Cash Flow From Continuing Operating Activities": 15680000000.0,
      "Change In Working Capital": -2421000000.0,
      "Other Non Cash Items": 132000000.0,
      "Stock Based Compensation": 328000000.0,
      "Unrealized Gain Loss On Investment Securities": -38000000.0,
      "Deferred Tax": -990000000.0,
      "Deferred Income Tax": -990000000.0,
      "Depreciation Amortization Depletion": 8786000000.0,
      "Depreciation And Amortization": 8786000000.0,
      "Depreciation": 8786000000.0,
      "Operating Gains Losses": 806000000.0,
      "Net Foreign Currency Exchange Gain Loss": 729000000.0,
      "Net Income From Continuing Operations": 9077000000.0
    },
    "2021-12-31T00:00:00": {
      "Free Cash Flow": 7209000000.0,
      "Repurchase Of Capital Stock": -2304000000.0,
      "Repayment Of Debt": -2776000000.0,
      "Issuance Of Debt": 1423000000.0,
      "Capital Expenditure": -4555000000.0,
      "Interest Paid Supplemental Data": 980000000.0,
      "Income Tax Paid Supplemental Data": null,
      "End Cash Position": 2205000000.0,
      "Beginning Cash Position": 1885000000.0,
      "Effect Of Exchange Rate Changes": -3000000.0,
      "Changes In Cash": 323000000.0,
      "Financing Cash Flow": -7464000000.0,
      "Cash Flow From Continuing Financing Activities": -7464000000.0,
      "Net Other Financing Charges": -9000000.0,
      "Proceeds From Stock Option Exercised": 8000000.0,
      "Cash Dividends Paid": -1550000000.0,
      "Common Stock Dividend Paid": -1550000000.0,
      "Net Common Stock Issuance": -2304000000.0,
      "Common Stock Payments": -2304000000.0,
      "Net Issuance Payments Of Debt": -3609000000.0,
      "Net Short Term Debt Issuance": -2256000000.0,
      "Short Term Debt Payments": null,
      "Net Long Term Debt Issuance": -1353000000.0,
      "Long Term Debt Payments": -2776000000.0,
      "Long Term Debt Issuance": 1423000000.0,
      "Investing Cash Flow": -3977000000.0,
      "Cash Flow From Continuing Investing Activities": -3977000000.0,
      "Net Other Investing Changes": 606000000.0,
      "Net Investment Purchase And Sale": -28000000.0,
      "Purchase Of Investment": -28000000.0,
      "Net Business Purchase And Sale": null,
      "Purchase Of Business": null,
      "Capital Expenditure Reported": -4555000000.0,
      "Operating Cash Flow": 11764000000.0,
      "Cash Flow From Continuing Operating Activities": 11764000000.0,
      "Change In Working Capital": 1507000000.0,
      "Other Non Cash Items": 330000000.0,
      "Stock Based Compensation": 205000000.0,
      "Unrealized Gain Loss On Investment Securities": -13000000.0,
      "Deferred Tax": 56000000.0,
      "Deferred Income Tax": 56000000.0,
      "Depreciation Amortization Depletion": 5850000000.0,
      "Depreciation And Amortization": 5850000000.0,
      "Depreciation": 5850000000.0,
      "Operating Gains Losses": -290000000.0,
      "Net Foreign Currency Exchange Gain Loss": -113000000.0,
      "Net Income From Continuing Operations": 4119000000.0
    }
  },
  "earnings_estimate": {
    "avg": {
      "0q": 0.91111,
      "+1q": 0.86998,
      "0y": 3.69358,
      "+1y": 4.55855
    },
    "low": {
      "0q": 0.83,
      "+1q": 0.74,
      "0y": 2.13,
      "+1y": 3.76
    },
    "high": {
      "0q": 1.14433,
      "+1q": 1.02,
      "0y": 4.41,
      "+1y": 6.11
    },
    "yearAgoEps": {
      "0q": 1.31,
      "+1q": 0.71,
      "0y": 4.61,
      "+1y": 3.69358
    },
    "numberOfAnalysts": {
      "0q": 8,
      "+1q": 7,
      "0y": 10,
      "+1y": 7
    },
    "growth": {
      "0q": -0.3045,
      "+1q": 0.22530001,
      "0y": -0.1988,
      "+1y": 0.2342
    }
  },
  "revenue_estimate": {
    "avg": {
      "0q": 12254558980,
      "+1q": 11690674270,
      "0y": 46985384160,
      "+1y": 46889789790
    },
    "low": {
      "0q": 11263676950,
      "+1q": 11237000000,
      "0y": 44223000000,
      "+1y": 41409511560
    },
    "high": {
      "0q": 13527000000,
      "+1q": 12364000000,
      "0y": 51525000000,
      "+1y": 48899000000
    },
    "numberOfAnalysts": {
      "0q": 3,
      "+1q": 3,
      "0y": 7,
      "+1y": 8
    },
    "yearAgoRevenue": {
      "0q": 12453000000,
      "+1q": 11894000000,
      "0y": 49310000000,
      "+1y": 46985384160
    },
    "growth": {
      "0q": -0.0159,
      "+1q": -0.0171,
      "0y": -0.0471,
      "+1y": -0.002
    }
  },
  "growth_estimates": {
    "stockTrend": {
      "0q": -0.3045,
      "+1q": 0.22530001,
      "0y": -0.1988,
      "+1y": 0.2342,
      "LTG": null
    },
    "indexTrend": {
      "0q": 0.1273,
      "+1q": 0.103599995,
      "0y": 0.14310001,
      "+1y": 0.1557,
      "LTG": 0.122
    }
  },
  "revenue_forecasts": null,
  "dividend_rate": 2.4,
  "trailing_dividend_rate": 2.31
}