{
  "ticker": "TD.TO",
  "name": "TD Bank",
  "country": "canada",
  "currency": "CAD",
  "last_fetched": "2026-02-26T20:51:11.856115",
  "market_cap": 227397320704,
  "revenue": 63270998016,
  "net_income": 19972999168,
  "pe_ratio": 11.728139,
  "forward_pe": 13.389889,
  "dividend_yield": 3.25,
  "profit_margin": 0.32459998,
  "roe": 0.16905001,
  "debt_to_equity": null,
  "beta": 0.881,
  "ev_to_ebitda": null,
  "sector": "Financial Services",
  "industry": "Banks - Diversified",
  "summary": "The Toronto-Dominion Bank, together with its subsidiaries, provides various financial products and services in Canada, the United States, and internationally. It operates through four segments: Canadian Personal and Commercial Banking; U.S. Retail; Wealth Management and Insurance; and Wholesale Banking. The company offers personal deposits, such as chequing, savings, and investment products; financing, investment, cash management, international trade, and banking services to businesses; and financing options to customers at point of sale for automotive and recreational vehicle purchases. It also provides credit cards and payments; real estate secured lending, auto finance, and consumer lending services; point-of-sale payment solutions for large and small businesses; wealth and asset management products, and advice to retail and institutional clients through direct investing, advice-based, and asset management businesses; and property and casualty insurance, as well as life and health insurance products. The company also provides capital markets, and corporate and investment banking products and services, including underwriting and distribution of new debt and equity issues; advice on strategic acquisitions and divestitures; and trading, funding, and investment services to corporations, governments, and institutions. The Toronto-Dominion Bank was founded in 1855 and is headquartered in Toronto, Canada.",
  "website": "https://www.td.com",
  "employees": 100000,
  "target_high": 147.0,
  "target_low": 115.0,
  "target_mean": 134.66667,
  "target_median": 136.0,
  "recommendation": "buy",
  "num_analysts": 15,
  "income_stmt": {
    "2025-10-31T00:00:00": {
      "Tax Effect Of Unusual Items": 732960000.0,
      "Tax Rate For Calcs": 0.144,
      "Total Unusual Items": 5090000000.0,
      "Total Unusual Items Excluding Goodwill": 5090000000.0,
      "Net Income From Continuing Operation Net Minority Interest": 20538000000.0,
      "Reconciled Depreciation": 2166000000.0,
      "Net Interest Income": 33062000000.0,
      "Interest Expense": 54559000000.0,
      "Interest Income": 87621000000.0,
      "Normalized Income": 16180960000.0,
      "Net Income From Continuing And Discontinued Operation": 20538000000.0,
      "Diluted Average Shares": 1728000000.0,
      "Basic Average Shares": 1726300000.0,
      "Diluted EPS": 11.56,
      "Basic EPS": 11.57,
      "Diluted NI Availto Com Stockholders": 19973000000.0,
      "Net Income Common Stockholders": 19973000000.0,
      "Preferred Stock Dividends": 565000000.0,
      "Net Income": 20538000000.0,
      "Minority Interests": null,
      "Net Income Including Noncontrolling Interests": 20538000000.0,
      "Net Income Continuous Operations": 20538000000.0,
      "Earnings From Equity Interest Net Of Tax": 305000000.0,
      "Tax Provision": 3410000000.0,
      "Pretax Income": 23643000000.0,
      "Special Income Charges": 5090000000.0,
      "Gain On Sale Of Business": 8975000000.0,
      "Other Special Charges": null,
      "Impairment Of Capital Assets": 29000000.0,
      "Restructuring And Mergern Acquisition": 3856000000.0,
      "Gain On Sale Of Security": -1000000.0,
      "Depreciation Amortization Depletion Income Statement": 780000000.0,
      "Depreciation And Amortization In Income Statement": 780000000.0,
      "Amortization": 780000000.0,
      "Amortization Of Intangibles Income Statement": 780000000.0,
      "Selling General And Administration": 25959000000.0,
      "Selling And Marketing Expense": 1643000000.0,
      "General And Administrative Expense": 24316000000.0,
      "Other Gand A": null,
      "Insurance And Claims": 6089000000.0,
      "Salaries And Wages": 18227000000.0,
      "Total Revenue": 61281000000.0,
      "Operating Revenue": 61281000000.0,
      "Occupancy And Equipment": 4833000000.0,
      "Professional Expense And Contract Services Expense": 4288000000.0,
      "Other Non Interest Expense": 2363000000.0
    },
    "2024-10-31T00:00:00": {
      "Tax Effect Of Unusual Items": -1389296000.0,
      "Tax Rate For Calcs": 0.248,
      "Total Unusual Items": -5602000000.0,
      "Total Unusual Items Excluding Goodwill": -5602000000.0,
      "Net Income From Continuing Operation Net Minority Interest": 8842000000.0,
      "Reconciled Depreciation": 2027000000.0,
      "Net Interest Income": 30472000000.0,
      "Interest Expense": 62917000000.0,
      "Interest Income": 93389000000.0,
      "Normalized Income": 13054704000.0,
      "Net Income From Continuing And Discontinued Operation": 8842000000.0,
      "Diluted Average Shares": 1760000000.0,
      "Basic Average Shares": 1758800000.0,
      "Diluted EPS": 4.72,
      "Basic EPS": 4.73,
      "Diluted NI Availto Com Stockholders": 8316000000.0,
      "Net Income Common Stockholders": 8316000000.0,
      "Preferred Stock Dividends": 526000000.0,
      "Net Income": 8842000000.0,
      "Minority Interests": null,
      "Net Income Including Noncontrolling Interests": 8842000000.0,
      "Net Income Continuous Operations": 8842000000.0,
      "Earnings From Equity Interest Net Of Tax": 703000000.0,
      "Tax Provision": 2691000000.0,
      "Pretax Income": 10830000000.0,
      "Special Income Charges": -5602000000.0,
      "Gain On Sale Of Business": 1022000000.0,
      "Other Special Charges": 4949000000.0,
      "Impairment Of Capital Assets": 19000000.0,
      "Restructuring And Mergern Acquisition": 1656000000.0,
      "Gain On Sale Of Security": 0.0,
      "Depreciation Amortization Depletion Income Statement": 702000000.0,
      "Depreciation And Amortization In Income Statement": 702000000.0,
      "Amortization": 702000000.0,
      "Amortization Of Intangibles Income Statement": 702000000.0,
      "Selling General And Administration": 24896000000.0,
      "Selling And Marketing Expense": 1516000000.0,
      "General And Administrative Expense": 23380000000.0,
      "Other Gand A": null,
      "Insurance And Claims": 6647000000.0,
      "Salaries And Wages": 16733000000.0,
      "Total Revenue": 56256000000.0,
      "Operating Revenue": 56256000000.0,
      "Occupancy And Equipment": 4614000000.0,
      "Professional Expense And Contract Services Expense": 3064000000.0,
      "Other Non Interest Expense": 2295000000.0
    },
    "2023-10-31T00:00:00": {
      "Tax Effect Of Unusual Items": -1097470000.0,
      "Tax Rate For Calcs": 0.242,
      "Total Unusual Items": -4535000000.0,
      "Total Unusual Items Excluding Goodwill": -4535000000.0,
      "Net Income From Continuing Operation Net Minority Interest": 10634000000.0,
      "Reconciled Depreciation": 1911000000.0,
      "Net Interest Income": 29944000000.0,
      "Interest Expense": 50730000000.0,
      "Interest Income": 80674000000.0,
      "Normalized Income": 14071530000.0,
      "Net Income From Continuing And Discontinued Operation": 10634000000.0,
      "Diluted Average Shares": 1824400000.0,
      "Basic Average Shares": 1822500000.0,
      "Diluted EPS": 5.52,
      "Basic EPS": 5.53,
      "Diluted NI Availto Com Stockholders": 10071000000.0,
      "Net Income Common Stockholders": 10071000000.0,
      "Preferred Stock Dividends": 563000000.0,
      "Net Income": 10634000000.0,
      "Minority Interests": null,
      "Net Income Including Noncontrolling Interests": 10634000000.0,
      "Net Income Continuous Operations": 10634000000.0,
      "Earnings From Equity Interest Net Of Tax": 864000000.0,
      "Tax Provision": 3118000000.0,
      "Pretax Income": 12888000000.0,
      "Special Income Charges": -4535000000.0,
      "Gain On Sale Of Business": 0.0,
      "Other Special Charges": 1642000000.0,
      "Impairment Of Capital Assets": 11000000.0,
      "Restructuring And Mergern Acquisition": 2882000000.0,
      "Gain On Sale Of Security": 0.0,
      "Depreciation Amortization Depletion Income Statement": 672000000.0,
      "Depreciation And Amortization In Income Statement": 672000000.0,
      "Amortization": 672000000.0,
      "Amortization Of Intangibles Income Statement": 672000000.0,
      "Selling General And Administration": 22219000000.0,
      "Selling And Marketing Expense": 1452000000.0,
      "General And Administrative Expense": 20767000000.0,
      "Other Gand A": null,
      "Insurance And Claims": 5014000000.0,
      "Salaries And Wages": 15753000000.0,
      "Total Revenue": 51524000000.0,
      "Operating Revenue": 51524000000.0,
      "Occupancy And Equipment": 4107000000.0,
      "Professional Expense And Contract Services Expense": 2493000000.0,
      "Other Non Interest Expense": 1677000000.0
    },
    "2022-10-31T00:00:00": {
      "Tax Effect Of Unusual Items": 513630000.0,
      "Tax Rate For Calcs": 0.195,
      "Total Unusual Items": 2634000000.0,
      "Total Unusual Items Excluding Goodwill": 2634000000.0,
      "Net Income From Continuing Operation Net Minority Interest": 17429000000.0,
      "Reconciled Depreciation": 1766000000.0,
      "Net Interest Income": 27353000000.0,
      "Interest Expense": 13679000000.0,
      "Interest Income": 41032000000.0,
      "Normalized Income": 15308630000.0,
      "Net Income From Continuing And Discontinued Operation": 17429000000.0,
      "Diluted Average Shares": 1813600000.0,
      "Basic Average Shares": 1810500000.0,
      "Diluted EPS": 9.47,
      "Basic EPS": 9.48,
      "Diluted NI Availto Com Stockholders": 17170000000.0,
      "Net Income Common Stockholders": 17170000000.0,
      "Preferred Stock Dividends": 259000000.0,
      "Net Income": 17429000000.0,
      "Minority Interests": 0.0,
      "Net Income Including Noncontrolling Interests": 17429000000.0,
      "Net Income Continuous Operations": 17429000000.0,
      "Earnings From Equity Interest Net Of Tax": 991000000.0,
      "Tax Provision": 3986000000.0,
      "Pretax Income": 20424000000.0,
      "Special Income Charges": 2634000000.0,
      "Gain On Sale Of Business": 997000000.0,
      "Other Special Charges": -224000000.0,
      "Impairment Of Capital Assets": 3000000.0,
      "Restructuring And Mergern Acquisition": -1416000000.0,
      "Gain On Sale Of Security": 0.0,
      "Depreciation Amortization Depletion Income Statement": 599000000.0,
      "Depreciation And Amortization In Income Statement": 599000000.0,
      "Amortization": 599000000.0,
      "Amortization Of Intangibles Income Statement": 599000000.0,
      "Selling General And Administration": 17649000000.0,
      "Selling And Marketing Expense": 1355000000.0,
      "General And Administrative Expense": 16294000000.0,
      "Other Gand A": null,
      "Insurance And Claims": 2900000000.0,
      "Salaries And Wages": 13394000000.0,
      "Total Revenue": 45762000000.0,
      "Operating Revenue": 45762000000.0,
      "Occupancy And Equipment": 3562000000.0,
      "Professional Expense And Contract Services Expense": 2190000000.0,
      "Other Non Interest Expense": 2905000000.0
    },
    "2021-10-31T00:00:00": {
      "Tax Effect Of Unusual Items": null,
      "Tax Rate For Calcs": null,
      "Total Unusual Items": null,
      "Total Unusual Items Excluding Goodwill": null,
      "Net Income From Continuing Operation Net Minority Interest": null,
      "Reconciled Depreciation": null,
      "Net Interest Income": null,
      "Interest Expense": null,
      "Interest Income": null,
      "Normalized Income": null,
      "Net Income From Continuing And Discontinued Operation": null,
      "Diluted Average Shares": null,
      "Basic Average Shares": null,
      "Diluted EPS": null,
      "Basic EPS": null,
      "Diluted NI Availto Com Stockholders": null,
      "Net Income Common Stockholders": null,
      "Preferred Stock Dividends": null,
      "Net Income": null,
      "Minority Interests": 0.0,
      "Net Income Including Noncontrolling Interests": null,
      "Net Income Continuous Operations": null,
      "Earnings From Equity Interest Net Of Tax": null,
      "Tax Provision": null,
      "Pretax Income": null,
      "Special Income Charges": null,
      "Gain On Sale Of Business": null,
      "Other Special Charges": null,
      "Impairment Of Capital Assets": null,
      "Restructuring And Mergern Acquisition": null,
      "Gain On Sale Of Security": null,
      "Depreciation Amortization Depletion Income Statement": null,
      "Depreciation And Amortization In Income Statement": null,
      "Amortization": null,
      "Amortization Of Intangibles Income Statement": null,
      "Selling General And Administration": null,
      "Selling And Marketing Expense": null,
      "General And Administrative Expense": null,
      "Other Gand A": 1203000000.0,
      "Insurance And Claims": null,
      "Salaries And Wages": null,
      "Total Revenue": null,
      "Operating Revenue": null,
      "Occupancy And Equipment": null,
      "Professional Expense And Contract Services Expense": null,
      "Other Non Interest Expense": null
    }
  },
  "quarterly_income": {
    "2025-10-31T00:00:00": {
      "Tax Effect Of Unusual Items": -159710872.745002,
      "Tax Rate For Calcs": 0.20039,
      "Total Unusual Items": -797000000.0,
      "Total Unusual Items Excluding Goodwill": -797000000.0,
      "Net Income From Continuing Operation Net Minority Interest": 3280000000.0,
      "Reconciled Depreciation": 572000000.0,
      "Net Interest Income": 8545000000.0,
      "Interest Expense": 12878000000.0,
      "Interest Income": 21423000000.0,
      "Normalized Income": 3917289127.254998,
      "Net Income From Continuing And Discontinued Operation": 3280000000.0,
      "Diluted Average Shares": null,
      "Basic Average Shares": null,
      "Diluted EPS": null,
      "Basic EPS": null,
      "Diluted NI Availto Com Stockholders": 3089000000.0,
      "Net Income Common Stockholders": 3089000000.0,
      "Preferred Stock Dividends": 191000000.0,
      "Net Income": 3280000000.0,
      "Net Income Including Noncontrolling Interests": 3280000000.0,
      "Net Income Continuous Operations": 3280000000.0,
      "Earnings From Equity Interest Net Of Tax": 0.0,
      "Tax Provision": 822000000.0,
      "Pretax Income": 4102000000.0,
      "Special Income Charges": -797000000.0,
      "Gain On Sale Of Business": 0.0,
      "Other Special Charges": null,
      "Restructuring And Mergern Acquisition": 768000000.0,
      "Gain On Sale Of Security": -1000000.0,
      "Depreciation Amortization Depletion Income Statement": 198000000.0,
      "Depreciation And Amortization In Income Statement": 198000000.0,
      "Amortization": 198000000.0,
      "Amortization Of Intangibles Income Statement": 198000000.0,
      "Selling General And Administration": 6682000000.0,
      "Selling And Marketing Expense": 484000000.0,
      "General And Administrative Expense": 6198000000.0,
      "Insurance And Claims": 1602000000.0,
      "Salaries And Wages": 4596000000.0,
      "Total Revenue": 15894000000.0,
      "Operating Revenue": 15894000000.0,
      "Occupancy And Equipment": 1241000000.0,
      "Professional Expense And Contract Services Expense": 1329000000.0,
      "Other Non Interest Expense": 564000000.0
    },
    "2025-07-31T00:00:00": {
      "Tax Effect Of Unusual Items": -145266000.0,
      "Tax Rate For Calcs": 0.213,
      "Total Unusual Items": -682000000.0,
      "Total Unusual Items Excluding Goodwill": -682000000.0,
      "Net Income From Continuing Operation Net Minority Interest": 3336000000.0,
      "Reconciled Depreciation": 528000000.0,
      "Net Interest Income": 8526000000.0,
      "Interest Expense": 13218000000.0,
      "Interest Income": 21744000000.0,
      "Normalized Income": 3872734000.0,
      "Net Income From Continuing And Discontinued Operation": 3336000000.0,
      "Diluted Average Shares": 1718900000.0,
      "Basic Average Shares": 1716700000.0,
      "Diluted EPS": 1.89,
      "Basic EPS": 1.89,
      "Diluted NI Availto Com Stockholders": 3248000000.0,
      "Net Income Common Stockholders": 3248000000.0,
      "Preferred Stock Dividends": 88000000.0,
      "Net Income": 3336000000.0,
      "Net Income Including Noncontrolling Interests": 3336000000.0,
      "Net Income Continuous Operations": 3336000000.0,
      "Earnings From Equity Interest Net Of Tax": 0.0,
      "Tax Provision": 905000000.0,
      "Pretax Income": 4241000000.0,
      "Special Income Charges": -682000000.0,
      "Gain On Sale Of Business": 0.0,
      "Other Special Charges": null,
      "Restructuring And Mergern Acquisition": 682000000.0,
      "Gain On Sale Of Security": 1000000.0,
      "Depreciation Amortization Depletion Income Statement": 201000000.0,
      "Depreciation And Amortization In Income Statement": 201000000.0,
      "Amortization": 201000000.0,
      "Amortization Of Intangibles Income Statement": 201000000.0,
      "Selling General And Administration": 6450000000.0,
      "Selling And Marketing Expense": 391000000.0,
      "General And Administrative Expense": 6059000000.0,
      "Insurance And Claims": 1563000000.0,
      "Salaries And Wages": 4496000000.0,
      "Total Revenue": 15482000000.0,
      "Operating Revenue": 15482000000.0,
      "Occupancy And Equipment": 1193000000.0,
      "Professional Expense And Contract Services Expense": 1109000000.0,
      "Other Non Interest Expense": 634000000.0
    },
    "2025-04-30T00:00:00": {
      "Tax Effect Of Unusual Items": 623364000.0,
      "Tax Rate For Calcs": 0.082,
      "Total Unusual Items": 7602000000.0,
      "Total Unusual Items Excluding Goodwill": 7602000000.0,
      "Net Income From Continuing Operation Net Minority Interest": 11129000000.0,
      "Reconciled Depreciation": 534000000.0,
      "Net Interest Income": 8125000000.0,
      "Interest Expense": 13457000000.0,
      "Interest Income": 21582000000.0,
      "Normalized Income": 4150364000.0,
      "Net Income From Continuing And Discontinued Operation": 11129000000.0,
      "Diluted Average Shares": 1741700000.0,
      "Basic Average Shares": 1740500000.0,
      "Diluted EPS": 6.27,
      "Basic EPS": 6.28,
      "Diluted NI Availto Com Stockholders": 10929000000.0,
      "Net Income Common Stockholders": 10929000000.0,
      "Preferred Stock Dividends": 200000000.0,
      "Net Income": 11129000000.0,
      "Net Income Including Noncontrolling Interests": 11129000000.0,
      "Net Income Continuous Operations": 11129000000.0,
      "Earnings From Equity Interest Net Of Tax": 74000000.0,
      "Tax Provision": 985000000.0,
      "Pretax Income": 12040000000.0,
      "Special Income Charges": 7602000000.0,
      "Gain On Sale Of Business": 8975000000.0,
      "Other Special Charges": null,
      "Restructuring And Mergern Acquisition": 1373000000.0,
      "Gain On Sale Of Security": -1000000.0,
      "Depreciation Amortization Depletion Income Statement": 194000000.0,
      "Depreciation And Amortization In Income Statement": 194000000.0,
      "Amortization": 194000000.0,
      "Amortization Of Intangibles Income Statement": 194000000.0,
      "Selling General And Administration": 6329000000.0,
      "Selling And Marketing Expense": 427000000.0,
      "General And Administrative Expense": 5902000000.0,
      "Insurance And Claims": 1417000000.0,
      "Salaries And Wages": 4485000000.0,
      "Total Revenue": 15004000000.0,
      "Operating Revenue": 15004000000.0,
      "Occupancy And Equipment": 1198000000.0,
      "Professional Expense And Contract Services Expense": 957000000.0,
      "Other Non Interest Expense": 548000000.0
    },
    "2025-01-31T00:00:00": {
      "Tax Effect Of Unusual Items": -221062000.0,
      "Tax Rate For Calcs": 0.214,
      "Total Unusual Items": -1033000000.0,
      "Total Unusual Items Excluding Goodwill": -1033000000.0,
      "Net Income From Continuing Operation Net Minority Interest": 2793000000.0,
      "Reconciled Depreciation": 532000000.0,
      "Net Interest Income": 7866000000.0,
      "Interest Expense": 15006000000.0,
      "Interest Income": 22872000000.0,
      "Normalized Income": 3604938000.0,
      "Net Income From Continuing And Discontinued Operation": 2793000000.0,
      "Diluted Average Shares": 1750700000.0,
      "Basic Average Shares": 1749900000.0,
      "Diluted EPS": 1.55,
      "Basic EPS": 1.55,
      "Diluted NI Availto Com Stockholders": 2707000000.0,
      "Net Income Common Stockholders": 2707000000.0,
      "Preferred Stock Dividends": 86000000.0,
      "Net Income": 2793000000.0,
      "Net Income Including Noncontrolling Interests": 2793000000.0,
      "Net Income Continuous Operations": 2793000000.0,
      "Earnings From Equity Interest Net Of Tax": 231000000.0,
      "Tax Provision": 698000000.0,
      "Pretax Income": 3260000000.0,
      "Special Income Charges": -1033000000.0,
      "Gain On Sale Of Business": null,
      "Other Special Charges": null,
      "Restructuring And Mergern Acquisition": 1033000000.0,
      "Gain On Sale Of Security": 0.0,
      "Depreciation Amortization Depletion Income Statement": 187000000.0,
      "Depreciation And Amortization In Income Statement": 187000000.0,
      "Amortization": 187000000.0,
      "Amortization Of Intangibles Income Statement": 187000000.0,
      "Selling General And Administration": 6498000000.0,
      "Selling And Marketing Expense": 341000000.0,
      "General And Administrative Expense": 6157000000.0,
      "Insurance And Claims": 1507000000.0,
      "Salaries And Wages": 4650000000.0,
      "Total Revenue": 14901000000.0,
      "Operating Revenue": 14901000000.0,
      "Occupancy And Equipment": 1201000000.0,
      "Professional Expense And Contract Services Expense": 893000000.0,
      "Other Non Interest Expense": 617000000.0
    },
    "2024-10-31T00:00:00": {
      "Tax Effect Of Unusual Items": 71717364.069156,
      "Tax Rate For Calcs": 0.133801,
      "Total Unusual Items": 536000000.0,
      "Total Unusual Items Excluding Goodwill": 536000000.0,
      "Net Income From Continuing Operation Net Minority Interest": 3635000000.0,
      "Reconciled Depreciation": 544000000.0,
      "Net Interest Income": 7940000000.0,
      "Interest Expense": 15834000000.0,
      "Interest Income": 23774000000.0,
      "Normalized Income": 3170717364.069156,
      "Net Income From Continuing And Discontinued Operation": 3635000000.0,
      "Diluted Average Shares": null,
      "Basic Average Shares": null,
      "Diluted EPS": null,
      "Basic EPS": null,
      "Diluted NI Availto Com Stockholders": 3442000000.0,
      "Net Income Common Stockholders": 3442000000.0,
      "Preferred Stock Dividends": 193000000.0,
      "Net Income": 3635000000.0,
      "Net Income Including Noncontrolling Interests": 3635000000.0,
      "Net Income Continuous Operations": 3635000000.0,
      "Earnings From Equity Interest Net Of Tax": 178000000.0,
      "Tax Provision": 534000000.0,
      "Pretax Income": 3991000000.0,
      "Special Income Charges": 536000000.0,
      "Gain On Sale Of Business": null,
      "Other Special Charges": -20000000.0,
      "Restructuring And Mergern Acquisition": 487000000.0,
      "Gain On Sale Of Security": 0.0,
      "Depreciation Amortization Depletion Income Statement": 176000000.0,
      "Depreciation And Amortization In Income Statement": 176000000.0,
      "Amortization": 176000000.0,
      "Amortization Of Intangibles Income Statement": 176000000.0,
      "Selling General And Administration": 6875000000.0,
      "Selling And Marketing Expense": 431000000.0,
      "General And Administrative Expense": 6444000000.0,
      "Insurance And Claims": 2364000000.0,
      "Salaries And Wages": 4080000000.0,
      "Total Revenue": 14743000000.0,
      "Operating Revenue": 14743000000.0,
      "Occupancy And Equipment": 1283000000.0,
      "Professional Expense And Contract Services Expense": 1079000000.0,
      "Other Non Interest Expense": 766000000.0
    },
    "2024-07-31T00:00:00": {
      "Tax Effect Of Unusual Items": null,
      "Tax Rate For Calcs": null,
      "Total Unusual Items": null,
      "Total Unusual Items Excluding Goodwill": null,
      "Net Income From Continuing Operation Net Minority Interest": null,
      "Reconciled Depreciation": null,
      "Net Interest Income": null,
      "Interest Expense": null,
      "Interest Income": null,
      "Normalized Income": null,
      "Net Income From Continuing And Discontinued Operation": null,
      "Diluted Average Shares": 1747800000.0,
      "Basic Average Shares": 1747800000.0,
      "Diluted EPS": -0.14,
      "Basic EPS": -0.14,
      "Diluted NI Availto Com Stockholders": null,
      "Net Income Common Stockholders": null,
      "Preferred Stock Dividends": null,
      "Net Income": null,
      "Net Income Including Noncontrolling Interests": null,
      "Net Income Continuous Operations": null,
      "Earnings From Equity Interest Net Of Tax": null,
      "Tax Provision": null,
      "Pretax Income": null,
      "Special Income Charges": null,
      "Gain On Sale Of Business": 0.0,
      "Other Special Charges": 3566000000.0,
      "Restructuring And Mergern Acquisition": null,
      "Gain On Sale Of Security": null,
      "Depreciation Amortization Depletion Income Statement": null,
      "Depreciation And Amortization In Income Statement": null,
      "Amortization": null,
      "Amortization Of Intangibles Income Statement": null,
      "Selling General And Administration": null,
      "Selling And Marketing Expense": null,
      "General And Administrative Expense": null,
      "Insurance And Claims": null,
      "Salaries And Wages": null,
      "Total Revenue": null,
      "Operating Revenue": null,
      "Occupancy And Equipment": null,
      "Professional Expense And Contract Services Expense": null,
      "Other Non Interest Expense": null
    }
  },
  "balance_sheet": {
    "2025-10-31T00:00:00": {
      "Treasury Shares Number": null,
      "Preferred Shares Number": 48000000.0,
      "Ordinary Shares Number": 1689495505.0,
      "Share Issued": 1689495505.0,
      "Net Debt": 320148000000.0,
      "Total Debt": 442429000000.0,
      "Tangible Book Value": 93813000000.0,
      "Invested Capital": 553279000000.0,
      "Net Tangible Assets": 105438000000.0,
      "Capital Lease Obligations": 5352000000.0,
      "Common Stock Equity": 116202000000.0,
      "Preferred Stock Equity": 11625000000.0,
      "Total Capitalization": 353161000000.0,
      "Total Equity Gross Minority Interest": 127827000000.0,
      "Stockholders Equity": 127827000000.0,
      "Gains Losses Not Affecting Retained Earnings": 12874000000.0,
      "Treasury Stock": 4000000.0,
      "Retained Earnings": 78320000000.0,
      "Additional Paid In Capital": 285000000.0,
      "Capital Stock": 36352000000.0,
      "Common Stock": 24727000000.0,
      "Preferred Stock": 11625000000.0,
      "Total Liabilities Net Minority Interest": 1966731000000.0,
      "Derivative Product Liabilities": 79356000000.0,
      "Employee Benefits": 1372000000.0,
      "Non Current Deferred Liabilities": 303000000.0,
      "Non Current Deferred Taxes Liabilities": 303000000.0,
      "Long Term Debt And Capital Lease Obligation": 230686000000.0,
      "Long Term Capital Lease Obligation": 5352000000.0,
      "Long Term Debt": 225334000000.0,
      "Long Term Provisions": 1735000000.0,
      "Current Debt And Capital Lease Obligation": 211743000000.0,
      "Current Debt": 211743000000.0,
      "Other Current Borrowings": 42612000000.0,
      "Commercial Paper": 144272000000.0,
      "Current Notes Payable": 24859000000.0,
      "Payables And Accrued Expenses": 48649000000.0,
      "Current Accrued Expenses": 7313000000.0,
      "Payables": 41336000000.0,
      "Total Tax Payable": 296000000.0,
      "Income Tax Payable": 296000000.0,
      "Accounts Payable": 41040000000.0,
      "Total Assets": 2094558000000.0,
      "Defined Pension Benefit": 1111000000.0,
      "Investments And Advances": 576186000000.0,
      "Available For Sale Securities": 361319000000.0,
      "Trading Securities": 170495000000.0,
      "Long Term Equity Investment": 5237000000.0,
      "Goodwill And Other Intangible Assets": 22389000000.0,
      "Other Intangible Assets": 3409000000.0,
      "Goodwill": 18980000000.0,
      "Net PPE": 10132000000.0,
      "Accumulated Depreciation": -3751000000.0,
      "Gross PPE": 13883000000.0,
      "Leases": 3778000000.0,
      "Machinery Furniture Equipment": 2420000000.0,
      "Buildings And Improvements": 6232000000.0,
      "Land And Improvements": 1453000000.0,
      "Prepaid Assets": 1815000000.0,
      "Receivables": 46234000000.0,
      "Other Receivables": 31194000000.0,
      "Accounts Receivable": 15040000000.0,
      "Other Short Term Investments": 39135000000.0,
      "Cash And Cash Equivalents": 116929000000.0,
      "Cash Financial": 7512000000.0,
      "Cash Cash Equivalents And Federal Funds Sold": 364007000000.0
    },
    "2024-10-31T00:00:00": {
      "Treasury Shares Number": 200000.0,
      "Preferred Shares Number": 90000000.0,
      "Ordinary Shares Number": 1750100000.0,
      "Share Issued": 1750300000.0,
      "Net Debt": 277627000000.0,
      "Total Debt": 460663000000.0,
      "Tangible Book Value": 82377000000.0,
      "Invested Capital": 559922000000.0,
      "Net Tangible Assets": 93265000000.0,
      "Capital Lease Obligations": 5013000000.0,
      "Common Stock Equity": 104272000000.0,
      "Preferred Stock Equity": 10888000000.0,
      "Total Capitalization": 319493000000.0,
      "Total Equity Gross Minority Interest": 115160000000.0,
      "Stockholders Equity": 115160000000.0,
      "Gains Losses Not Affecting Retained Earnings": 7904000000.0,
      "Treasury Stock": 35000000.0,
      "Retained Earnings": 70826000000.0,
      "Additional Paid In Capital": 204000000.0,
      "Capital Stock": 36261000000.0,
      "Common Stock": 25373000000.0,
      "Preferred Stock": 10888000000.0,
      "Total Liabilities Net Minority Interest": 1946591000000.0,
      "Derivative Product Liabilities": 68368000000.0,
      "Employee Benefits": 1380000000.0,
      "Non Current Deferred Liabilities": 300000000.0,
      "Non Current Deferred Taxes Liabilities": 300000000.0,
      "Long Term Debt And Capital Lease Obligation": 209346000000.0,
      "Long Term Capital Lease Obligation": 5013000000.0,
      "Long Term Debt": 204333000000.0,
      "Long Term Provisions": 3675000000.0,
      "Current Debt And Capital Lease Obligation": 251317000000.0,
      "Current Debt": 251317000000.0,
      "Other Current Borrowings": 69024000000.0,
      "Commercial Paper": 161507000000.0,
      "Current Notes Payable": 20786000000.0,
      "Payables And Accrued Expenses": 45316000000.0,
      "Current Accrued Expenses": 5386000000.0,
      "Payables": 39930000000.0,
      "Total Tax Payable": 67000000.0,
      "Income Tax Payable": 67000000.0,
      "Accounts Payable": 39863000000.0,
      "Total Assets": 2061751000000.0,
      "Defined Pension Benefit": 1042000000.0,
      "Investments And Advances": 540872000000.0,
      "Available For Sale Securities": 345024000000.0,
      "Trading Securities": 129501000000.0,
      "Long Term Equity Investment": 13879000000.0,
      "Goodwill And Other Intangible Assets": 21895000000.0,
      "Other Intangible Assets": 3044000000.0,
      "Goodwill": 18851000000.0,
      "Net PPE": 9837000000.0,
      "Accumulated Depreciation": -3881000000.0,
      "Gross PPE": 13718000000.0,
      "Leases": 3790000000.0,
      "Machinery Furniture Equipment": 2465000000.0,
      "Buildings And Improvements": 5905000000.0,
      "Land And Improvements": 1558000000.0,
      "Prepaid Assets": 1794000000.0,
      "Receivables": 39761000000.0,
      "Other Receivables": 26176000000.0,
      "Accounts Receivable": 13585000000.0,
      "Other Short Term Investments": 52468000000.0,
      "Cash And Cash Equivalents": 178023000000.0,
      "Cash Financial": 6437000000.0,
      "Cash Cash Equivalents And Federal Funds Sold": 386240000000.0
    },
    "2023-10-31T00:00:00": {
      "Treasury Shares Number": 700000.0,
      "Preferred Shares Number": 142000000.0,
      "Ordinary Shares Number": 1790722412.0,
      "Share Issued": 1791422412.0,
      "Net Debt": 291690000000.0,
      "Total Debt": 401809000000.0,
      "Tangible Book Value": 79845000000.0,
      "Invested Capital": 497977000000.0,
      "Net Tangible Assets": 90698000000.0,
      "Capital Lease Obligations": 5050000000.0,
      "Common Stock Equity": 101218000000.0,
      "Preferred Stock Equity": 10853000000.0,
      "Total Capitalization": 290933000000.0,
      "Total Equity Gross Minority Interest": 112071000000.0,
      "Stockholders Equity": 112071000000.0,
      "Gains Losses Not Affecting Retained Earnings": 2750000000.0,
      "Treasury Stock": 129000000.0,
      "Retained Earnings": 73008000000.0,
      "Additional Paid In Capital": 155000000.0,
      "Capital Stock": 36287000000.0,
      "Common Stock": 25434000000.0,
      "Preferred Stock": 10853000000.0,
      "Total Liabilities Net Minority Interest": 1843068000000.0,
      "Derivative Product Liabilities": 71640000000.0,
      "Employee Benefits": 1244000000.0,
      "Non Current Deferred Liabilities": 204000000.0,
      "Non Current Deferred Taxes Liabilities": 204000000.0,
      "Long Term Debt And Capital Lease Obligation": 183912000000.0,
      "Long Term Capital Lease Obligation": 5050000000.0,
      "Long Term Debt": 178862000000.0,
      "Long Term Provisions": 3421000000.0,
      "Current Debt And Capital Lease Obligation": 217897000000.0,
      "Current Debt": 217897000000.0,
      "Other Current Borrowings": 41623000000.0,
      "Commercial Paper": 153991000000.0,
      "Current Notes Payable": 22283000000.0,
      "Payables And Accrued Expenses": 48762000000.0,
      "Current Accrued Expenses": 4993000000.0,
      "Payables": 43769000000.0,
      "Total Tax Payable": 162000000.0,
      "Income Tax Payable": 162000000.0,
      "Accounts Payable": 43607000000.0,
      "Total Assets": 1955139000000.0,
      "Defined Pension Benefit": 1254000000.0,
      "Investments And Advances": 531280000000.0,
      "Available For Sale Securities": 376101000000.0,
      "Trading Securities": 134829000000.0,
      "Long Term Equity Investment": 8907000000.0,
      "Goodwill And Other Intangible Assets": 21373000000.0,
      "Other Intangible Assets": 2771000000.0,
      "Goodwill": 18602000000.0,
      "Net PPE": 9434000000.0,
      "Accumulated Depreciation": -3989000000.0,
      "Gross PPE": 13423000000.0,
      "Leases": 3679000000.0,
      "Machinery Furniture Equipment": 2460000000.0,
      "Buildings And Improvements": 5656000000.0,
      "Land And Improvements": 1628000000.0,
      "Prepaid Assets": 1462000000.0,
      "Receivables": 54627000000.0,
      "Other Receivables": 35230000000.0,
      "Accounts Receivable": 19397000000.0,
      "Other Short Term Investments": 11443000000.0,
      "Cash And Cash Equivalents": 105069000000.0,
      "Cash Financial": 6721000000.0,
      "Cash Cash Equivalents And Federal Funds Sold": 309402000000.0
    },
    "2022-10-31T00:00:00": {
      "Treasury Shares Number": 1000000.0,
      "Preferred Shares Number": 158000000.0,
      "Ordinary Shares Number": 1820668789.0,
      "Share Issued": 1821668789.0,
      "Net Debt": 222873000000.0,
      "Total Debt": 374036000000.0,
      "Tangible Book Value": 80171000000.0,
      "Invested Capital": 468853000000.0,
      "Net Tangible Assets": 91424000000.0,
      "Capital Lease Obligations": 5313000000.0,
      "Common Stock Equity": 100130000000.0,
      "Preferred Stock Equity": 11253000000.0,
      "Total Capitalization": 264125000000.0,
      "Total Equity Gross Minority Interest": 111383000000.0,
      "Stockholders Equity": 111383000000.0,
      "Gains Losses Not Affecting Retained Earnings": 1988000000.0,
      "Treasury Stock": 98000000.0,
      "Retained Earnings": 73698000000.0,
      "Additional Paid In Capital": 179000000.0,
      "Capital Stock": 35616000000.0,
      "Common Stock": 24363000000.0,
      "Preferred Stock": 11253000000.0,
      "Total Liabilities Net Minority Interest": 1806145000000.0,
      "Derivative Product Liabilities": 91133000000.0,
      "Employee Benefits": 1286000000.0,
      "Non Current Deferred Liabilities": 236000000.0,
      "Non Current Deferred Taxes Liabilities": 236000000.0,
      "Long Term Debt And Capital Lease Obligation": 158055000000.0,
      "Long Term Capital Lease Obligation": 5313000000.0,
      "Long Term Debt": 152742000000.0,
      "Long Term Provisions": 1320000000.0,
      "Current Debt And Capital Lease Obligation": 215981000000.0,
      "Current Debt": 215981000000.0,
      "Other Current Borrowings": 30271000000.0,
      "Commercial Paper": 161480000000.0,
      "Current Notes Payable": 24230000000.0,
      "Payables And Accrued Expenses": 36356000000.0,
      "Current Accrued Expenses": 4100000000.0,
      "Payables": 32256000000.0,
      "Total Tax Payable": 151000000.0,
      "Income Tax Payable": 151000000.0,
      "Accounts Payable": 32105000000.0,
      "Total Assets": 1917528000000.0,
      "Defined Pension Benefit": 1406000000.0,
      "Investments And Advances": 433257000000.0,
      "Available For Sale Securities": 414041000000.0,
      "Trading Securities": 110221000000.0,
      "Long Term Equity Investment": 8088000000.0,
      "Goodwill And Other Intangible Assets": 19959000000.0,
      "Other Intangible Assets": 2303000000.0,
      "Goodwill": 17656000000.0,
      "Net PPE": 9400000000.0,
      "Accumulated Depreciation": -3835000000.0,
      "Gross PPE": 13235000000.0,
      "Leases": 3461000000.0,
      "Machinery Furniture Equipment": 2276000000.0,
      "Buildings And Improvements": 5772000000.0,
      "Land And Improvements": 1726000000.0,
      "Prepaid Assets": 1323000000.0,
      "Receivables": 40325000000.0,
      "Other Receivables": 25791000000.0,
      "Accounts Receivable": 14534000000.0,
      "Other Short Term Investments": 11128000000.0,
      "Cash And Cash Equivalents": 145850000000.0,
      "Cash Financial": 8556000000.0,
      "Cash Cash Equivalents And Federal Funds Sold": 306017000000.0
    },
    "2021-10-31T00:00:00": {
      "Treasury Shares Number": 1956038.0,
      "Preferred Shares Number": null,
      "Ordinary Shares Number": null,
      "Share Issued": null,
      "Net Debt": null,
      "Total Debt": null,
      "Tangible Book Value": null,
      "Invested Capital": null,
      "Net Tangible Assets": null,
      "Capital Lease Obligations": null,
      "Common Stock Equity": null,
      "Preferred Stock Equity": null,
      "Total Capitalization": null,
      "Total Equity Gross Minority Interest": null,
      "Stockholders Equity": null,
      "Gains Losses Not Affecting Retained Earnings": null,
      "Treasury Stock": null,
      "Retained Earnings": null,
      "Additional Paid In Capital": null,
      "Capital Stock": null,
      "Common Stock": null,
      "Preferred Stock": null,
      "Total Liabilities Net Minority Interest": null,
      "Derivative Product Liabilities": null,
      "Employee Benefits": null,
      "Non Current Deferred Liabilities": null,
      "Non Current Deferred Taxes Liabilities": null,
      "Long Term Debt And Capital Lease Obligation": null,
      "Long Term Capital Lease Obligation": null,
      "Long Term Debt": null,
      "Long Term Provisions": null,
      "Current Debt And Capital Lease Obligation": null,
      "Current Debt": null,
      "Other Current Borrowings": null,
      "Commercial Paper": null,
      "Current Notes Payable": null,
      "Payables And Accrued Expenses": null,
      "Current Accrued Expenses": null,
      "Payables": null,
      "Total Tax Payable": null,
      "Income Tax Payable": null,
      "Accounts Payable": null,
      "Total Assets": null,
      "Defined Pension Benefit": null,
      "Investments And Advances": null,
      "Available For Sale Securities": null,
      "Trading Securities": null,
      "Long Term Equity Investment": null,
      "Goodwill And Other Intangible Assets": null,
      "Other Intangible Assets": null,
      "Goodwill": null,
      "Net PPE": null,
      "Accumulated Depreciation": null,
      "Gross PPE": null,
      "Leases": null,
      "Machinery Furniture Equipment": null,
      "Buildings And Improvements": null,
      "Land And Improvements": null,
      "Prepaid Assets": null,
      "Receivables": null,
      "Other Receivables": null,
      "Accounts Receivable": null,
      "Other Short Term Investments": null,
      "Cash And Cash Equivalents": null,
      "Cash Financial": null,
      "Cash Cash Equivalents And Federal Funds Sold": null
    }
  },
  "cashflow": {
    "2025-10-31T00:00:00": {
      "Free Cash Flow": -71791000000.0,
      "Repurchase Of Capital Stock": -21885000000.0,
      "Repayment Of Debt": -4858000000.0,
      "Issuance Of Debt": 2283000000.0,
      "Issuance Of Capital Stock": 16622000000.0,
      "Capital Expenditure": -2145000000.0,
      "Interest Paid Supplemental Data": 55466000000.0,
      "Income Tax Paid Supplemental Data": 4332000000.0,
      "End Cash Position": 7512000000.0,
      "Beginning Cash Position": 6437000000.0,
      "Effect Of Exchange Rate Changes": 34000000.0,
      "Changes In Cash": 1041000000.0,
      "Financing Cash Flow": -15501000000.0,
      "Cash Flow From Continuing Financing Activities": -15501000000.0,
      "Cash Dividends Paid": -7663000000.0,
      "Net Preferred Stock Issuance": 730000000.0,
      "Preferred Stock Payments": -1050000000.0,
      "Preferred Stock Issuance": 1780000000.0,
      "Net Common Stock Issuance": -5993000000.0,
      "Common Stock Payments": -20835000000.0,
      "Common Stock Issuance": 14842000000.0,
      "Net Issuance Payments Of Debt": -2575000000.0,
      "Net Long Term Debt Issuance": -2575000000.0,
      "Long Term Debt Payments": -4858000000.0,
      "Long Term Debt Issuance": 2283000000.0,
      "Investing Cash Flow": 86188000000.0,
      "Cash Flow From Continuing Investing Activities": 86188000000.0,
      "Net Investment Purchase And Sale": 5958000000.0,
      "Sale Of Investment": 136578000000.0,
      "Purchase Of Investment": -130620000000.0,
      "Net Business Purchase And Sale": 20784000000.0,
      "Sale Of Business": 20784000000.0,
      "Net PPE Purchase And Sale": -2145000000.0,
      "Purchase Of PPE": -2145000000.0,
      "Operating Cash Flow": -69646000000.0,
      "Cash Flow From Continuing Operating Activities": -69646000000.0,
      "Change In Working Capital": -88579000000.0,
      "Change In Other Working Capital": -24018000000.0,
      "Deferred Tax": -764000000.0,
      "Deferred Income Tax": -764000000.0,
      "Depreciation Amortization Depletion": 2166000000.0,
      "Depreciation And Amortization": 2166000000.0,
      "Amortization Cash Flow": 780000000.0,
      "Amortization Of Intangibles": 780000000.0,
      "Depreciation": 1386000000.0,
      "Operating Gains Losses": -7512000000.0,
      "Earnings Losses From Equity Investments": -305000000.0,
      "Gain Loss On Investment Securities": 1951000000.0,
      "Gain Loss On Sale Of Business": -9159000000.0,
      "Net Income From Continuing Operations": 20538000000.0
    },
    "2024-10-31T00:00:00": {
      "Free Cash Flow": 52760000000.0,
      "Repurchase Of Capital Stock": -17131000000.0,
      "Repayment Of Debt": -2222000000.0,
      "Issuance Of Debt": 3324000000.0,
      "Issuance Of Capital Stock": 13376000000.0,
      "Capital Expenditure": -2177000000.0,
      "Interest Paid Supplemental Data": 61779000000.0,
      "Income Tax Paid Supplemental Data": 3812000000.0,
      "End Cash Position": 6437000000.0,
      "Beginning Cash Position": 6721000000.0,
      "Effect Of Exchange Rate Changes": 14000000.0,
      "Changes In Cash": -298000000.0,
      "Financing Cash Flow": -9813000000.0,
      "Cash Flow From Continuing Financing Activities": -9813000000.0,
      "Cash Dividends Paid": -7160000000.0,
      "Net Preferred Stock Issuance": 28000000.0,
      "Preferred Stock Payments": -1300000000.0,
      "Preferred Stock Issuance": 1328000000.0,
      "Net Common Stock Issuance": -3783000000.0,
      "Common Stock Payments": -15831000000.0,
      "Common Stock Issuance": 12048000000.0,
      "Net Issuance Payments Of Debt": 1102000000.0,
      "Net Long Term Debt Issuance": 1102000000.0,
      "Long Term Debt Payments": -2222000000.0,
      "Long Term Debt Issuance": 3324000000.0,
      "Investing Cash Flow": -45422000000.0,
      "Cash Flow From Continuing Investing Activities": -45422000000.0,
      "Net Investment Purchase And Sale": 24485000000.0,
      "Sale Of Investment": 78333000000.0,
      "Purchase Of Investment": -53848000000.0,
      "Net Business Purchase And Sale": 3423000000.0,
      "Sale Of Business": 3423000000.0,
      "Net PPE Purchase And Sale": -2177000000.0,
      "Purchase Of PPE": -2177000000.0,
      "Operating Cash Flow": 54937000000.0,
      "Cash Flow From Continuing Operating Activities": 54937000000.0,
      "Change In Working Capital": 42243000000.0,
      "Change In Other Working Capital": 87117000000.0,
      "Deferred Tax": -1061000000.0,
      "Deferred Income Tax": -1061000000.0,
      "Depreciation Amortization Depletion": 2027000000.0,
      "Depreciation And Amortization": 2027000000.0,
      "Amortization Cash Flow": 702000000.0,
      "Amortization Of Intangibles": 702000000.0,
      "Depreciation": 1325000000.0,
      "Operating Gains Losses": -1367000000.0,
      "Earnings Losses From Equity Investments": -703000000.0,
      "Gain Loss On Investment Securities": 358000000.0,
      "Gain Loss On Sale Of Business": -1022000000.0,
      "Net Income From Continuing Operations": 8842000000.0
    },
    "2023-10-31T00:00:00": {
      "Free Cash Flow": -67146000000.0,
      "Repurchase Of Capital Stock": -13234000000.0,
      "Repayment Of Debt": -2359000000.0,
      "Issuance Of Debt": 0.0,
      "Issuance Of Capital Stock": 8571000000.0,
      "Capital Expenditure": -1844000000.0,
      "Interest Paid Supplemental Data": 48179000000.0,
      "Income Tax Paid Supplemental Data": 3036000000.0,
      "End Cash Position": 6721000000.0,
      "Beginning Cash Position": 8556000000.0,
      "Effect Of Exchange Rate Changes": 88000000.0,
      "Changes In Cash": -1923000000.0,
      "Financing Cash Flow": -12847000000.0,
      "Cash Flow From Continuing Financing Activities": -12847000000.0,
      "Cash Dividends Paid": -5825000000.0,
      "Net Preferred Stock Issuance": -400000000.0,
      "Preferred Stock Payments": -400000000.0,
      "Preferred Stock Issuance": 0.0,
      "Net Common Stock Issuance": -4263000000.0,
      "Common Stock Payments": -12834000000.0,
      "Common Stock Issuance": 8571000000.0,
      "Net Issuance Payments Of Debt": -2359000000.0,
      "Net Long Term Debt Issuance": -2359000000.0,
      "Long Term Debt Payments": -2359000000.0,
      "Long Term Debt Issuance": 0.0,
      "Investing Cash Flow": 76226000000.0,
      "Cash Flow From Continuing Investing Activities": 76226000000.0,
      "Net Investment Purchase And Sale": 37248000000.0,
      "Sale Of Investment": 88571000000.0,
      "Purchase Of Investment": -51323000000.0,
      "Net Business Purchase And Sale": -624000000.0,
      "Sale Of Business": null,
      "Net PPE Purchase And Sale": -1844000000.0,
      "Purchase Of PPE": -1844000000.0,
      "Operating Cash Flow": -65302000000.0,
      "Cash Flow From Continuing Operating Activities": -65302000000.0,
      "Change In Working Capital": -78658000000.0,
      "Change In Other Working Capital": 33000000.0,
      "Deferred Tax": -1306000000.0,
      "Deferred Income Tax": -1306000000.0,
      "Depreciation Amortization Depletion": 1911000000.0,
      "Depreciation And Amortization": 1911000000.0,
      "Amortization Cash Flow": 672000000.0,
      "Amortization Of Intangibles": 672000000.0,
      "Depreciation": 1239000000.0,
      "Operating Gains Losses": -816000000.0,
      "Earnings Losses From Equity Investments": -864000000.0,
      "Gain Loss On Investment Securities": 48000000.0,
      "Gain Loss On Sale Of Business": 0.0,
      "Net Income From Continuing Operations": 10634000000.0
    },
    "2022-10-31T00:00:00": {
      "Free Cash Flow": 37495000000.0,
      "Repurchase Of Capital Stock": -14302000000.0,
      "Repayment Of Debt": -663000000.0,
      "Issuance Of Debt": 6000000.0,
      "Issuance Of Capital Stock": 16805000000.0,
      "Capital Expenditure": -1454000000.0,
      "Interest Paid Supplemental Data": 12523000000.0,
      "Income Tax Paid Supplemental Data": 4404000000.0,
      "End Cash Position": 8556000000.0,
      "Beginning Cash Position": 5931000000.0,
      "Effect Of Exchange Rate Changes": 390000000.0,
      "Changes In Cash": 2235000000.0,
      "Financing Cash Flow": -4819000000.0,
      "Cash Flow From Continuing Financing Activities": -4819000000.0,
      "Cash Dividends Paid": -6665000000.0,
      "Net Preferred Stock Issuance": 4529000000.0,
      "Preferred Stock Payments": -1000000000.0,
      "Preferred Stock Issuance": 5529000000.0,
      "Net Common Stock Issuance": -2026000000.0,
      "Common Stock Payments": -13302000000.0,
      "Common Stock Issuance": 11276000000.0,
      "Net Issuance Payments Of Debt": -657000000.0,
      "Net Long Term Debt Issuance": -657000000.0,
      "Long Term Debt Payments": -663000000.0,
      "Long Term Debt Issuance": 6000000.0,
      "Investing Cash Flow": -31895000000.0,
      "Cash Flow From Continuing Investing Activities": -31895000000.0,
      "Net Investment Purchase And Sale": -63375000000.0,
      "Sale Of Investment": 117320000000.0,
      "Purchase Of Investment": -180695000000.0,
      "Net Business Purchase And Sale": 2479000000.0,
      "Sale Of Business": null,
      "Net PPE Purchase And Sale": -1454000000.0,
      "Purchase Of PPE": -1454000000.0,
      "Operating Cash Flow": 38949000000.0,
      "Cash Flow From Continuing Operating Activities": 38949000000.0,
      "Change In Working Capital": 20233000000.0,
      "Change In Other Working Capital": 135871000000.0,
      "Deferred Tax": 502000000.0,
      "Deferred Income Tax": 502000000.0,
      "Depreciation Amortization Depletion": 1766000000.0,
      "Depreciation And Amortization": 1766000000.0,
      "Amortization Cash Flow": 599000000.0,
      "Amortization Of Intangibles": 599000000.0,
      "Depreciation": 1167000000.0,
      "Operating Gains Losses": -2048000000.0,
      "Earnings Losses From Equity Investments": -991000000.0,
      "Gain Loss On Investment Securities": -60000000.0,
      "Gain Loss On Sale Of Business": -997000000.0,
      "Net Income From Continuing Operations": 17429000000.0
    }
  },
  "earnings_estimate": {
    "avg": {
      "0q": 2.25983,
      "+1q": 2.18176,
      "0y": 9.13809,
      "+1y": 10.11659
    },
    "low": {
      "0q": 2.18,
      "+1q": 2.118,
      "0y": 8.899,
      "+1y": 9.44
    },
    "high": {
      "0q": 2.4,
      "+1q": 2.23,
      "0y": 9.45596,
      "+1y": 10.59069
    },
    "yearAgoEps": {
      "0q": 2.02,
      "+1q": 1.97,
      "0y": 8.37,
      "+1y": 9.13809
    },
    "numberOfAnalysts": {
      "0q": 13,
      "+1q": 10,
      "0y": 14,
      "+1y": 15
    },
    "growth": {
      "0q": 0.1187,
      "+1q": 0.1075,
      "0y": 0.091800004,
      "+1y": 0.1071
    }
  },
  "revenue_estimate": {
    "avg": {
      "0q": 14518321830,
      "+1q": 14243919680,
      "0y": 58237317180,
      "+1y": 60444014230
    },
    "low": {
      "0q": 14038000000,
      "+1q": 13838000000,
      "0y": 56426000000,
      "+1y": 58157000000
    },
    "high": {
      "0q": 14826154000,
      "+1q": 14485955640,
      "0y": 59133000000,
      "+1y": 62086000000
    },
    "numberOfAnalysts": {
      "0q": 8,
      "+1q": 4,
      "0y": 7,
      "+1y": 8
    },
    "yearAgoRevenue": {
      "0q": 13523000000,
      "+1q": 13721000000,
      "0y": 55721000000,
      "+1y": 58237317180
    },
    "growth": {
      "0q": 0.0736,
      "+1q": 0.0381,
      "0y": 0.0452,
      "+1y": 0.0379
    }
  },
  "growth_estimates": {
    "stockTrend": {
      "0q": 0.1187,
      "+1q": 0.1075,
      "0y": 0.091800004,
      "+1y": 0.1071,
      "LTG": null
    },
    "indexTrend": {
      "0q": 0.1273,
      "+1q": 0.103599995,
      "0y": 0.14310001,
      "+1y": 0.1557,
      "LTG": 0.122
    }
  },
  "revenue_forecasts": null,
  "dividend_rate": 4.32,
  "trailing_dividend_rate": 4.2
}