{
  "ticker": "TIT.MI",
  "name": "Telecom Italia",
  "country": "italy",
  "currency": "EUR",
  "last_fetched": "2026-02-26T20:49:20.885210",
  "market_cap": 13356441600,
  "revenue": 14430999552,
  "net_income": -215000000,
  "pe_ratio": null,
  "forward_pe": 38.574944,
  "dividend_yield": null,
  "profit_margin": -0.01455,
  "roe": -7e-05,
  "debt_to_equity": 110.088,
  "beta": 0.71,
  "ev_to_ebitda": 7.388,
  "sector": "Communication Services",
  "industry": "Telecom Services",
  "summary": "Telecom Italia S.p.A., together with its subsidiaries, engages in the fixed and mobile telecommunications services in Italy and internationally. The company operates through Domestic, Brazil, and Other Operations segments. It offers telephone and public telephony services, as well as products managed and developed for individuals and families; voice, data, and Internet services and products; and information and communications technology solutions for top, public sector and large account customers. The company also provides connectivity services; mobile phone services and fiber optic data transmission using IP technology and residential broadband services; and internet of things services. Telecom Italia S.p.A. was incorporated in 1908 and is headquartered in Rome, Italy.",
  "website": "https://www.gruppotim.it/en.html",
  "employees": 25512,
  "target_high": 0.75,
  "target_low": 0.36,
  "target_mean": 0.57125,
  "target_median": 0.62,
  "recommendation": "buy",
  "num_analysts": 16,
  "income_stmt": {
    "2024-12-31T00:00:00": {
      "Tax Effect Of Unusual Items": -69120000.0,
      "Tax Rate For Calcs": 0.24,
      "Normalized EBITDA": 5087000000.0,
      "Total Unusual Items": -288000000.0,
      "Total Unusual Items Excluding Goodwill": -288000000.0,
      "Net Income From Continuing Operation Net Minority Interest": -163000000.0,
      "Reconciled Depreciation": 3189000000.0,
      "Reconciled Cost Of Revenue": 7710000000.0,
      "EBITDA": 4799000000.0,
      "EBIT": 1610000000.0,
      "Net Interest Income": -1404000000.0,
      "Interest Expense": 1353000000.0,
      "Interest Income": 127000000.0,
      "Normalized Income": 55880000.0,
      "Net Income From Continuing And Discontinued Operation": -610000000.0,
      "Total Expenses": 12500000000.0,
      "Rent Expense Supplemental": 1067000000.0,
      "Total Operating Income As Reported": 1545000000.0,
      "Diluted Average Shares": 21260815393.0,
      "Basic Average Shares": 21260815393.0,
      "Diluted EPS": -0.028691,
      "Basic EPS": -0.028691,
      "Diluted NI Availto Com Stockholders": -610000000.0,
      "Net Income Common Stockholders": -610000000.0,
      "Otherunder Preferred Stock Dividend": 0.0,
      "Preferred Stock Dividends": null,
      "Net Income": -610000000.0,
      "Minority Interests": -246000000.0,
      "Net Income Including Noncontrolling Interests": -364000000.0,
      "Net Income Discontinuous Operations": -447000000.0,
      "Net Income Continuous Operations": 83000000.0,
      "Tax Provision": 174000000.0,
      "Pretax Income": 257000000.0,
      "Special Income Charges": -327000000.0,
      "Other Special Charges": -71000000.0,
      "Write Off": 326000000.0,
      "Impairment Of Capital Assets": 94000000.0,
      "Restructuring And Mergern Acquisition": 72000000.0,
      "Net Non Operating Interest Income Expense": -1404000000.0,
      "Total Other Finance Cost": 178000000.0,
      "Interest Expense Non Operating": 1353000000.0,
      "Interest Income Non Operating": 127000000.0,
      "Operating Income": 1942000000.0,
      "Operating Expense": 4790000000.0,
      "Other Operating Expenses": 421000000.0,
      "Depreciation And Amortization In Income Statement": 3189000000.0,
      "Amortization": 1419000000.0,
      "Depreciation Income Statement": 1770000000.0,
      "Gross Profit": 6732000000.0,
      "Cost Of Revenue": 7710000000.0,
      "Total Revenue": 14442000000.0,
      "Operating Revenue": 14442000000.0
    },
    "2023-12-31T00:00:00": {
      "Tax Effect Of Unusual Items": -143760000.0,
      "Tax Rate For Calcs": 0.24,
      "Normalized EBITDA": 5411000000.0,
      "Total Unusual Items": -599000000.0,
      "Total Unusual Items Excluding Goodwill": -599000000.0,
      "Net Income From Continuing Operation Net Minority Interest": -428000000.0,
      "Reconciled Depreciation": 3292000000.0,
      "Reconciled Cost Of Revenue": 7085000000.0,
      "EBITDA": 4812000000.0,
      "EBIT": 1520000000.0,
      "Net Interest Income": -1441000000.0,
      "Interest Expense": 1558000000.0,
      "Interest Income": 136000000.0,
      "Normalized Income": 27240000.0,
      "Net Income From Continuing And Discontinued Operation": -1441000000.0,
      "Total Expenses": 12285000000.0,
      "Rent Expense Supplemental": 930000000.0,
      "Total Operating Income As Reported": 1342000000.0,
      "Diluted Average Shares": 21259576090.0,
      "Basic Average Shares": 21250956237.0,
      "Diluted EPS": -0.06,
      "Basic EPS": -0.06,
      "Diluted NI Availto Com Stockholders": -1441000000.0,
      "Net Income Common Stockholders": -1441000000.0,
      "Otherunder Preferred Stock Dividend": 0.0,
      "Preferred Stock Dividends": null,
      "Net Income": -1441000000.0,
      "Minority Interests": -334000000.0,
      "Net Income Including Noncontrolling Interests": -1107000000.0,
      "Net Income Discontinuous Operations": -1013000000.0,
      "Net Income Continuous Operations": -94000000.0,
      "Tax Provision": 56000000.0,
      "Pretax Income": -38000000.0,
      "Special Income Charges": -639000000.0,
      "Other Special Charges": -49000000.0,
      "Write Off": 226000000.0,
      "Impairment Of Capital Assets": 0.0,
      "Restructuring And Mergern Acquisition": 462000000.0,
      "Net Non Operating Interest Income Expense": -1441000000.0,
      "Total Other Finance Cost": 19000000.0,
      "Interest Expense Non Operating": 1558000000.0,
      "Interest Income Non Operating": 136000000.0,
      "Operating Income": 2026000000.0,
      "Operating Expense": 5200000000.0,
      "Other Operating Expenses": 537000000.0,
      "Depreciation And Amortization In Income Statement": 3292000000.0,
      "Amortization": 1462000000.0,
      "Depreciation Income Statement": 1830000000.0,
      "Gross Profit": 7226000000.0,
      "Cost Of Revenue": 7085000000.0,
      "Total Revenue": 14311000000.0,
      "Operating Revenue": 14311000000.0
    },
    "2022-12-31T00:00:00": {
      "Tax Effect Of Unusual Items": -84720000.0,
      "Tax Rate For Calcs": 0.24,
      "Normalized EBITDA": 5863000000.0,
      "Total Unusual Items": -353000000.0,
      "Total Unusual Items Excluding Goodwill": -353000000.0,
      "Net Income From Continuing Operation Net Minority Interest": -2925000000.0,
      "Reconciled Depreciation": 4777000000.0,
      "Reconciled Cost Of Revenue": 6658000000.0,
      "EBITDA": 5510000000.0,
      "EBIT": 733000000.0,
      "Net Interest Income": -1392000000.0,
      "Interest Expense": 1321000000.0,
      "Interest Income": 122000000.0,
      "Normalized Income": -2656720000.0,
      "Net Income From Continuing And Discontinued Operation": -2925000000.0,
      "Total Expenses": 14677000000.0,
      "Rent Expense Supplemental": 798000000.0,
      "Total Operating Income As Reported": 606000000.0,
      "Diluted Average Shares": 21241889514.0,
      "Basic Average Shares": 21241889514.0,
      "Diluted EPS": -0.139996,
      "Basic EPS": -0.139996,
      "Diluted NI Availto Com Stockholders": -2925000000.0,
      "Net Income Common Stockholders": -2925000000.0,
      "Otherunder Preferred Stock Dividend": 0.0,
      "Preferred Stock Dividends": null,
      "Net Income": -2925000000.0,
      "Minority Interests": -271000000.0,
      "Net Income Including Noncontrolling Interests": -2654000000.0,
      "Net Income Discontinuous Operations": 0.0,
      "Net Income Continuous Operations": -2654000000.0,
      "Tax Provision": 2066000000.0,
      "Pretax Income": -588000000.0,
      "Special Income Charges": -299000000.0,
      "Other Special Charges": -266000000.0,
      "Write Off": 236000000.0,
      "Impairment Of Capital Assets": 0.0,
      "Restructuring And Mergern Acquisition": 329000000.0,
      "Net Non Operating Interest Income Expense": -1392000000.0,
      "Total Other Finance Cost": 193000000.0,
      "Interest Expense Non Operating": 1321000000.0,
      "Interest Income Non Operating": 122000000.0,
      "Operating Income": 1111000000.0,
      "Operating Expense": 8019000000.0,
      "Other Operating Expenses": 567000000.0,
      "Depreciation And Amortization In Income Statement": 4777000000.0,
      "Amortization": 1517000000.0,
      "Depreciation Income Statement": 3260000000.0,
      "Gross Profit": 9130000000.0,
      "Cost Of Revenue": 6658000000.0,
      "Total Revenue": 15788000000.0,
      "Operating Revenue": 15788000000.0
    },
    "2021-12-31T00:00:00": {
      "Tax Effect Of Unusual Items": -1100400000.0,
      "Tax Rate For Calcs": 0.24,
      "Normalized EBITDA": 5745000000.0,
      "Total Unusual Items": -4585000000.0,
      "Total Unusual Items Excluding Goodwill": -4585000000.0,
      "Net Income From Continuing Operation Net Minority Interest": -8652000000.0,
      "Reconciled Depreciation": 4490000000.0,
      "Reconciled Cost Of Revenue": 6065000000.0,
      "EBITDA": 1160000000.0,
      "EBIT": -3330000000.0,
      "Net Interest Income": -1230000000.0,
      "Interest Expense": 1185000000.0,
      "Interest Income": 75000000.0,
      "Normalized Income": -5167400000.0,
      "Net Income From Continuing And Discontinued Operation": -8652000000.0,
      "Total Expenses": 14100000000.0,
      "Rent Expense Supplemental": 603000000.0,
      "Total Operating Income As Reported": -3529000000.0,
      "Diluted Average Shares": 21205851081.0,
      "Basic Average Shares": 21205851081.0,
      "Diluted EPS": -0.399989,
      "Basic EPS": -0.399989,
      "Diluted NI Availto Com Stockholders": -8652000000.0,
      "Net Income Common Stockholders": -8652000000.0,
      "Otherunder Preferred Stock Dividend": 0.0,
      "Preferred Stock Dividends": 0.0,
      "Net Income": -8652000000.0,
      "Minority Interests": -252000000.0,
      "Net Income Including Noncontrolling Interests": -8400000000.0,
      "Net Income Discontinuous Operations": 0.0,
      "Net Income Continuous Operations": -8400000000.0,
      "Tax Provision": 3885000000.0,
      "Pretax Income": -4515000000.0,
      "Special Income Charges": -4626000000.0,
      "Other Special Charges": -135000000.0,
      "Write Off": 305000000.0,
      "Impairment Of Capital Assets": 4120000000.0,
      "Restructuring And Mergern Acquisition": 336000000.0,
      "Net Non Operating Interest Income Expense": -1230000000.0,
      "Total Other Finance Cost": 120000000.0,
      "Interest Expense Non Operating": 1185000000.0,
      "Interest Income Non Operating": 75000000.0,
      "Operating Income": 1216000000.0,
      "Operating Expense": 8035000000.0,
      "Other Operating Expenses": 1185000000.0,
      "Depreciation And Amortization In Income Statement": 4490000000.0,
      "Amortization": 1511000000.0,
      "Depreciation Income Statement": 2979000000.0,
      "Gross Profit": 9251000000.0,
      "Cost Of Revenue": 6065000000.0,
      "Total Revenue": 15316000000.0,
      "Operating Revenue": 15316000000.0
    }
  },
  "quarterly_income": {
    "2025-06-30T00:00:00": {
      "Tax Effect Of Unusual Items": -25440000.0,
      "Tax Rate For Calcs": 0.24,
      "Normalized EBITDA": 929000000.0,
      "Total Unusual Items": -106000000.0,
      "Total Unusual Items Excluding Goodwill": -106000000.0,
      "Net Income From Continuing Operation Net Minority Interest": 13000000.0,
      "Reconciled Depreciation": 738000000.0,
      "Reconciled Cost Of Revenue": 1851000000.0,
      "EBITDA": 823000000.0,
      "EBIT": 85000000.0,
      "Net Interest Income": -173000000.0,
      "Interest Expense": -22000000.0,
      "Interest Income": -147000000.0,
      "Normalized Income": 93560000.0,
      "Net Income From Continuing And Discontinued Operation": -8000000.0,
      "Total Expenses": 2880000000.0,
      "Total Operating Income As Reported": 320000000.0,
      "Diluted Average Shares": null,
      "Basic Average Shares": null,
      "Diluted EPS": null,
      "Basic EPS": null,
      "Diluted NI Availto Com Stockholders": -8000000.0,
      "Net Income Common Stockholders": -8000000.0,
      "Otherunder Preferred Stock Dividend": 0.0,
      "Net Income": -8000000.0,
      "Minority Interests": -51000000.0,
      "Net Income Including Noncontrolling Interests": 43000000.0,
      "Net Income Discontinuous Operations": -21000000.0,
      "Net Income Continuous Operations": 64000000.0,
      "Tax Provision": 43000000.0,
      "Pretax Income": 107000000.0,
      "Other Non Operating Income Expenses": null,
      "Special Income Charges": -79000000.0,
      "Other Special Charges": -26000000.0,
      "Write Off": 105000000.0,
      "Impairment Of Capital Assets": null,
      "Net Non Operating Interest Income Expense": -173000000.0,
      "Interest Expense Non Operating": -22000000.0,
      "Interest Income Non Operating": -147000000.0,
      "Operating Income": 441000000.0,
      "Operating Expense": 1029000000.0,
      "Other Operating Expenses": 47000000.0,
      "Depreciation And Amortization In Income Statement": 738000000.0,
      "Depreciation Income Statement": 74000000.0,
      "Gross Profit": 1470000000.0,
      "Cost Of Revenue": 1851000000.0,
      "Total Revenue": 3321000000.0,
      "Operating Revenue": 3321000000.0
    },
    "2025-03-31T00:00:00": {
      "Tax Effect Of Unusual Items": 464788.732394,
      "Tax Rate For Calcs": 0.15493,
      "Normalized EBITDA": 1162000000.0,
      "Total Unusual Items": 3000000.0,
      "Total Unusual Items Excluding Goodwill": 3000000.0,
      "Net Income From Continuing Operation Net Minority Interest": -103000000.0,
      "Reconciled Depreciation": 735000000.0,
      "Reconciled Cost Of Revenue": 1853000000.0,
      "EBITDA": 1165000000.0,
      "EBIT": 430000000.0,
      "Net Interest Income": -273000000.0,
      "Interest Expense": 501000000.0,
      "Interest Income": 228000000.0,
      "Normalized Income": -105535211.267606,
      "Net Income From Continuing And Discontinued Operation": -124000000.0,
      "Total Expenses": 3112000000.0,
      "Total Operating Income As Reported": 209000000.0,
      "Diluted Average Shares": 21260815393.0,
      "Basic Average Shares": 21260815393.0,
      "Diluted EPS": -0.005832,
      "Basic EPS": -0.005832,
      "Diluted NI Availto Com Stockholders": -124000000.0,
      "Net Income Common Stockholders": -124000000.0,
      "Otherunder Preferred Stock Dividend": 0.0,
      "Net Income": -124000000.0,
      "Minority Interests": -43000000.0,
      "Net Income Including Noncontrolling Interests": -81000000.0,
      "Net Income Discontinuous Operations": -21000000.0,
      "Net Income Continuous Operations": -60000000.0,
      "Tax Provision": -11000000.0,
      "Pretax Income": -71000000.0,
      "Other Non Operating Income Expenses": 42000000.0,
      "Special Income Charges": 3000000.0,
      "Other Special Charges": -3000000.0,
      "Write Off": 0.0,
      "Impairment Of Capital Assets": null,
      "Net Non Operating Interest Income Expense": -273000000.0,
      "Interest Expense Non Operating": 501000000.0,
      "Interest Income Non Operating": 228000000.0,
      "Operating Income": 164000000.0,
      "Operating Expense": 1259000000.0,
      "Other Operating Expenses": 141000000.0,
      "Depreciation And Amortization In Income Statement": 735000000.0,
      "Depreciation Income Statement": 735000000.0,
      "Gross Profit": 1423000000.0,
      "Cost Of Revenue": 1853000000.0,
      "Total Revenue": 3276000000.0,
      "Operating Revenue": 3276000000.0
    },
    "2024-12-31T00:00:00": {
      "Tax Effect Of Unusual Items": -69120000.0,
      "Tax Rate For Calcs": 0.24,
      "Normalized EBITDA": 597000000.0,
      "Total Unusual Items": -288000000.0,
      "Total Unusual Items Excluding Goodwill": -288000000.0,
      "Net Income From Continuing Operation Net Minority Interest": -99000000.0,
      "Reconciled Depreciation": 772000000.0,
      "Reconciled Cost Of Revenue": 2275000000.0,
      "EBITDA": 309000000.0,
      "EBIT": -463000000.0,
      "Net Interest Income": -313000000.0,
      "Interest Expense": -497000000.0,
      "Interest Income": -632000000.0,
      "Normalized Income": 119880000.0,
      "Net Income From Continuing And Discontinued Operation": -101000000.0,
      "Total Expenses": 3077000000.0,
      "Total Operating Income As Reported": 223000000.0,
      "Diluted Average Shares": null,
      "Basic Average Shares": null,
      "Diluted EPS": null,
      "Basic EPS": null,
      "Diluted NI Availto Com Stockholders": -101000000.0,
      "Net Income Common Stockholders": -101000000.0,
      "Otherunder Preferred Stock Dividend": 0.0,
      "Net Income": -101000000.0,
      "Minority Interests": -59000000.0,
      "Net Income Including Noncontrolling Interests": -42000000.0,
      "Net Income Discontinuous Operations": -2000000.0,
      "Net Income Continuous Operations": -40000000.0,
      "Tax Provision": 74000000.0,
      "Pretax Income": 34000000.0,
      "Other Non Operating Income Expenses": null,
      "Special Income Charges": -327000000.0,
      "Other Special Charges": -57000000.0,
      "Write Off": 312000000.0,
      "Impairment Of Capital Assets": 80000000.0,
      "Net Non Operating Interest Income Expense": -313000000.0,
      "Interest Expense Non Operating": -497000000.0,
      "Interest Income Non Operating": -632000000.0,
      "Operating Income": 735000000.0,
      "Operating Expense": 802000000.0,
      "Other Operating Expenses": -45000000.0,
      "Depreciation And Amortization In Income Statement": 772000000.0,
      "Depreciation Income Statement": -647000000.0,
      "Gross Profit": 1537000000.0,
      "Cost Of Revenue": 2275000000.0,
      "Total Revenue": 3812000000.0,
      "Operating Revenue": 3812000000.0
    },
    "2024-09-30T00:00:00": {
      "Tax Effect Of Unusual Items": 28800000.0,
      "Tax Rate For Calcs": 0.24,
      "Normalized EBITDA": 1068000000.0,
      "Total Unusual Items": 120000000.0,
      "Total Unusual Items Excluding Goodwill": 120000000.0,
      "Net Income From Continuing Operation Net Minority Interest": -58000000.0,
      "Reconciled Depreciation": 784000000.0,
      "Reconciled Cost Of Revenue": 2050000000.0,
      "EBITDA": 1188000000.0,
      "EBIT": 404000000.0,
      "Net Interest Income": -279000000.0,
      "Interest Expense": 351000000.0,
      "Interest Income": 72000000.0,
      "Normalized Income": -149200000.0,
      "Net Income From Continuing And Discontinued Operation": 137000000.0,
      "Total Expenses": 3475000000.0,
      "Total Operating Income As Reported": 329000000.0,
      "Diluted Average Shares": null,
      "Basic Average Shares": null,
      "Diluted EPS": null,
      "Basic EPS": null,
      "Diluted NI Availto Com Stockholders": 137000000.0,
      "Net Income Common Stockholders": 137000000.0,
      "Otherunder Preferred Stock Dividend": 0.0,
      "Net Income": 137000000.0,
      "Minority Interests": -44000000.0,
      "Net Income Including Noncontrolling Interests": 181000000.0,
      "Net Income Discontinuous Operations": 195000000.0,
      "Net Income Continuous Operations": -14000000.0,
      "Tax Provision": 67000000.0,
      "Pretax Income": 53000000.0,
      "Other Non Operating Income Expenses": null,
      "Special Income Charges": 120000000.0,
      "Other Special Charges": -12000000.0,
      "Write Off": -108000000.0,
      "Impairment Of Capital Assets": 0.0,
      "Net Non Operating Interest Income Expense": -279000000.0,
      "Interest Expense Non Operating": 351000000.0,
      "Interest Income Non Operating": 72000000.0,
      "Operating Income": 94000000.0,
      "Operating Expense": 1425000000.0,
      "Other Operating Expenses": 260000000.0,
      "Depreciation And Amortization In Income Statement": 784000000.0,
      "Depreciation Income Statement": 1520000000.0,
      "Gross Profit": 1519000000.0,
      "Cost Of Revenue": 2050000000.0,
      "Total Revenue": 3569000000.0,
      "Operating Revenue": 3569000000.0
    },
    "2024-06-30T00:00:00": {
      "Tax Effect Of Unusual Items": -26640000.0,
      "Tax Rate For Calcs": 0.24,
      "Normalized EBITDA": 1708000000.0,
      "Total Unusual Items": -111000000.0,
      "Total Unusual Items Excluding Goodwill": -111000000.0,
      "Net Income From Continuing Operation Net Minority Interest": 394000000.0,
      "Reconciled Depreciation": 429000000.0,
      "Reconciled Cost Of Revenue": 1746000000.0,
      "EBITDA": 1597000000.0,
      "EBIT": 1168000000.0,
      "Net Interest Income": -310000000.0,
      "Interest Expense": 698000000.0,
      "Interest Income": 388000000.0,
      "Normalized Income": 478360000.0,
      "Net Income From Continuing And Discontinued Operation": -246000000.0,
      "Total Expenses": 2200000000.0,
      "Total Operating Income As Reported": 786000000.0,
      "Diluted Average Shares": null,
      "Basic Average Shares": null,
      "Diluted EPS": null,
      "Basic EPS": null,
      "Diluted NI Availto Com Stockholders": -246000000.0,
      "Net Income Common Stockholders": -246000000.0,
      "Otherunder Preferred Stock Dividend": 0.0,
      "Net Income": -246000000.0,
      "Minority Interests": -85000000.0,
      "Net Income Including Noncontrolling Interests": -161000000.0,
      "Net Income Discontinuous Operations": -640000000.0,
      "Net Income Continuous Operations": 479000000.0,
      "Tax Provision": -9000000.0,
      "Pretax Income": 470000000.0,
      "Other Non Operating Income Expenses": null,
      "Special Income Charges": -111000000.0,
      "Other Special Charges": -3000000.0,
      "Write Off": 114000000.0,
      "Impairment Of Capital Assets": 6000000.0,
      "Net Non Operating Interest Income Expense": -310000000.0,
      "Interest Expense Non Operating": 698000000.0,
      "Interest Income Non Operating": 388000000.0,
      "Operating Income": 931000000.0,
      "Operating Expense": 454000000.0,
      "Other Operating Expenses": 12000000.0,
      "Depreciation And Amortization In Income Statement": 429000000.0,
      "Depreciation Income Statement": -307000000.0,
      "Gross Profit": 1385000000.0,
      "Cost Of Revenue": 1746000000.0,
      "Total Revenue": 3131000000.0,
      "Operating Revenue": 3131000000.0
    }
  },
  "balance_sheet": {
    "2024-12-31T00:00:00": {
      "Treasury Shares Number": 96442802.0,
      "Ordinary Shares Number": 21260815393.0,
      "Share Issued": 21357258195.0,
      "Net Debt": 8849000000.0,
      "Total Debt": 14717000000.0,
      "Tangible Book Value": -5125000000.0,
      "Invested Capital": 23730000000.0,
      "Working Capital": -2325000000.0,
      "Net Tangible Assets": -5125000000.0,
      "Capital Lease Obligations": 2944000000.0,
      "Common Stock Equity": 11957000000.0,
      "Total Capitalization": 20185000000.0,
      "Total Equity Gross Minority Interest": 13361000000.0,
      "Minority Interest": 1404000000.0,
      "Stockholders Equity": 11957000000.0,
      "Treasury Stock": 53000000.0,
      "Additional Paid In Capital": 0.0,
      "Capital Stock": 11677000000.0,
      "Common Stock": 11677000000.0,
      "Total Liabilities Net Minority Interest": 24302000000.0,
      "Total Non Current Liabilities Net Minority Interest": 12791000000.0,
      "Derivative Product Liabilities": 196000000.0,
      "Non Current Pension And Other Postretirement Benefit Plans": 200000000.0,
      "Tradeand Other Payables Non Current": 408000000.0,
      "Non Current Deferred Revenue": 488000000.0,
      "Non Current Deferred Taxes Liabilities": 61000000.0,
      "Long Term Debt And Capital Lease Obligation": 10649000000.0,
      "Long Term Capital Lease Obligation": 2421000000.0,
      "Long Term Debt": 8228000000.0,
      "Long Term Provisions": 485000000.0,
      "Current Liabilities": 11511000000.0,
      "Other Current Liabilities": null,
      "Current Debt And Capital Lease Obligation": 4068000000.0,
      "Current Capital Lease Obligation": 523000000.0,
      "Current Debt": 3545000000.0,
      "Pensionand Other Post Retirement Benefit Plans Current": 3000000.0,
      "Current Provisions": 392000000.0,
      "Payables": 5813000000.0,
      "Other Payable": 1234000000.0,
      "Dividends Payable": 48000000.0,
      "Total Tax Payable": 180000000.0,
      "Accounts Payable": 4351000000.0,
      "Total Assets": 37663000000.0,
      "Total Non Current Assets": 28477000000.0,
      "Other Non Current Assets": null,
      "Non Current Deferred Assets": 1249000000.0,
      "Non Current Deferred Taxes Assets": 513000000.0,
      "Financial Assets": 635000000.0,
      "Investmentin Financial Assets": 150000000.0,
      "Available For Sale Securities": 150000000.0,
      "Long Term Equity Investment": 265000000.0,
      "Investmentsin Joint Venturesat Cost": 49000000.0,
      "Investmentsin Associatesat Cost": 216000000.0,
      "Goodwill And Other Intangible Assets": 17082000000.0,
      "Other Intangible Assets": 6052000000.0,
      "Goodwill": 11030000000.0,
      "Net PPE": 7986000000.0,
      "Accumulated Depreciation": -24509000000.0,
      "Gross PPE": 32495000000.0,
      "Construction In Progress": 538000000.0,
      "Other Properties": 8338000000.0,
      "Machinery Furniture Equipment": 21679000000.0,
      "Buildings And Improvements": 1892000000.0,
      "Land And Improvements": 48000000.0,
      "Properties": 0.0,
      "Current Assets": 9186000000.0,
      "Hedging Assets Current": 107000000.0,
      "Assets Held For Sale Current": 0.0,
      "Current Deferred Assets": 886000000.0,
      "Prepaid Assets": 198000000.0,
      "Inventory": 256000000.0,
      "Finished Goods": 251000000.0,
      "Work In Process": 2000000.0,
      "Raw Materials": 3000000.0,
      "Other Receivables": 580000000.0,
      "Taxes Receivable": 343000000.0,
      "Accounts Receivable": 2309000000.0,
      "Allowance For Doubtful Accounts Receivable": -388000000.0,
      "Gross Accounts Receivable": 2697000000.0,
      "Cash Cash Equivalents And Short Term Investments": 4463000000.0,
      "Other Short Term Investments": 1539000000.0,
      "Cash And Cash Equivalents": 2924000000.0,
      "Cash Equivalents": 496000000.0,
      "Cash Financial": 2428000000.0
    },
    "2023-12-31T00:00:00": {
      "Treasury Shares Number": 105062422.0,
      "Ordinary Shares Number": 21252195773.0,
      "Share Issued": 21357258195.0,
      "Net Debt": 23058000000.0,
      "Total Debt": 31551000000.0,
      "Tangible Book Value": -12676000000.0,
      "Invested Capital": 39616000000.0,
      "Working Capital": -5140000000.0,
      "Net Tangible Assets": -12676000000.0,
      "Capital Lease Obligations": 5581000000.0,
      "Common Stock Equity": 13646000000.0,
      "Total Capitalization": 34205000000.0,
      "Total Equity Gross Minority Interest": 17513000000.0,
      "Minority Interest": 3867000000.0,
      "Stockholders Equity": 13646000000.0,
      "Treasury Stock": 57000000.0,
      "Additional Paid In Capital": 575000000.0,
      "Capital Stock": 11677000000.0,
      "Common Stock": 11677000000.0,
      "Total Liabilities Net Minority Interest": 44646000000.0,
      "Total Non Current Liabilities Net Minority Interest": 28626000000.0,
      "Derivative Product Liabilities": 412000000.0,
      "Non Current Pension And Other Postretirement Benefit Plans": 511000000.0,
      "Tradeand Other Payables Non Current": 894000000.0,
      "Non Current Deferred Revenue": 432000000.0,
      "Non Current Deferred Taxes Liabilities": 83000000.0,
      "Long Term Debt And Capital Lease Obligation": 25302000000.0,
      "Long Term Capital Lease Obligation": 4743000000.0,
      "Long Term Debt": 20559000000.0,
      "Long Term Provisions": 679000000.0,
      "Current Liabilities": 16020000000.0,
      "Other Current Liabilities": 43000000.0,
      "Current Debt And Capital Lease Obligation": 6249000000.0,
      "Current Capital Lease Obligation": 838000000.0,
      "Current Debt": 5411000000.0,
      "Pensionand Other Post Retirement Benefit Plans Current": 4000000.0,
      "Current Provisions": 506000000.0,
      "Payables": 7979000000.0,
      "Other Payable": 2265000000.0,
      "Dividends Payable": 52000000.0,
      "Total Tax Payable": 221000000.0,
      "Accounts Payable": 5441000000.0,
      "Total Assets": 62159000000.0,
      "Total Non Current Assets": 51279000000.0,
      "Other Non Current Assets": null,
      "Non Current Deferred Assets": 1797000000.0,
      "Non Current Deferred Taxes Assets": 701000000.0,
      "Financial Assets": 1063000000.0,
      "Investmentin Financial Assets": 140000000.0,
      "Available For Sale Securities": 140000000.0,
      "Long Term Equity Investment": 537000000.0,
      "Investmentsin Joint Venturesat Cost": 44000000.0,
      "Investmentsin Associatesat Cost": 493000000.0,
      "Goodwill And Other Intangible Assets": 26322000000.0,
      "Other Intangible Assets": 7152000000.0,
      "Goodwill": 19170000000.0,
      "Net PPE": 20177000000.0,
      "Accumulated Depreciation": -74825000000.0,
      "Gross PPE": 95002000000.0,
      "Construction In Progress": 1081000000.0,
      "Other Properties": 9041000000.0,
      "Machinery Furniture Equipment": 76271000000.0,
      "Buildings And Improvements": 8377000000.0,
      "Land And Improvements": 232000000.0,
      "Properties": 0.0,
      "Current Assets": 10880000000.0,
      "Hedging Assets Current": 174000000.0,
      "Assets Held For Sale Current": 0.0,
      "Current Deferred Assets": 931000000.0,
      "Prepaid Assets": 362000000.0,
      "Inventory": 318000000.0,
      "Finished Goods": 314000000.0,
      "Work In Process": 2000000.0,
      "Raw Materials": 2000000.0,
      "Other Receivables": 856000000.0,
      "Taxes Receivable": 376000000.0,
      "Accounts Receivable": 2907000000.0,
      "Allowance For Doubtful Accounts Receivable": -463000000.0,
      "Gross Accounts Receivable": 3370000000.0,
      "Cash Cash Equivalents And Short Term Investments": 4794000000.0,
      "Other Short Term Investments": 1882000000.0,
      "Cash And Cash Equivalents": 2912000000.0,
      "Cash Equivalents": 618000000.0,
      "Cash Financial": 2294000000.0
    },
    "2022-12-31T00:00:00": {
      "Treasury Shares Number": 115942196.0,
      "Ordinary Shares Number": 21241315999.0,
      "Share Issued": 21357258195.0,
      "Net Debt": 22167000000.0,
      "Total Debt": 31189000000.0,
      "Tangible Book Value": -11720000000.0,
      "Invested Capital": 40783000000.0,
      "Working Capital": -3910000000.0,
      "Net Tangible Assets": -11720000000.0,
      "Capital Lease Obligations": 5467000000.0,
      "Common Stock Equity": 15061000000.0,
      "Total Capitalization": 36218000000.0,
      "Total Equity Gross Minority Interest": 18725000000.0,
      "Minority Interest": 3664000000.0,
      "Stockholders Equity": 15061000000.0,
      "Treasury Stock": 63000000.0,
      "Additional Paid In Capital": 2133000000.0,
      "Capital Stock": 11677000000.0,
      "Common Stock": 11677000000.0,
      "Total Liabilities Net Minority Interest": 43302000000.0,
      "Total Non Current Liabilities Net Minority Interest": 29160000000.0,
      "Derivative Product Liabilities": 277000000.0,
      "Non Current Pension And Other Postretirement Benefit Plans": 684000000.0,
      "Tradeand Other Payables Non Current": 705000000.0,
      "Non Current Deferred Revenue": 441000000.0,
      "Non Current Deferred Taxes Liabilities": 84000000.0,
      "Long Term Debt And Capital Lease Obligation": 25754000000.0,
      "Long Term Capital Lease Obligation": 4597000000.0,
      "Long Term Debt": 21157000000.0,
      "Long Term Provisions": 910000000.0,
      "Current Liabilities": 14142000000.0,
      "Other Current Liabilities": 36000000.0,
      "Current Debt And Capital Lease Obligation": 5435000000.0,
      "Current Capital Lease Obligation": 870000000.0,
      "Current Debt": 4565000000.0,
      "Pensionand Other Post Retirement Benefit Plans Current": 108000000.0,
      "Current Provisions": 344000000.0,
      "Payables": 6846000000.0,
      "Other Payable": 1253000000.0,
      "Dividends Payable": 48000000.0,
      "Total Tax Payable": 250000000.0,
      "Accounts Payable": 5295000000.0,
      "Total Assets": 62027000000.0,
      "Total Non Current Assets": 51795000000.0,
      "Other Non Current Assets": 14000000.0,
      "Non Current Deferred Assets": 1805000000.0,
      "Non Current Deferred Taxes Assets": 769000000.0,
      "Financial Assets": 1554000000.0,
      "Investmentin Financial Assets": 116000000.0,
      "Available For Sale Securities": 116000000.0,
      "Long Term Equity Investment": 539000000.0,
      "Investmentsin Joint Venturesat Cost": 26000000.0,
      "Investmentsin Associatesat Cost": 513000000.0,
      "Goodwill And Other Intangible Assets": 26781000000.0,
      "Other Intangible Assets": 7670000000.0,
      "Goodwill": 19111000000.0,
      "Net PPE": 19574000000.0,
      "Accumulated Depreciation": -71891000000.0,
      "Gross PPE": 91465000000.0,
      "Construction In Progress": 869000000.0,
      "Other Properties": 8675000000.0,
      "Machinery Furniture Equipment": 73824000000.0,
      "Buildings And Improvements": 7862000000.0,
      "Land And Improvements": 235000000.0,
      "Properties": 0.0,
      "Current Assets": 10232000000.0,
      "Hedging Assets Current": 131000000.0,
      "Assets Held For Sale Current": 0.0,
      "Current Deferred Assets": 906000000.0,
      "Prepaid Assets": 320000000.0,
      "Inventory": 284000000.0,
      "Finished Goods": 274000000.0,
      "Work In Process": 8000000.0,
      "Raw Materials": 2000000.0,
      "Other Receivables": 348000000.0,
      "Taxes Receivable": 299000000.0,
      "Accounts Receivable": 2874000000.0,
      "Allowance For Doubtful Accounts Receivable": -499000000.0,
      "Gross Accounts Receivable": 3373000000.0,
      "Cash Cash Equivalents And Short Term Investments": 5001000000.0,
      "Other Short Term Investments": 1446000000.0,
      "Cash And Cash Equivalents": 3555000000.0,
      "Cash Equivalents": 933000000.0,
      "Cash Financial": 2622000000.0
    },
    "2021-12-31T00:00:00": {
      "Treasury Shares Number": 115942196.0,
      "Ordinary Shares Number": 21241315999.0,
      "Share Issued": 21357258195.0,
      "Net Debt": 20484000000.0,
      "Total Debt": 32103000000.0,
      "Tangible Book Value": -8304000000.0,
      "Invested Capital": 44802000000.0,
      "Working Capital": -2294000000.0,
      "Net Tangible Assets": -8304000000.0,
      "Capital Lease Obligations": 4715000000.0,
      "Common Stock Equity": 17414000000.0,
      "Total Capitalization": 39191000000.0,
      "Total Equity Gross Minority Interest": 22039000000.0,
      "Minority Interest": 4625000000.0,
      "Stockholders Equity": 17414000000.0,
      "Treasury Stock": 63000000.0,
      "Additional Paid In Capital": 2133000000.0,
      "Capital Stock": 11677000000.0,
      "Common Stock": 11677000000.0,
      "Total Liabilities Net Minority Interest": 47148000000.0,
      "Total Non Current Liabilities Net Minority Interest": 30784000000.0,
      "Derivative Product Liabilities": 1354000000.0,
      "Non Current Pension And Other Postretirement Benefit Plans": 699000000.0,
      "Tradeand Other Payables Non Current": 957000000.0,
      "Non Current Deferred Revenue": 456000000.0,
      "Non Current Deferred Taxes Liabilities": 245000000.0,
      "Long Term Debt And Capital Lease Obligation": 25841000000.0,
      "Long Term Capital Lease Obligation": 4064000000.0,
      "Long Term Debt": 21777000000.0,
      "Long Term Provisions": 926000000.0,
      "Current Liabilities": 16364000000.0,
      "Other Current Liabilities": 28000000.0,
      "Current Debt And Capital Lease Obligation": 6262000000.0,
      "Current Capital Lease Obligation": 651000000.0,
      "Current Debt": 5611000000.0,
      "Pensionand Other Post Retirement Benefit Plans Current": 0.0,
      "Current Provisions": 562000000.0,
      "Payables": 6496000000.0,
      "Other Payable": 836000000.0,
      "Dividends Payable": 36000000.0,
      "Total Tax Payable": 463000000.0,
      "Accounts Payable": 5161000000.0,
      "Total Assets": 69187000000.0,
      "Total Non Current Assets": 55117000000.0,
      "Other Non Current Assets": 3000000.0,
      "Non Current Deferred Assets": 1833000000.0,
      "Non Current Deferred Taxes Assets": 3513000000.0,
      "Financial Assets": 2035000000.0,
      "Investmentin Financial Assets": 156000000.0,
      "Available For Sale Securities": 156000000.0,
      "Long Term Equity Investment": 2979000000.0,
      "Investmentsin Joint Venturesat Cost": null,
      "Investmentsin Associatesat Cost": null,
      "Goodwill And Other Intangible Assets": 25718000000.0,
      "Other Intangible Assets": 7150000000.0,
      "Goodwill": 18568000000.0,
      "Net PPE": 18155000000.0,
      "Accumulated Depreciation": -68006000000.0,
      "Gross PPE": 86161000000.0,
      "Construction In Progress": 874000000.0,
      "Other Properties": 7230000000.0,
      "Machinery Furniture Equipment": 70535000000.0,
      "Buildings And Improvements": 7287000000.0,
      "Land And Improvements": 235000000.0,
      "Properties": 0.0,
      "Current Assets": 14070000000.0,
      "Hedging Assets Current": 121000000.0,
      "Assets Held For Sale Current": 0.0,
      "Current Deferred Assets": 815000000.0,
      "Prepaid Assets": 299000000.0,
      "Inventory": 253000000.0,
      "Finished Goods": 246000000.0,
      "Work In Process": 5000000.0,
      "Raw Materials": 2000000.0,
      "Other Receivables": 351000000.0,
      "Taxes Receivable": 347000000.0,
      "Accounts Receivable": 2675000000.0,
      "Allowance For Doubtful Accounts Receivable": -565000000.0,
      "Gross Accounts Receivable": 3240000000.0,
      "Cash Cash Equivalents And Short Term Investments": 9153000000.0,
      "Other Short Term Investments": 2249000000.0,
      "Cash And Cash Equivalents": 6904000000.0,
      "Cash Equivalents": 812000000.0,
      "Cash Financial": 6092000000.0
    }
  },
  "cashflow": {
    "2024-12-31T00:00:00": {
      "Free Cash Flow": 402000000.0,
      "Capital Expenditure": -2849000000.0,
      "End Cash Position": 2924000000.0,
      "Beginning Cash Position": 2912000000.0,
      "Effect Of Exchange Rate Changes": -101000000.0,
      "Changes In Cash": 113000000.0,
      "Other Cash Adjustment Inside Changein Cash": -1244000000.0,
      "Financing Cash Flow": -7255000000.0,
      "Net Other Financing Charges": -7096000000.0,
      "Cash Dividends Paid": -159000000.0,
      "Net Common Stock Issuance": 0.0,
      "Investing Cash Flow": 5361000000.0,
      "Net Other Investing Changes": 2904000000.0,
      "Net Investment Purchase And Sale": -34000000.0,
      "Net Business Purchase And Sale": 4165000000.0,
      "Sale Of Business": 4169000000.0,
      "Purchase Of Business": -4000000.0,
      "Net Intangibles Purchase And Sale": 320000000.0,
      "Sale Of Intangibles": 1175000000.0,
      "Purchase Of Intangibles": -855000000.0,
      "Net PPE Purchase And Sale": -1994000000.0,
      "Purchase Of PPE": -1994000000.0,
      "Operating Cash Flow": 3251000000.0,
      "Change In Working Capital": -62000000.0,
      "Change In Other Current Assets": -85000000.0,
      "Change In Payable": -80000000.0,
      "Change In Inventory": -23000000.0,
      "Change In Receivables": 138000000.0,
      "Depreciation And Amortization": 3189000000.0,
      "Amortization Cash Flow": 1419000000.0,
      "Depreciation": 1770000000.0,
      "Gain Loss On Investment Securities": -73000000.0,
      "Net Income From Continuing Operations": 83000000.0
    },
    "2023-12-31T00:00:00": {
      "Free Cash Flow": 661000000.0,
      "Capital Expenditure": -2832000000.0,
      "End Cash Position": 2912000000.0,
      "Beginning Cash Position": 3555000000.0,
      "Effect Of Exchange Rate Changes": 18000000.0,
      "Changes In Cash": -661000000.0,
      "Other Cash Adjustment Inside Changein Cash": -1091000000.0,
      "Financing Cash Flow": -241000000.0,
      "Net Other Financing Charges": 32000000.0,
      "Cash Dividends Paid": -273000000.0,
      "Net Common Stock Issuance": 0.0,
      "Investing Cash Flow": -2822000000.0,
      "Net Other Investing Changes": -623000000.0,
      "Net Investment Purchase And Sale": -49000000.0,
      "Net Business Purchase And Sale": 19000000.0,
      "Sale Of Business": 19000000.0,
      "Purchase Of Business": null,
      "Net Intangibles Purchase And Sale": -175000000.0,
      "Sale Of Intangibles": 663000000.0,
      "Purchase Of Intangibles": -838000000.0,
      "Net PPE Purchase And Sale": -1994000000.0,
      "Purchase Of PPE": -1994000000.0,
      "Operating Cash Flow": 3493000000.0,
      "Change In Working Capital": 307000000.0,
      "Change In Other Current Assets": 559000000.0,
      "Change In Payable": 28000000.0,
      "Change In Inventory": -11000000.0,
      "Change In Receivables": -5000000.0,
      "Depreciation And Amortization": 3292000000.0,
      "Amortization Cash Flow": 1462000000.0,
      "Depreciation": 1830000000.0,
      "Gain Loss On Investment Securities": -35000000.0,
      "Net Income From Continuing Operations": -94000000.0
    },
    "2022-12-31T00:00:00": {
      "Free Cash Flow": -1410000000.0,
      "Capital Expenditure": -6305000000.0,
      "End Cash Position": 3555000000.0,
      "Beginning Cash Position": 6904000000.0,
      "Effect Of Exchange Rate Changes": -40000000.0,
      "Changes In Cash": -3309000000.0,
      "Other Cash Adjustment Inside Changein Cash": 0.0,
      "Financing Cash Flow": -2869000000.0,
      "Net Other Financing Charges": -2803000000.0,
      "Cash Dividends Paid": -68000000.0,
      "Net Common Stock Issuance": 2000000.0,
      "Investing Cash Flow": -5335000000.0,
      "Net Other Investing Changes": 972000000.0,
      "Net Investment Purchase And Sale": -26000000.0,
      "Net Business Purchase And Sale": -38000000.0,
      "Sale Of Business": 1278000000.0,
      "Purchase Of Business": -1316000000.0,
      "Net Intangibles Purchase And Sale": -2462000000.0,
      "Sale Of Intangibles": 62000000.0,
      "Purchase Of Intangibles": -2524000000.0,
      "Net PPE Purchase And Sale": -3781000000.0,
      "Purchase Of PPE": -3781000000.0,
      "Operating Cash Flow": 4895000000.0,
      "Change In Working Capital": 3028000000.0,
      "Change In Other Current Assets": 2504000000.0,
      "Change In Payable": 484000000.0,
      "Change In Inventory": -35000000.0,
      "Change In Receivables": -81000000.0,
      "Depreciation And Amortization": 4777000000.0,
      "Amortization Cash Flow": 1517000000.0,
      "Depreciation": 3260000000.0,
      "Gain Loss On Investment Securities": -242000000.0,
      "Net Income From Continuing Operations": -2654000000.0
    },
    "2021-12-31T00:00:00": {
      "Free Cash Flow": -961000000.0,
      "Capital Expenditure": -5297000000.0,
      "End Cash Position": 6904000000.0,
      "Beginning Cash Position": 4508000000.0,
      "Effect Of Exchange Rate Changes": 13000000.0,
      "Changes In Cash": 2383000000.0,
      "Other Cash Adjustment Inside Changein Cash": 0.0,
      "Financing Cash Flow": 3164000000.0,
      "Net Other Financing Charges": 3574000000.0,
      "Cash Dividends Paid": -368000000.0,
      "Net Common Stock Issuance": -42000000.0,
      "Investing Cash Flow": -5117000000.0,
      "Net Other Investing Changes": -1180000000.0,
      "Net Investment Purchase And Sale": -100000000.0,
      "Net Business Purchase And Sale": 172000000.0,
      "Sale Of Business": 172000000.0,
      "Purchase Of Business": 0.0,
      "Net Intangibles Purchase And Sale": -598000000.0,
      "Sale Of Intangibles": 1288000000.0,
      "Purchase Of Intangibles": -1886000000.0,
      "Net PPE Purchase And Sale": -3411000000.0,
      "Purchase Of PPE": -3411000000.0,
      "Operating Cash Flow": 4336000000.0,
      "Change In Working Capital": 4286000000.0,
      "Change In Other Current Assets": 3814000000.0,
      "Change In Payable": 337000000.0,
      "Change In Inventory": -39000000.0,
      "Change In Receivables": 257000000.0,
      "Depreciation And Amortization": 4490000000.0,
      "Amortization Cash Flow": 1511000000.0,
      "Depreciation": 2979000000.0,
      "Gain Loss On Investment Securities": -120000000.0,
      "Net Income From Continuing Operations": -8400000000.0
    }
  },
  "earnings_estimate": {
    "avg": {
      "0q": 0.0,
      "+1q": null,
      "0y": 0.00426,
      "+1y": 0.01628
    },
    "low": {
      "0q": 0.0,
      "+1q": null,
      "0y": -0.01,
      "+1y": 0.01
    },
    "high": {
      "0q": 0.0,
      "+1q": null,
      "0y": 0.022,
      "+1y": 0.024
    },
    "numberOfAnalysts": {
      "0q": 1.0,
      "+1q": null,
      "0y": 7.0,
      "+1y": 8.0
    },
    "yearAgoEps": {
      "0q": null,
      "+1q": null,
      "0y": -0.0281,
      "+1y": 0.00426
    },
    "growth": {
      "0q": null,
      "+1q": null,
      "0y": 1.1516,
      "+1y": 2.8216
    }
  },
  "revenue_estimate": {
    "avg": {
      "0q": 3725969830,
      "+1q": 0,
      "0y": 13791955440,
      "+1y": 14155764030
    },
    "low": {
      "0q": 3688409000,
      "+1q": 0,
      "0y": 13657000000,
      "+1y": 13979000000
    },
    "high": {
      "0q": 3800000000,
      "+1q": 0,
      "0y": 14558000000,
      "+1y": 14517000000
    },
    "numberOfAnalysts": {
      "0q": 6,
      "+1q": 0,
      "0y": 13,
      "+1y": 12
    },
    "yearAgoRevenue": {
      "0q": 2920000000.0,
      "+1q": null,
      "0y": 14442000000.0,
      "+1y": 13791955440.0
    },
    "growth": {
      "0q": 0.276,
      "+1q": null,
      "0y": -0.045,
      "+1y": 0.026400002
    }
  },
  "growth_estimates": {
    "stockTrend": {
      "0q": null,
      "+1q": null,
      "0y": 1.1516,
      "+1y": 2.8216,
      "LTG": null
    },
    "indexTrend": {
      "0q": 0.1273,
      "+1q": 0.103599995,
      "0y": 0.14310001,
      "+1y": 0.1557,
      "LTG": 0.122
    }
  },
  "revenue_forecasts": null,
  "dividend_rate": null,
  "trailing_dividend_rate": 0.0
}