{
  "ticker": "TRI.TO",
  "name": "Thomson Reuters",
  "country": "canada",
  "currency": "CAD",
  "last_fetched": "2026-02-26T20:52:23.518594",
  "market_cap": 60706897920,
  "revenue": 7475999744,
  "net_income": 1479000064,
  "pe_ratio": 30.315556,
  "forward_pe": 19.78751,
  "dividend_yield": 2.62,
  "profit_margin": 0.20091,
  "roe": 0.124,
  "debt_to_equity": 19.582,
  "beta": 0.296,
  "ev_to_ebitda": 26.575,
  "sector": "Industrials",
  "industry": "Specialty Business Services",
  "summary": "Thomson Reuters Corporation operates as a content and technology company in the Americas, Europe, the Middle East, Africa, and the Asia Pacific. It operates through five segments: Legal Professionals, Corporates, Tax and Accounting Professionals, Reuters News, and Global Print. The Legal Professionals segment offers research and workflow products focusing on legal research and integrated legal workflow solutions that combine content, tools, and analytics to law firms and governments. The Corporates segment provides a suite of content-driven technologies, including generative AI and integrated compliance workflow solutions to small businesses and multinational organizations. The Tax and Accounting Professionals segment offers research and workflow products to tax, audit, and accounting firms. The Reuters News segment provides business, financial, and international news to media organizations, professional, and news consumers through Reuters News Agency, Reuters.com, Reuters Events, Thomson Reuters products, and to financial firms. The Global Print segment offers legal and tax information primarily in print format. The company was formerly known as The Thomson Corporation and changed its name to Thomson Reuters Corporation in April 2008. The company was founded in 1799 and is headquartered in Toronto, Canada. Thomson Reuters Corporation is a subsidiary of The Woodbridge Company Limited.",
  "website": "https://www.thomsonreuters.com",
  "employees": null,
  "target_high": 287.259,
  "target_low": 134.77371,
  "target_mean": 187.1477,
  "target_median": 173.0113,
  "recommendation": "buy",
  "num_analysts": 8,
  "income_stmt": {
    "2024-12-31T00:00:00": {
      "Tax Effect Of Unusual Items": 40200000.0,
      "Tax Rate For Calcs": 0.15,
      "Normalized EBITDA": 2784000000.0,
      "Total Unusual Items": 268000000.0,
      "Total Unusual Items Excluding Goodwill": 268000000.0,
      "Net Income From Continuing Operation Net Minority Interest": 2195000000.0,
      "Reconciled Depreciation": 822000000.0,
      "Reconciled Cost Of Revenue": 1791000000.0,
      "EBITDA": 3052000000.0,
      "EBIT": 2230000000.0,
      "Net Interest Income": -135000000.0,
      "Interest Expense": 201000000.0,
      "Interest Income": 76000000.0,
      "Normalized Income": 1967200000.0,
      "Net Income From Continuing And Discontinued Operation": 2210000000.0,
      "Total Expenses": 5362000000.0,
      "Total Operating Income As Reported": 2109000000.0,
      "Diluted Average Shares": 451239490.0,
      "Basic Average Shares": 450609712.0,
      "Diluted EPS": 4.89,
      "Basic EPS": 4.89,
      "Diluted NI Availto Com Stockholders": 2205000000.0,
      "Net Income Common Stockholders": 2205000000.0,
      "Preferred Stock Dividends": 5000000.0,
      "Net Income": 2210000000.0,
      "Minority Interests": 3000000.0,
      "Net Income Including Noncontrolling Interests": 2207000000.0,
      "Net Income Discontinuous Operations": 15000000.0,
      "Net Income Continuous Operations": 2192000000.0,
      "Earnings From Equity Interest Net Of Tax": 40000000.0,
      "Tax Provision": -123000000.0,
      "Pretax Income": 2029000000.0,
      "Other Income Expense": 268000000.0,
      "Special Income Charges": 196000000.0,
      "Gain On Sale Of Business": 196000000.0,
      "Gain On Sale Of Security": 72000000.0,
      "Net Non Operating Interest Income Expense": -135000000.0,
      "Total Other Finance Cost": 10000000.0,
      "Interest Expense Non Operating": 201000000.0,
      "Interest Income Non Operating": 76000000.0,
      "Operating Income": 1896000000.0,
      "Operating Expense": 3571000000.0,
      "Other Operating Expenses": 91000000.0,
      "Depreciation Amortization Depletion Income Statement": 822000000.0,
      "Depreciation And Amortization In Income Statement": 822000000.0,
      "Amortization": 709000000.0,
      "Amortization Of Intangibles Income Statement": 709000000.0,
      "Depreciation Income Statement": 113000000.0,
      "Selling General And Administration": 2658000000.0,
      "General And Administrative Expense": 2658000000.0,
      "Other Gand A": 35000000.0,
      "Salaries And Wages": 2623000000.0,
      "Gross Profit": 5467000000.0,
      "Cost Of Revenue": 1791000000.0,
      "Total Revenue": 7258000000.0,
      "Operating Revenue": 7258000000.0
    },
    "2023-12-31T00:00:00": {
      "Tax Effect Of Unusual Items": 38805331.991952,
      "Tax Rate For Calcs": 0.209759,
      "Normalized EBITDA": 2765000000.0,
      "Total Unusual Items": 185000000.0,
      "Total Unusual Items Excluding Goodwill": 185000000.0,
      "Net Income From Continuing Operation Net Minority Interest": 2646000000.0,
      "Reconciled Depreciation": 725000000.0,
      "Reconciled Cost Of Revenue": 1560000000.0,
      "EBITDA": 2950000000.0,
      "EBIT": 2225000000.0,
      "Net Interest Income": -147000000.0,
      "Interest Expense": 237000000.0,
      "Interest Income": 85000000.0,
      "Normalized Income": 2499805331.991952,
      "Net Income From Continuing And Discontinued Operation": 2695000000.0,
      "Total Expenses": 4844000000.0,
      "Total Operating Income As Reported": 2332000000.0,
      "Diluted Average Shares": 463970070.0,
      "Basic Average Shares": 463175043.0,
      "Diluted EPS": 5.8,
      "Basic EPS": 5.81,
      "Diluted NI Availto Com Stockholders": 2690000000.0,
      "Net Income Common Stockholders": 2690000000.0,
      "Preferred Stock Dividends": 5000000.0,
      "Net Income": 2695000000.0,
      "Minority Interests": 0.0,
      "Net Income Including Noncontrolling Interests": 2695000000.0,
      "Net Income Discontinuous Operations": 49000000.0,
      "Net Income Continuous Operations": 2646000000.0,
      "Earnings From Equity Interest Net Of Tax": 1075000000.0,
      "Tax Provision": 417000000.0,
      "Pretax Income": 1988000000.0,
      "Other Income Expense": 185000000.0,
      "Special Income Charges": 384000000.0,
      "Gain On Sale Of Business": 384000000.0,
      "Gain On Sale Of Security": -199000000.0,
      "Net Non Operating Interest Income Expense": -147000000.0,
      "Total Other Finance Cost": -5000000.0,
      "Interest Expense Non Operating": 237000000.0,
      "Interest Income Non Operating": 85000000.0,
      "Operating Income": 1950000000.0,
      "Operating Expense": 3284000000.0,
      "Other Operating Expenses": 26000000.0,
      "Depreciation Amortization Depletion Income Statement": 725000000.0,
      "Depreciation And Amortization In Income Statement": 725000000.0,
      "Amortization": 609000000.0,
      "Amortization Of Intangibles Income Statement": 609000000.0,
      "Depreciation Income Statement": 116000000.0,
      "Selling General And Administration": 2533000000.0,
      "General And Administrative Expense": 2533000000.0,
      "Other Gand A": 39000000.0,
      "Salaries And Wages": 2494000000.0,
      "Gross Profit": 5234000000.0,
      "Cost Of Revenue": 1560000000.0,
      "Total Revenue": 6794000000.0,
      "Operating Revenue": 6794000000.0
    },
    "2022-12-31T00:00:00": {
      "Tax Effect Of Unusual Items": 72377000.0,
      "Tax Rate For Calcs": 0.157,
      "Normalized EBITDA": 2549000000.0,
      "Total Unusual Items": 461000000.0,
      "Total Unusual Items Excluding Goodwill": 461000000.0,
      "Net Income From Continuing Operation Net Minority Interest": 1391000000.0,
      "Reconciled Depreciation": 724000000.0,
      "Reconciled Cost Of Revenue": 1585000000.0,
      "EBITDA": 3010000000.0,
      "EBIT": 2286000000.0,
      "Net Interest Income": -194000000.0,
      "Interest Expense": 204000000.0,
      "Interest Income": 8000000.0,
      "Normalized Income": 1002377000.0,
      "Net Income From Continuing And Discontinued Operation": 1338000000.0,
      "Total Expenses": 4812000000.0,
      "Total Operating Income As Reported": 1834000000.0,
      "Diluted Average Shares": 467451287.0,
      "Basic Average Shares": 466444815.0,
      "Diluted EPS": 2.987685,
      "Basic EPS": 2.998059,
      "Diluted NI Availto Com Stockholders": 1335000000.0,
      "Net Income Common Stockholders": 1335000000.0,
      "Preferred Stock Dividends": 3000000.0,
      "Net Income": 1338000000.0,
      "Minority Interests": null,
      "Net Income Including Noncontrolling Interests": 1338000000.0,
      "Net Income Discontinuous Operations": -53000000.0,
      "Net Income Continuous Operations": 1391000000.0,
      "Earnings From Equity Interest Net Of Tax": -432000000.0,
      "Tax Provision": 259000000.0,
      "Pretax Income": 2082000000.0,
      "Other Income Expense": 461000000.0,
      "Special Income Charges": null,
      "Gain On Sale Of Business": null,
      "Gain On Sale Of Security": 461000000.0,
      "Net Non Operating Interest Income Expense": -194000000.0,
      "Total Other Finance Cost": -2000000.0,
      "Interest Expense Non Operating": 204000000.0,
      "Interest Income Non Operating": 8000000.0,
      "Operating Income": 1815000000.0,
      "Operating Expense": 3227000000.0,
      "Other Operating Expenses": -170000000.0,
      "Depreciation Amortization Depletion Income Statement": 724000000.0,
      "Depreciation And Amortization In Income Statement": 724000000.0,
      "Amortization": 584000000.0,
      "Amortization Of Intangibles Income Statement": 584000000.0,
      "Depreciation Income Statement": 140000000.0,
      "Selling General And Administration": 2673000000.0,
      "General And Administrative Expense": 2673000000.0,
      "Other Gand A": 37000000.0,
      "Salaries And Wages": 2636000000.0,
      "Gross Profit": 5042000000.0,
      "Cost Of Revenue": 1585000000.0,
      "Total Revenue": 6627000000.0,
      "Operating Revenue": 6627000000.0
    },
    "2021-12-31T00:00:00": {
      "Tax Effect Of Unusual Items": 3520000.0,
      "Tax Rate For Calcs": 0.22,
      "Normalized EBITDA": 2009000000.0,
      "Total Unusual Items": 16000000.0,
      "Total Unusual Items Excluding Goodwill": 16000000.0,
      "Net Income From Continuing Operation Net Minority Interest": 5687000000.0,
      "Reconciled Depreciation": 770000000.0,
      "Reconciled Cost Of Revenue": 1582000000.0,
      "EBITDA": 2025000000.0,
      "EBIT": 1255000000.0,
      "Net Interest Income": -196000000.0,
      "Interest Expense": 201000000.0,
      "Interest Income": 5000000.0,
      "Normalized Income": 5674520000.0,
      "Net Income From Continuing And Discontinued Operation": 5689000000.0,
      "Total Expenses": 5114000000.0,
      "Total Operating Income As Reported": 1242000000.0,
      "Diluted Average Shares": 476681078.0,
      "Basic Average Shares": 475658827.0,
      "Diluted EPS": 11.929993,
      "Basic EPS": 11.961114,
      "Diluted NI Availto Com Stockholders": 5687000000.0,
      "Net Income Common Stockholders": 5687000000.0,
      "Preferred Stock Dividends": 2000000.0,
      "Net Income": 5689000000.0,
      "Minority Interests": null,
      "Net Income Including Noncontrolling Interests": 5689000000.0,
      "Net Income Discontinuous Operations": 2000000.0,
      "Net Income Continuous Operations": 5687000000.0,
      "Earnings From Equity Interest Net Of Tax": 6240000000.0,
      "Tax Provision": 1607000000.0,
      "Pretax Income": 1054000000.0,
      "Other Income Expense": 16000000.0,
      "Special Income Charges": null,
      "Gain On Sale Of Business": null,
      "Gain On Sale Of Security": 16000000.0,
      "Net Non Operating Interest Income Expense": -196000000.0,
      "Total Other Finance Cost": null,
      "Interest Expense Non Operating": 201000000.0,
      "Interest Income Non Operating": 5000000.0,
      "Operating Income": 1234000000.0,
      "Operating Expense": 3532000000.0,
      "Other Operating Expenses": 14000000.0,
      "Depreciation Amortization Depletion Income Statement": 770000000.0,
      "Depreciation And Amortization In Income Statement": 770000000.0,
      "Amortization": 593000000.0,
      "Amortization Of Intangibles Income Statement": 593000000.0,
      "Depreciation Income Statement": 177000000.0,
      "Selling General And Administration": 2748000000.0,
      "General And Administrative Expense": 2748000000.0,
      "Other Gand A": 50000000.0,
      "Salaries And Wages": 2698000000.0,
      "Gross Profit": 4766000000.0,
      "Cost Of Revenue": 1582000000.0,
      "Total Revenue": 6348000000.0,
      "Operating Revenue": 6348000000.0
    }
  },
  "quarterly_income": {
    "2025-12-31T00:00:00": {
      "Tax Effect Of Unusual Items": null,
      "Tax Rate For Calcs": null,
      "Normalized EBITDA": null,
      "Total Unusual Items": null,
      "Total Unusual Items Excluding Goodwill": null,
      "Net Income From Continuing Operation Net Minority Interest": null,
      "Reconciled Depreciation": null,
      "Reconciled Cost Of Revenue": null,
      "EBITDA": null,
      "EBIT": null,
      "Net Interest Income": null,
      "Interest Expense": null,
      "Interest Income": null,
      "Normalized Income": null,
      "Net Income From Continuing And Discontinued Operation": null,
      "Total Expenses": null,
      "Total Operating Income As Reported": null,
      "Diluted Average Shares": 445597771.0,
      "Basic Average Shares": 445215119.0,
      "Diluted EPS": 0.74,
      "Basic EPS": 0.74,
      "Diluted NI Availto Com Stockholders": null,
      "Net Income Common Stockholders": null,
      "Preferred Stock Dividends": null,
      "Net Income": null,
      "Minority Interests": null,
      "Net Income Including Noncontrolling Interests": null,
      "Net Income Discontinuous Operations": null,
      "Net Income Continuous Operations": null,
      "Earnings From Equity Interest Net Of Tax": null,
      "Tax Provision": null,
      "Pretax Income": null,
      "Other Income Expense": null,
      "Gain On Sale Of Security": null,
      "Net Non Operating Interest Income Expense": null,
      "Total Other Finance Cost": null,
      "Interest Expense Non Operating": null,
      "Interest Income Non Operating": null,
      "Operating Income": null,
      "Operating Expense": null,
      "Other Operating Expenses": null,
      "Depreciation Amortization Depletion Income Statement": null,
      "Depreciation And Amortization In Income Statement": null,
      "Amortization": null,
      "Amortization Of Intangibles Income Statement": null,
      "Depreciation Income Statement": null,
      "Selling General And Administration": null,
      "General And Administrative Expense": null,
      "Other Gand A": null,
      "Salaries And Wages": null,
      "Gross Profit": null,
      "Cost Of Revenue": null,
      "Total Revenue": null,
      "Operating Revenue": null
    },
    "2025-09-30T00:00:00": {
      "Tax Effect Of Unusual Items": 861209.964413,
      "Tax Rate For Calcs": 0.215302,
      "Normalized EBITDA": 842000000.0,
      "Total Unusual Items": 4000000.0,
      "Total Unusual Items Excluding Goodwill": 4000000.0,
      "Net Income From Continuing Operation Net Minority Interest": 428000000.0,
      "Reconciled Depreciation": 234000000.0,
      "Reconciled Cost Of Revenue": 430000000.0,
      "EBITDA": 846000000.0,
      "EBIT": 612000000.0,
      "Net Interest Income": -40000000.0,
      "Interest Expense": 50000000.0,
      "Interest Income": 12000000.0,
      "Normalized Income": 424861209.964413,
      "Net Income From Continuing And Discontinued Operation": 423000000.0,
      "Total Expenses": 1184000000.0,
      "Total Operating Income As Reported": 593000000.0,
      "Diluted Average Shares": null,
      "Basic Average Shares": null,
      "Diluted EPS": null,
      "Basic EPS": null,
      "Diluted NI Availto Com Stockholders": 423000000.0,
      "Net Income Common Stockholders": 423000000.0,
      "Preferred Stock Dividends": null,
      "Net Income": 423000000.0,
      "Minority Interests": 0.0,
      "Net Income Including Noncontrolling Interests": 423000000.0,
      "Net Income Discontinuous Operations": -5000000.0,
      "Net Income Continuous Operations": 428000000.0,
      "Earnings From Equity Interest Net Of Tax": -13000000.0,
      "Tax Provision": 121000000.0,
      "Pretax Income": 562000000.0,
      "Other Income Expense": 4000000.0,
      "Gain On Sale Of Security": 4000000.0,
      "Net Non Operating Interest Income Expense": -40000000.0,
      "Total Other Finance Cost": 2000000.0,
      "Interest Expense Non Operating": 50000000.0,
      "Interest Income Non Operating": 12000000.0,
      "Operating Income": 598000000.0,
      "Operating Expense": 754000000.0,
      "Other Operating Expenses": -154000000.0,
      "Depreciation Amortization Depletion Income Statement": 234000000.0,
      "Depreciation And Amortization In Income Statement": 234000000.0,
      "Amortization": 206000000.0,
      "Amortization Of Intangibles Income Statement": 206000000.0,
      "Depreciation Income Statement": 28000000.0,
      "Selling General And Administration": 674000000.0,
      "General And Administrative Expense": 674000000.0,
      "Other Gand A": 12000000.0,
      "Salaries And Wages": 662000000.0,
      "Gross Profit": 1352000000.0,
      "Cost Of Revenue": 430000000.0,
      "Total Revenue": 1782000000.0,
      "Operating Revenue": 1782000000.0
    },
    "2025-06-30T00:00:00": {
      "Tax Effect Of Unusual Items": -8396600.566572,
      "Tax Rate For Calcs": 0.147309,
      "Normalized EBITDA": 686000000.0,
      "Total Unusual Items": -57000000.0,
      "Total Unusual Items Excluding Goodwill": -57000000.0,
      "Net Income From Continuing Operation Net Minority Interest": 297000000.0,
      "Reconciled Depreciation": 230000000.0,
      "Reconciled Cost Of Revenue": 438000000.0,
      "EBITDA": 629000000.0,
      "EBIT": 399000000.0,
      "Net Interest Income": -33000000.0,
      "Interest Expense": 46000000.0,
      "Interest Income": 11000000.0,
      "Normalized Income": 345603399.433428,
      "Net Income From Continuing And Discontinued Operation": 313000000.0,
      "Total Expenses": 1342000000.0,
      "Total Operating Income As Reported": 436000000.0,
      "Diluted Average Shares": 451204832.0,
      "Basic Average Shares": 450673826.0,
      "Diluted EPS": 0.69,
      "Basic EPS": 0.69,
      "Diluted NI Availto Com Stockholders": 312000000.0,
      "Net Income Common Stockholders": 312000000.0,
      "Preferred Stock Dividends": 1000000.0,
      "Net Income": 313000000.0,
      "Minority Interests": 0.0,
      "Net Income Including Noncontrolling Interests": 313000000.0,
      "Net Income Discontinuous Operations": 16000000.0,
      "Net Income Continuous Operations": 297000000.0,
      "Earnings From Equity Interest Net Of Tax": -4000000.0,
      "Tax Provision": 52000000.0,
      "Pretax Income": 353000000.0,
      "Other Income Expense": -57000000.0,
      "Gain On Sale Of Security": -57000000.0,
      "Net Non Operating Interest Income Expense": -33000000.0,
      "Total Other Finance Cost": -2000000.0,
      "Interest Expense Non Operating": 46000000.0,
      "Interest Income Non Operating": 11000000.0,
      "Operating Income": 443000000.0,
      "Operating Expense": 904000000.0,
      "Other Operating Expenses": 4000000.0,
      "Depreciation Amortization Depletion Income Statement": 230000000.0,
      "Depreciation And Amortization In Income Statement": 230000000.0,
      "Amortization": 202000000.0,
      "Amortization Of Intangibles Income Statement": 202000000.0,
      "Depreciation Income Statement": 28000000.0,
      "Selling General And Administration": 670000000.0,
      "General And Administrative Expense": 670000000.0,
      "Other Gand A": 12000000.0,
      "Salaries And Wages": 658000000.0,
      "Gross Profit": 1347000000.0,
      "Cost Of Revenue": 438000000.0,
      "Total Revenue": 1785000000.0,
      "Operating Revenue": 1785000000.0
    },
    "2025-03-31T00:00:00": {
      "Tax Effect Of Unusual Items": -2288000.0,
      "Tax Rate For Calcs": 0.176,
      "Normalized EBITDA": 808000000.0,
      "Total Unusual Items": -13000000.0,
      "Total Unusual Items Excluding Goodwill": -13000000.0,
      "Net Income From Continuing Operation Net Minority Interest": 425000000.0,
      "Reconciled Depreciation": 226000000.0,
      "Reconciled Cost Of Revenue": 448000000.0,
      "EBITDA": 795000000.0,
      "EBIT": 569000000.0,
      "Net Interest Income": -34000000.0,
      "Interest Expense": 46000000.0,
      "Interest Income": 16000000.0,
      "Normalized Income": 435712000.0,
      "Net Income From Continuing And Discontinued Operation": 434000000.0,
      "Total Expenses": 1330000000.0,
      "Total Operating Income As Reported": 563000000.0,
      "Diluted Average Shares": 450829350.0,
      "Basic Average Shares": 450289884.0,
      "Diluted EPS": 0.96,
      "Basic EPS": 0.96,
      "Diluted NI Availto Com Stockholders": 433000000.0,
      "Net Income Common Stockholders": 433000000.0,
      "Preferred Stock Dividends": 1000000.0,
      "Net Income": 434000000.0,
      "Minority Interests": 0.0,
      "Net Income Including Noncontrolling Interests": 434000000.0,
      "Net Income Discontinuous Operations": 9000000.0,
      "Net Income Continuous Operations": 425000000.0,
      "Earnings From Equity Interest Net Of Tax": -6000000.0,
      "Tax Provision": 92000000.0,
      "Pretax Income": 523000000.0,
      "Other Income Expense": -13000000.0,
      "Gain On Sale Of Security": -13000000.0,
      "Net Non Operating Interest Income Expense": -34000000.0,
      "Total Other Finance Cost": 4000000.0,
      "Interest Expense Non Operating": 46000000.0,
      "Interest Income Non Operating": 16000000.0,
      "Operating Income": 570000000.0,
      "Operating Expense": 882000000.0,
      "Other Operating Expenses": 12000000.0,
      "Depreciation Amortization Depletion Income Statement": 226000000.0,
      "Depreciation And Amortization In Income Statement": 226000000.0,
      "Amortization": 199000000.0,
      "Amortization Of Intangibles Income Statement": 199000000.0,
      "Depreciation Income Statement": 27000000.0,
      "Selling General And Administration": 644000000.0,
      "General And Administrative Expense": 644000000.0,
      "Other Gand A": 11000000.0,
      "Salaries And Wages": 633000000.0,
      "Gross Profit": 1452000000.0,
      "Cost Of Revenue": 448000000.0,
      "Total Revenue": 1900000000.0,
      "Operating Revenue": 1900000000.0
    },
    "2024-12-31T00:00:00": {
      "Tax Effect Of Unusual Items": 47168674.698795,
      "Tax Rate For Calcs": 0.180723,
      "Normalized EBITDA": 744000000.0,
      "Total Unusual Items": 261000000.0,
      "Total Unusual Items Excluding Goodwill": 261000000.0,
      "Net Income From Continuing Operation Net Minority Interest": 607000000.0,
      "Reconciled Depreciation": 208000000.0,
      "Reconciled Cost Of Revenue": 491000000.0,
      "EBITDA": 1005000000.0,
      "EBIT": 797000000.0,
      "Net Interest Income": -31000000.0,
      "Interest Expense": 50000000.0,
      "Interest Income": 22000000.0,
      "Normalized Income": 393168674.698795,
      "Net Income From Continuing And Discontinued Operation": 587000000.0,
      "Total Expenses": 1392000000.0,
      "Total Operating Income As Reported": 722000000.0,
      "Diluted Average Shares": 450600114.0,
      "Basic Average Shares": 450077127.0,
      "Diluted EPS": 1.3,
      "Basic EPS": 1.3,
      "Diluted NI Availto Com Stockholders": 582000000.0,
      "Net Income Common Stockholders": 582000000.0,
      "Preferred Stock Dividends": null,
      "Net Income": 587000000.0,
      "Minority Interests": 0.0,
      "Net Income Including Noncontrolling Interests": 587000000.0,
      "Net Income Discontinuous Operations": -20000000.0,
      "Net Income Continuous Operations": 607000000.0,
      "Earnings From Equity Interest Net Of Tax": -5000000.0,
      "Tax Provision": 135000000.0,
      "Pretax Income": 747000000.0,
      "Other Income Expense": 261000000.0,
      "Gain On Sale Of Security": 65000000.0,
      "Net Non Operating Interest Income Expense": -31000000.0,
      "Total Other Finance Cost": 3000000.0,
      "Interest Expense Non Operating": 50000000.0,
      "Interest Income Non Operating": 22000000.0,
      "Operating Income": 517000000.0,
      "Operating Expense": 901000000.0,
      "Other Operating Expenses": 3000000.0,
      "Depreciation Amortization Depletion Income Statement": 208000000.0,
      "Depreciation And Amortization In Income Statement": 208000000.0,
      "Amortization": 182000000.0,
      "Amortization Of Intangibles Income Statement": 182000000.0,
      "Depreciation Income Statement": 26000000.0,
      "Selling General And Administration": 690000000.0,
      "General And Administrative Expense": 690000000.0,
      "Other Gand A": 6000000.0,
      "Salaries And Wages": 684000000.0,
      "Gross Profit": 1418000000.0,
      "Cost Of Revenue": 491000000.0,
      "Total Revenue": 1909000000.0,
      "Operating Revenue": 1909000000.0
    },
    "2024-09-30T00:00:00": {
      "Tax Effect Of Unusual Items": -6381215.469613,
      "Tax Rate For Calcs": 0.212707,
      "Normalized EBITDA": 641000000.0,
      "Total Unusual Items": -30000000.0,
      "Total Unusual Items Excluding Goodwill": -30000000.0,
      "Net Income From Continuing Operation Net Minority Interest": 277000000.0,
      "Reconciled Depreciation": 202000000.0,
      "Reconciled Cost Of Revenue": 434000000.0,
      "EBITDA": 611000000.0,
      "EBIT": 409000000.0,
      "Net Interest Income": -23000000.0,
      "Interest Expense": 47000000.0,
      "Interest Income": 26000000.0,
      "Normalized Income": 300618784.530387,
      "Net Income From Continuing And Discontinued Operation": 301000000.0,
      "Total Expenses": 1309000000.0,
      "Total Operating Income As Reported": 415000000.0,
      "Diluted Average Shares": 450458885.0,
      "Basic Average Shares": 449886792.0,
      "Diluted EPS": 0.67,
      "Basic EPS": 0.67,
      "Diluted NI Availto Com Stockholders": 301000000.0,
      "Net Income Common Stockholders": 301000000.0,
      "Preferred Stock Dividends": null,
      "Net Income": 301000000.0,
      "Minority Interests": 0.0,
      "Net Income Including Noncontrolling Interests": 301000000.0,
      "Net Income Discontinuous Operations": 24000000.0,
      "Net Income Continuous Operations": 277000000.0,
      "Earnings From Equity Interest Net Of Tax": -8000000.0,
      "Tax Provision": 77000000.0,
      "Pretax Income": 362000000.0,
      "Other Income Expense": -30000000.0,
      "Gain On Sale Of Security": -30000000.0,
      "Net Non Operating Interest Income Expense": -23000000.0,
      "Total Other Finance Cost": 2000000.0,
      "Interest Expense Non Operating": 47000000.0,
      "Interest Income Non Operating": 26000000.0,
      "Operating Income": 415000000.0,
      "Operating Expense": 875000000.0,
      "Other Operating Expenses": -1000000.0,
      "Depreciation Amortization Depletion Income Statement": 202000000.0,
      "Depreciation And Amortization In Income Statement": 202000000.0,
      "Amortization": 172000000.0,
      "Amortization Of Intangibles Income Statement": 172000000.0,
      "Depreciation Income Statement": 30000000.0,
      "Selling General And Administration": 674000000.0,
      "General And Administrative Expense": 674000000.0,
      "Other Gand A": 10000000.0,
      "Salaries And Wages": 664000000.0,
      "Gross Profit": 1290000000.0,
      "Cost Of Revenue": 434000000.0,
      "Total Revenue": 1724000000.0,
      "Operating Revenue": 1724000000.0
    },
    "2024-06-30T00:00:00": {
      "Tax Effect Of Unusual Items": null,
      "Tax Rate For Calcs": null,
      "Normalized EBITDA": null,
      "Total Unusual Items": null,
      "Total Unusual Items Excluding Goodwill": null,
      "Net Income From Continuing Operation Net Minority Interest": null,
      "Reconciled Depreciation": null,
      "Reconciled Cost Of Revenue": null,
      "EBITDA": null,
      "EBIT": null,
      "Net Interest Income": null,
      "Interest Expense": null,
      "Interest Income": null,
      "Normalized Income": null,
      "Net Income From Continuing And Discontinued Operation": null,
      "Total Expenses": null,
      "Total Operating Income As Reported": null,
      "Diluted Average Shares": null,
      "Basic Average Shares": null,
      "Diluted EPS": null,
      "Basic EPS": null,
      "Diluted NI Availto Com Stockholders": null,
      "Net Income Common Stockholders": null,
      "Preferred Stock Dividends": 2000000.0,
      "Net Income": null,
      "Minority Interests": null,
      "Net Income Including Noncontrolling Interests": null,
      "Net Income Discontinuous Operations": null,
      "Net Income Continuous Operations": null,
      "Earnings From Equity Interest Net Of Tax": null,
      "Tax Provision": null,
      "Pretax Income": null,
      "Other Income Expense": null,
      "Gain On Sale Of Security": null,
      "Net Non Operating Interest Income Expense": null,
      "Total Other Finance Cost": null,
      "Interest Expense Non Operating": null,
      "Interest Income Non Operating": null,
      "Operating Income": null,
      "Operating Expense": null,
      "Other Operating Expenses": null,
      "Depreciation Amortization Depletion Income Statement": null,
      "Depreciation And Amortization In Income Statement": null,
      "Amortization": null,
      "Amortization Of Intangibles Income Statement": null,
      "Depreciation Income Statement": null,
      "Selling General And Administration": null,
      "General And Administrative Expense": null,
      "Other Gand A": null,
      "Salaries And Wages": null,
      "Gross Profit": null,
      "Cost Of Revenue": null,
      "Total Revenue": null,
      "Operating Revenue": null
    }
  },
  "balance_sheet": {
    "2024-12-31T00:00:00": {
      "Preferred Shares Number": 6000000.0,
      "Ordinary Shares Number": 450010485.0,
      "Share Issued": 450010485.0,
      "Net Debt": 967000000.0,
      "Total Debt": 3076000000.0,
      "Tangible Book Value": 47000000.0,
      "Invested Capital": 14716000000.0,
      "Working Capital": 54000000.0,
      "Net Tangible Assets": 157000000.0,
      "Capital Lease Obligations": 256000000.0,
      "Common Stock Equity": 11896000000.0,
      "Preferred Stock Equity": 110000000.0,
      "Total Capitalization": 13853000000.0,
      "Total Equity Gross Minority Interest": 12006000000.0,
      "Stockholders Equity": 12006000000.0,
      "Other Equity Interest": null,
      "Gains Losses Not Affecting Retained Earnings": -1191000000.0,
      "Other Equity Adjustments": -1191000000.0,
      "Foreign Currency Translation Adjustments": null,
      "Retained Earnings": 9699000000.0,
      "Additional Paid In Capital": 1431000000.0,
      "Capital Stock": 2067000000.0,
      "Common Stock": 1957000000.0,
      "Preferred Stock": 110000000.0,
      "Total Liabilities Net Minority Interest": 6431000000.0,
      "Total Non Current Liabilities Net Minority Interest": 2995000000.0,
      "Other Non Current Liabilities": 49000000.0,
      "Derivative Product Liabilities": 0.0,
      "Employee Benefits": 523000000.0,
      "Non Current Pension And Other Postretirement Benefit Plans": 523000000.0,
      "Non Current Deferred Liabilities": 316000000.0,
      "Non Current Deferred Taxes Liabilities": 241000000.0,
      "Long Term Debt And Capital Lease Obligation": 2045000000.0,
      "Long Term Capital Lease Obligation": 198000000.0,
      "Long Term Debt": 1847000000.0,
      "Long Term Provisions": 62000000.0,
      "Current Liabilities": 3436000000.0,
      "Other Current Liabilities": 108000000.0,
      "Current Deferred Liabilities": 1062000000.0,
      "Current Deferred Revenue": 1062000000.0,
      "Current Debt And Capital Lease Obligation": 1031000000.0,
      "Current Capital Lease Obligation": 58000000.0,
      "Current Debt": 973000000.0,
      "Other Current Borrowings": 973000000.0,
      "Current Provisions": 63000000.0,
      "Payables And Accrued Expenses": 1172000000.0,
      "Current Accrued Expenses": 799000000.0,
      "Payables": 373000000.0,
      "Total Tax Payable": 197000000.0,
      "Accounts Payable": 176000000.0,
      "Total Assets": 18437000000.0,
      "Total Non Current Assets": 14947000000.0,
      "Other Non Current Assets": 398000000.0,
      "Defined Pension Benefit": 40000000.0,
      "Non Current Deferred Assets": 1474000000.0,
      "Non Current Deferred Taxes Assets": 1376000000.0,
      "Non Current Accounts Receivable": 89000000.0,
      "Financial Assets": 0.0,
      "Investments And Advances": 711000000.0,
      "Investmentin Financial Assets": 442000000.0,
      "Available For Sale Securities": 110000000.0,
      "Financial Assets Designatedas Fair Value Through Profitor Loss Total": 332000000.0,
      "Long Term Equity Investment": 269000000.0,
      "Investments In Other Ventures Under Equity Method": 239000000.0,
      "Investmentsin Associatesat Cost": 30000000.0,
      "Goodwill And Other Intangible Assets": 11849000000.0,
      "Other Intangible Assets": 4587000000.0,
      "Goodwill": 7262000000.0,
      "Net PPE": 386000000.0,
      "Accumulated Depreciation": -646000000.0,
      "Gross PPE": 1032000000.0,
      "Machinery Furniture Equipment": 412000000.0,
      "Properties": 620000000.0,
      "Current Assets": 3490000000.0,
      "Other Current Assets": 50000000.0,
      "Hedging Assets Current": 0.0,
      "Current Deferred Assets": 112000000.0,
      "Restricted Cash": 115000000.0,
      "Prepaid Assets": 150000000.0,
      "Inventory": 21000000.0,
      "Receivables": 1154000000.0,
      "Other Receivables": 29000000.0,
      "Taxes Receivable": 67000000.0,
      "Accounts Receivable": 1058000000.0,
      "Allowance For Doubtful Accounts Receivable": -55000000.0,
      "Gross Accounts Receivable": 1113000000.0,
      "Cash Cash Equivalents And Short Term Investments": 1888000000.0,
      "Other Short Term Investments": 35000000.0,
      "Cash And Cash Equivalents": 1853000000.0,
      "Cash Equivalents": null,
      "Cash Financial": null
    },
    "2023-12-31T00:00:00": {
      "Preferred Shares Number": 6000000.0,
      "Ordinary Shares Number": 452962832.0,
      "Share Issued": 452962832.0,
      "Net Debt": 2079000000.0,
      "Total Debt": 3542000000.0,
      "Tangible Book Value": -166000000.0,
      "Invested Capital": 14231000000.0,
      "Working Capital": -312000000.0,
      "Net Tangible Assets": -56000000.0,
      "Capital Lease Obligations": 265000000.0,
      "Common Stock Equity": 10954000000.0,
      "Preferred Stock Equity": 110000000.0,
      "Total Capitalization": 13969000000.0,
      "Total Equity Gross Minority Interest": 11064000000.0,
      "Stockholders Equity": 11064000000.0,
      "Other Equity Interest": 21000000.0,
      "Gains Losses Not Affecting Retained Earnings": -1021000000.0,
      "Other Equity Adjustments": -1021000000.0,
      "Foreign Currency Translation Adjustments": -1042000000.0,
      "Retained Earnings": 8680000000.0,
      "Additional Paid In Capital": 1504000000.0,
      "Capital Stock": 1901000000.0,
      "Common Stock": 1791000000.0,
      "Preferred Stock": 110000000.0,
      "Total Liabilities Net Minority Interest": 7620000000.0,
      "Total Non Current Liabilities Net Minority Interest": 4387000000.0,
      "Other Non Current Liabilities": 40000000.0,
      "Derivative Product Liabilities": 0.0,
      "Employee Benefits": 535000000.0,
      "Non Current Pension And Other Postretirement Benefit Plans": 535000000.0,
      "Non Current Deferred Liabilities": 627000000.0,
      "Non Current Deferred Taxes Liabilities": 553000000.0,
      "Long Term Debt And Capital Lease Obligation": 3114000000.0,
      "Long Term Capital Lease Obligation": 209000000.0,
      "Long Term Debt": 2905000000.0,
      "Long Term Provisions": 71000000.0,
      "Current Liabilities": 3233000000.0,
      "Other Current Liabilities": 494000000.0,
      "Current Deferred Liabilities": 992000000.0,
      "Current Deferred Revenue": 992000000.0,
      "Current Debt And Capital Lease Obligation": 428000000.0,
      "Current Capital Lease Obligation": 56000000.0,
      "Current Debt": 372000000.0,
      "Other Current Borrowings": 372000000.0,
      "Current Provisions": 92000000.0,
      "Payables And Accrued Expenses": 1227000000.0,
      "Current Accrued Expenses": 798000000.0,
      "Payables": 429000000.0,
      "Total Tax Payable": 248000000.0,
      "Accounts Payable": 181000000.0,
      "Total Assets": 18684000000.0,
      "Total Non Current Assets": 15763000000.0,
      "Other Non Current Assets": 374000000.0,
      "Defined Pension Benefit": 45000000.0,
      "Non Current Deferred Assets": 1212000000.0,
      "Non Current Deferred Taxes Assets": 1104000000.0,
      "Non Current Accounts Receivable": 91000000.0,
      "Financial Assets": 65000000.0,
      "Investments And Advances": 2409000000.0,
      "Investmentin Financial Assets": 379000000.0,
      "Available For Sale Securities": 116000000.0,
      "Financial Assets Designatedas Fair Value Through Profitor Loss Total": 263000000.0,
      "Long Term Equity Investment": 2030000000.0,
      "Investments In Other Ventures Under Equity Method": 232000000.0,
      "Investmentsin Associatesat Cost": 1798000000.0,
      "Goodwill And Other Intangible Assets": 11120000000.0,
      "Other Intangible Assets": 4401000000.0,
      "Goodwill": 6719000000.0,
      "Net PPE": 447000000.0,
      "Accumulated Depreciation": -849000000.0,
      "Gross PPE": 1296000000.0,
      "Machinery Furniture Equipment": 495000000.0,
      "Properties": 801000000.0,
      "Current Assets": 2921000000.0,
      "Other Current Assets": 43000000.0,
      "Hedging Assets Current": 0.0,
      "Current Deferred Assets": 139000000.0,
      "Restricted Cash": 100000000.0,
      "Prepaid Assets": 161000000.0,
      "Inventory": 20000000.0,
      "Receivables": 1194000000.0,
      "Other Receivables": 73000000.0,
      "Taxes Receivable": 72000000.0,
      "Accounts Receivable": 1049000000.0,
      "Allowance For Doubtful Accounts Receivable": -54000000.0,
      "Gross Accounts Receivable": 1103000000.0,
      "Cash Cash Equivalents And Short Term Investments": 1264000000.0,
      "Other Short Term Investments": 66000000.0,
      "Cash And Cash Equivalents": 1198000000.0,
      "Cash Equivalents": null,
      "Cash Financial": null
    },
    "2022-12-31T00:00:00": {
      "Preferred Shares Number": 6000000.0,
      "Ordinary Shares Number": 458900511.0,
      "Share Issued": 458900511.0,
      "Net Debt": 3773000000.0,
      "Total Debt": 4996000000.0,
      "Tangible Book Value": 1752000000.0,
      "Invested Capital": 16536000000.0,
      "Working Capital": -2080000000.0,
      "Net Tangible Assets": 1862000000.0,
      "Capital Lease Obligations": 235000000.0,
      "Common Stock Equity": 11775000000.0,
      "Preferred Stock Equity": 110000000.0,
      "Total Capitalization": 14999000000.0,
      "Total Equity Gross Minority Interest": 11885000000.0,
      "Stockholders Equity": 11885000000.0,
      "Other Equity Interest": 17000000.0,
      "Gains Losses Not Affecting Retained Earnings": -1155000000.0,
      "Other Equity Adjustments": -1155000000.0,
      "Foreign Currency Translation Adjustments": -1172000000.0,
      "Retained Earnings": 7642000000.0,
      "Additional Paid In Capital": 1534000000.0,
      "Capital Stock": 3864000000.0,
      "Common Stock": 3754000000.0,
      "Preferred Stock": 110000000.0,
      "Total Liabilities Net Minority Interest": 9826000000.0,
      "Total Non Current Liabilities Net Minority Interest": 4935000000.0,
      "Other Non Current Liabilities": 61000000.0,
      "Derivative Product Liabilities": 0.0,
      "Employee Benefits": 526000000.0,
      "Non Current Pension And Other Postretirement Benefit Plans": 526000000.0,
      "Non Current Deferred Liabilities": 969000000.0,
      "Non Current Deferred Taxes Liabilities": 897000000.0,
      "Long Term Debt And Capital Lease Obligation": 3293000000.0,
      "Long Term Capital Lease Obligation": 179000000.0,
      "Long Term Debt": 3114000000.0,
      "Long Term Provisions": 86000000.0,
      "Current Liabilities": 4891000000.0,
      "Other Current Liabilities": 799000000.0,
      "Current Deferred Liabilities": 886000000.0,
      "Current Deferred Revenue": 886000000.0,
      "Current Debt And Capital Lease Obligation": 1703000000.0,
      "Current Capital Lease Obligation": 56000000.0,
      "Current Debt": 1647000000.0,
      "Other Current Borrowings": 1647000000.0,
      "Current Provisions": 108000000.0,
      "Payables And Accrued Expenses": 1395000000.0,
      "Current Accrued Expenses": 834000000.0,
      "Payables": 561000000.0,
      "Total Tax Payable": 324000000.0,
      "Accounts Payable": 237000000.0,
      "Total Assets": 21711000000.0,
      "Total Non Current Assets": 18900000000.0,
      "Other Non Current Assets": 356000000.0,
      "Defined Pension Benefit": 48000000.0,
      "Non Current Deferred Assets": 1239000000.0,
      "Non Current Deferred Taxes Assets": 1118000000.0,
      "Non Current Accounts Receivable": 94000000.0,
      "Financial Assets": 42000000.0,
      "Investments And Advances": 6684000000.0,
      "Investmentin Financial Assets": 485000000.0,
      "Available For Sale Securities": 85000000.0,
      "Financial Assets Designatedas Fair Value Through Profitor Loss Total": 400000000.0,
      "Long Term Equity Investment": 6199000000.0,
      "Investments In Other Ventures Under Equity Method": 171000000.0,
      "Investmentsin Associatesat Cost": 6028000000.0,
      "Goodwill And Other Intangible Assets": 10023000000.0,
      "Other Intangible Assets": 4154000000.0,
      "Goodwill": 5869000000.0,
      "Net PPE": 414000000.0,
      "Accumulated Depreciation": -956000000.0,
      "Gross PPE": 1370000000.0,
      "Machinery Furniture Equipment": 532000000.0,
      "Properties": 838000000.0,
      "Current Assets": 2811000000.0,
      "Other Current Assets": 67000000.0,
      "Hedging Assets Current": 0.0,
      "Current Deferred Assets": 146000000.0,
      "Restricted Cash": 81000000.0,
      "Prepaid Assets": 159000000.0,
      "Inventory": 29000000.0,
      "Receivables": 1137000000.0,
      "Other Receivables": 29000000.0,
      "Taxes Receivable": 68000000.0,
      "Accounts Receivable": 1040000000.0,
      "Allowance For Doubtful Accounts Receivable": -57000000.0,
      "Gross Accounts Receivable": 1097000000.0,
      "Cash Cash Equivalents And Short Term Investments": 1192000000.0,
      "Other Short Term Investments": 204000000.0,
      "Cash And Cash Equivalents": 988000000.0,
      "Cash Equivalents": null,
      "Cash Financial": null
    },
    "2021-12-31T00:00:00": {
      "Preferred Shares Number": 6000000.0,
      "Ordinary Shares Number": 468572618.0,
      "Share Issued": 468572618.0,
      "Net Debt": 3078000000.0,
      "Total Debt": 4047000000.0,
      "Tangible Book Value": 3631000000.0,
      "Invested Capital": 17510000000.0,
      "Working Capital": -128000000.0,
      "Net Tangible Assets": 3741000000.0,
      "Capital Lease Obligations": 261000000.0,
      "Common Stock Equity": 13724000000.0,
      "Preferred Stock Equity": 110000000.0,
      "Total Capitalization": 17620000000.0,
      "Total Equity Gross Minority Interest": 13834000000.0,
      "Stockholders Equity": 13834000000.0,
      "Other Equity Interest": 25000000.0,
      "Gains Losses Not Affecting Retained Earnings": -811000000.0,
      "Other Equity Adjustments": -811000000.0,
      "Foreign Currency Translation Adjustments": -836000000.0,
      "Retained Earnings": 9149000000.0,
      "Additional Paid In Capital": 1683000000.0,
      "Capital Stock": 3813000000.0,
      "Common Stock": 3703000000.0,
      "Preferred Stock": 110000000.0,
      "Total Liabilities Net Minority Interest": 8315000000.0,
      "Total Non Current Liabilities Net Minority Interest": 5734000000.0,
      "Other Non Current Liabilities": 47000000.0,
      "Derivative Product Liabilities": 0.0,
      "Employee Benefits": 506000000.0,
      "Non Current Pension And Other Postretirement Benefit Plans": 506000000.0,
      "Non Current Deferred Liabilities": 1104000000.0,
      "Non Current Deferred Taxes Liabilities": 1005000000.0,
      "Long Term Debt And Capital Lease Obligation": 3983000000.0,
      "Long Term Capital Lease Obligation": 197000000.0,
      "Long Term Debt": 3786000000.0,
      "Long Term Provisions": 94000000.0,
      "Current Liabilities": 2581000000.0,
      "Other Current Liabilities": 190000000.0,
      "Current Deferred Liabilities": 874000000.0,
      "Current Deferred Revenue": 874000000.0,
      "Current Debt And Capital Lease Obligation": 64000000.0,
      "Current Capital Lease Obligation": 64000000.0,
      "Current Debt": null,
      "Other Current Borrowings": null,
      "Current Provisions": 107000000.0,
      "Payables And Accrued Expenses": 1346000000.0,
      "Current Accrued Expenses": 950000000.0,
      "Payables": 396000000.0,
      "Total Tax Payable": 169000000.0,
      "Accounts Payable": 227000000.0,
      "Total Assets": 22149000000.0,
      "Total Non Current Assets": 19696000000.0,
      "Other Non Current Assets": 357000000.0,
      "Defined Pension Benefit": 239000000.0,
      "Non Current Deferred Assets": 1266000000.0,
      "Non Current Deferred Taxes Assets": 1139000000.0,
      "Non Current Accounts Receivable": 74000000.0,
      "Financial Assets": 99000000.0,
      "Investments And Advances": 7066000000.0,
      "Investmentin Financial Assets": 330000000.0,
      "Available For Sale Securities": 95000000.0,
      "Financial Assets Designatedas Fair Value Through Profitor Loss Total": 235000000.0,
      "Long Term Equity Investment": 6736000000.0,
      "Investments In Other Ventures Under Equity Method": 162000000.0,
      "Investmentsin Associatesat Cost": 6574000000.0,
      "Goodwill And Other Intangible Assets": 10093000000.0,
      "Other Intangible Assets": 4153000000.0,
      "Goodwill": 5940000000.0,
      "Net PPE": 502000000.0,
      "Accumulated Depreciation": -992000000.0,
      "Gross PPE": 1494000000.0,
      "Machinery Furniture Equipment": 571000000.0,
      "Properties": 923000000.0,
      "Current Assets": 2453000000.0,
      "Other Current Assets": 104000000.0,
      "Hedging Assets Current": 0.0,
      "Current Deferred Assets": 140000000.0,
      "Restricted Cash": 70000000.0,
      "Prepaid Assets": 170000000.0,
      "Inventory": 28000000.0,
      "Receivables": 1125000000.0,
      "Other Receivables": 19000000.0,
      "Taxes Receivable": 68000000.0,
      "Accounts Receivable": 1038000000.0,
      "Allowance For Doubtful Accounts Receivable": -79000000.0,
      "Gross Accounts Receivable": 1117000000.0,
      "Cash Cash Equivalents And Short Term Investments": 816000000.0,
      "Other Short Term Investments": 108000000.0,
      "Cash And Cash Equivalents": 708000000.0,
      "Cash Equivalents": 389000000.0,
      "Cash Financial": 389000000.0
    }
  },
  "cashflow": {
    "2024-12-31T00:00:00": {
      "Free Cash Flow": 1850000000.0,
      "Repurchase Of Capital Stock": -639000000.0,
      "Repayment Of Debt": -492000000.0,
      "Issuance Of Debt": null,
      "Capital Expenditure": -607000000.0,
      "Interest Paid Supplemental Data": 149000000.0,
      "Income Tax Paid Supplemental Data": 551000000.0,
      "End Cash Position": 1968000000.0,
      "Beginning Cash Position": 1298000000.0,
      "Effect Of Exchange Rate Changes": -8000000.0,
      "Changes In Cash": 678000000.0,
      "Financing Cash Flow": -2459000000.0,
      "Cash Flow From Continuing Financing Activities": -2459000000.0,
      "Net Other Financing Charges": -379000000.0,
      "Cash Dividends Paid": -949000000.0,
      "Preferred Stock Dividend Paid": -5000000.0,
      "Common Stock Dividend Paid": -944000000.0,
      "Net Common Stock Issuance": -639000000.0,
      "Common Stock Payments": -639000000.0,
      "Net Issuance Payments Of Debt": -492000000.0,
      "Net Short Term Debt Issuance": -139000000.0,
      "Short Term Debt Payments": -139000000.0,
      "Net Long Term Debt Issuance": -353000000.0,
      "Long Term Debt Payments": -353000000.0,
      "Long Term Debt Issuance": null,
      "Investing Cash Flow": 680000000.0,
      "Cash From Discontinued Investing Activities": 0.0,
      "Cash Flow From Continuing Investing Activities": 680000000.0,
      "Net Other Investing Changes": -271000000.0,
      "Dividends Received Cfi": null,
      "Net Business Purchase And Sale": 1558000000.0,
      "Sale Of Business": 2180000000.0,
      "Purchase Of Business": -622000000.0,
      "Net PPE Purchase And Sale": null,
      "Sale Of PPE": null,
      "Capital Expenditure Reported": -607000000.0,
      "Operating Cash Flow": 2457000000.0,
      "Cash From Discontinued Operating Activities": -12000000.0,
      "Cash Flow From Continuing Operating Activities": 2469000000.0,
      "Change In Working Capital": 176000000.0,
      "Change In Other Working Capital": 9000000.0,
      "Change In Other Current Liabilities": null,
      "Change In Other Current Assets": null,
      "Change In Payables And Accrued Expense": 139000000.0,
      "Change In Payable": 139000000.0,
      "Change In Account Payable": -144000000.0,
      "Change In Tax Payable": 283000000.0,
      "Change In Income Tax Payable": 283000000.0,
      "Change In Prepaid Assets": 2000000.0,
      "Change In Receivables": 26000000.0,
      "Other Non Cash Items": 70000000.0,
      "Deferred Tax": -640000000.0,
      "Deferred Income Tax": -640000000.0,
      "Depreciation Amortization Depletion": 822000000.0,
      "Depreciation And Amortization": 822000000.0,
      "Amortization Cash Flow": 709000000.0,
      "Amortization Of Intangibles": 709000000.0,
      "Depreciation": 113000000.0,
      "Operating Gains Losses": -151000000.0,
      "Pension And Employee Benefit Expense": 147000000.0,
      "Earnings Losses From Equity Investments": -40000000.0,
      "Gain Loss On Investment Securities": null,
      "Net Foreign Currency Exchange Gain Loss": -66000000.0,
      "Gain Loss On Sale Of Business": -192000000.0,
      "Net Income From Continuing Operations": 2192000000.0
    },
    "2023-12-31T00:00:00": {
      "Free Cash Flow": 1797000000.0,
      "Repurchase Of Capital Stock": -3124000000.0,
      "Repayment Of Debt": -1614000000.0,
      "Issuance Of Debt": null,
      "Capital Expenditure": -544000000.0,
      "Interest Paid Supplemental Data": 201000000.0,
      "Income Tax Paid Supplemental Data": 869000000.0,
      "End Cash Position": 1298000000.0,
      "Beginning Cash Position": 1069000000.0,
      "Effect Of Exchange Rate Changes": 1000000.0,
      "Changes In Cash": 228000000.0,
      "Financing Cash Flow": -5626000000.0,
      "Cash Flow From Continuing Financing Activities": -5626000000.0,
      "Net Other Financing Charges": 4000000.0,
      "Cash Dividends Paid": -892000000.0,
      "Preferred Stock Dividend Paid": -5000000.0,
      "Common Stock Dividend Paid": -887000000.0,
      "Net Common Stock Issuance": -3124000000.0,
      "Common Stock Payments": -3124000000.0,
      "Net Issuance Payments Of Debt": -1614000000.0,
      "Net Short Term Debt Issuance": -956000000.0,
      "Short Term Debt Payments": -956000000.0,
      "Net Long Term Debt Issuance": -658000000.0,
      "Long Term Debt Payments": -658000000.0,
      "Long Term Debt Issuance": null,
      "Investing Cash Flow": 3513000000.0,
      "Cash From Discontinued Investing Activities": -1000000.0,
      "Cash Flow From Continuing Investing Activities": 3514000000.0,
      "Net Other Investing Changes": -568000000.0,
      "Dividends Received Cfi": 5424000000.0,
      "Net Business Purchase And Sale": 4626000000.0,
      "Sale Of Business": 5842000000.0,
      "Purchase Of Business": -1216000000.0,
      "Net PPE Purchase And Sale": null,
      "Sale Of PPE": null,
      "Capital Expenditure Reported": -544000000.0,
      "Operating Cash Flow": 2341000000.0,
      "Cash From Discontinued Operating Activities": 14000000.0,
      "Cash Flow From Continuing Operating Activities": 2327000000.0,
      "Change In Working Capital": 457000000.0,
      "Change In Other Working Capital": 13000000.0,
      "Change In Other Current Liabilities": 0.0,
      "Change In Other Current Assets": 0.0,
      "Change In Payables And Accrued Expense": 476000000.0,
      "Change In Payable": 476000000.0,
      "Change In Account Payable": -166000000.0,
      "Change In Tax Payable": 642000000.0,
      "Change In Income Tax Payable": 642000000.0,
      "Change In Prepaid Assets": 51000000.0,
      "Change In Receivables": -83000000.0,
      "Other Non Cash Items": -38000000.0,
      "Deferred Tax": -388000000.0,
      "Deferred Income Tax": -388000000.0,
      "Depreciation Amortization Depletion": 725000000.0,
      "Depreciation And Amortization": 725000000.0,
      "Amortization Cash Flow": 609000000.0,
      "Amortization Of Intangibles": 609000000.0,
      "Depreciation": 116000000.0,
      "Operating Gains Losses": -1075000000.0,
      "Pension And Employee Benefit Expense": 139000000.0,
      "Earnings Losses From Equity Investments": -1075000000.0,
      "Gain Loss On Investment Securities": null,
      "Net Foreign Currency Exchange Gain Loss": 197000000.0,
      "Gain Loss On Sale Of Business": -336000000.0,
      "Net Income From Continuing Operations": 2646000000.0
    },
    "2022-12-31T00:00:00": {
      "Free Cash Flow": 1320000000.0,
      "Repurchase Of Capital Stock": -1282000000.0,
      "Repayment Of Debt": -65000000.0,
      "Issuance Of Debt": null,
      "Capital Expenditure": -595000000.0,
      "Interest Paid Supplemental Data": 168000000.0,
      "Income Tax Paid Supplemental Data": 216000000.0,
      "End Cash Position": 1069000000.0,
      "Beginning Cash Position": 778000000.0,
      "Effect Of Exchange Rate Changes": -6000000.0,
      "Changes In Cash": 297000000.0,
      "Financing Cash Flow": -1156000000.0,
      "Cash Flow From Continuing Financing Activities": -1156000000.0,
      "Net Other Financing Charges": -14000000.0,
      "Cash Dividends Paid": -837000000.0,
      "Preferred Stock Dividend Paid": -3000000.0,
      "Common Stock Dividend Paid": -834000000.0,
      "Net Common Stock Issuance": -1282000000.0,
      "Common Stock Payments": -1282000000.0,
      "Net Issuance Payments Of Debt": 977000000.0,
      "Net Short Term Debt Issuance": 1042000000.0,
      "Short Term Debt Payments": null,
      "Net Long Term Debt Issuance": -65000000.0,
      "Long Term Debt Payments": -65000000.0,
      "Long Term Debt Issuance": null,
      "Investing Cash Flow": -462000000.0,
      "Cash From Discontinued Investing Activities": -16000000.0,
      "Cash Flow From Continuing Investing Activities": -446000000.0,
      "Net Other Investing Changes": 81000000.0,
      "Dividends Received Cfi": 43000000.0,
      "Net Business Purchase And Sale": 68000000.0,
      "Sale Of Business": 259000000.0,
      "Purchase Of Business": -191000000.0,
      "Net PPE Purchase And Sale": null,
      "Sale Of PPE": null,
      "Capital Expenditure Reported": -595000000.0,
      "Operating Cash Flow": 1915000000.0,
      "Cash From Discontinued Operating Activities": -67000000.0,
      "Cash Flow From Continuing Operating Activities": 1982000000.0,
      "Change In Working Capital": 8000000.0,
      "Change In Other Working Capital": 29000000.0,
      "Change In Other Current Liabilities": -42000000.0,
      "Change In Other Current Assets": 42000000.0,
      "Change In Payables And Accrued Expense": 9000000.0,
      "Change In Payable": 9000000.0,
      "Change In Account Payable": -137000000.0,
      "Change In Tax Payable": 146000000.0,
      "Change In Income Tax Payable": 146000000.0,
      "Change In Prepaid Assets": -2000000.0,
      "Change In Receivables": -28000000.0,
      "Other Non Cash Items": 24000000.0,
      "Deferred Tax": -80000000.0,
      "Deferred Income Tax": -80000000.0,
      "Depreciation Amortization Depletion": 724000000.0,
      "Depreciation And Amortization": 724000000.0,
      "Amortization Cash Flow": 584000000.0,
      "Amortization Of Intangibles": 584000000.0,
      "Depreciation": 140000000.0,
      "Operating Gains Losses": -85000000.0,
      "Pension And Employee Benefit Expense": 160000000.0,
      "Earnings Losses From Equity Investments": 432000000.0,
      "Gain Loss On Investment Securities": null,
      "Net Foreign Currency Exchange Gain Loss": -460000000.0,
      "Gain Loss On Sale Of Business": -217000000.0,
      "Net Income From Continuing Operations": 1391000000.0
    },
    "2021-12-31T00:00:00": {
      "Free Cash Flow": 1286000000.0,
      "Repurchase Of Capital Stock": -1400000000.0,
      "Repayment Of Debt": -109000000.0,
      "Issuance Of Debt": 0.0,
      "Capital Expenditure": -487000000.0,
      "Interest Paid Supplemental Data": 165000000.0,
      "Income Tax Paid Supplemental Data": 1066000000.0,
      "End Cash Position": 778000000.0,
      "Beginning Cash Position": 1787000000.0,
      "Effect Of Exchange Rate Changes": -5000000.0,
      "Changes In Cash": -1004000000.0,
      "Financing Cash Flow": -2273000000.0,
      "Cash Flow From Continuing Financing Activities": -2273000000.0,
      "Net Other Financing Charges": 11000000.0,
      "Cash Dividends Paid": -775000000.0,
      "Preferred Stock Dividend Paid": -2000000.0,
      "Common Stock Dividend Paid": -773000000.0,
      "Net Common Stock Issuance": -1400000000.0,
      "Common Stock Payments": -1400000000.0,
      "Net Issuance Payments Of Debt": -109000000.0,
      "Net Short Term Debt Issuance": 0.0,
      "Short Term Debt Payments": 0.0,
      "Net Long Term Debt Issuance": -109000000.0,
      "Long Term Debt Payments": -109000000.0,
      "Long Term Debt Issuance": 0.0,
      "Investing Cash Flow": -504000000.0,
      "Cash From Discontinued Investing Activities": -252000000.0,
      "Cash Flow From Continuing Investing Activities": -252000000.0,
      "Net Other Investing Changes": -769000000.0,
      "Dividends Received Cfi": 994000000.0,
      "Net Business Purchase And Sale": 10000000.0,
      "Sale Of Business": 28000000.0,
      "Purchase Of Business": -18000000.0,
      "Net PPE Purchase And Sale": 0.0,
      "Sale Of PPE": 0.0,
      "Capital Expenditure Reported": -487000000.0,
      "Operating Cash Flow": 1773000000.0,
      "Cash From Discontinued Operating Activities": -68000000.0,
      "Cash Flow From Continuing Operating Activities": 1841000000.0,
      "Change In Working Capital": 832000000.0,
      "Change In Other Working Capital": -34000000.0,
      "Change In Other Current Liabilities": 10000000.0,
      "Change In Other Current Assets": -10000000.0,
      "Change In Payables And Accrued Expense": 856000000.0,
      "Change In Payable": 856000000.0,
      "Change In Account Payable": 83000000.0,
      "Change In Tax Payable": 773000000.0,
      "Change In Income Tax Payable": 773000000.0,
      "Change In Prepaid Assets": -66000000.0,
      "Change In Receivables": 76000000.0,
      "Other Non Cash Items": -2000000.0,
      "Deferred Tax": 662000000.0,
      "Deferred Income Tax": 662000000.0,
      "Depreciation Amortization Depletion": 770000000.0,
      "Depreciation And Amortization": 770000000.0,
      "Amortization Cash Flow": 593000000.0,
      "Amortization Of Intangibles": 593000000.0,
      "Depreciation": 177000000.0,
      "Operating Gains Losses": -6108000000.0,
      "Pension And Employee Benefit Expense": 162000000.0,
      "Earnings Losses From Equity Investments": -6240000000.0,
      "Gain Loss On Investment Securities": -9000000.0,
      "Net Foreign Currency Exchange Gain Loss": -16000000.0,
      "Gain Loss On Sale Of Business": -5000000.0,
      "Net Income From Continuing Operations": 5687000000.0
    }
  },
  "earnings_estimate": {
    "avg": {
      "0q": 1.19457,
      "+1q": 1.01241,
      "0y": 4.40663,
      "+1y": 5.03156
    },
    "low": {
      "0q": 1.16,
      "+1q": 0.94,
      "0y": 4.17,
      "+1y": 4.70303
    },
    "high": {
      "0q": 1.229,
      "+1q": 1.041,
      "0y": 4.57,
      "+1y": 5.263
    },
    "yearAgoEps": {
      "0q": 1.12,
      "+1q": 0.87,
      "0y": 3.92,
      "+1y": 4.40663
    },
    "numberOfAnalysts": {
      "0q": 13,
      "+1q": 12,
      "0y": 18,
      "+1y": 17
    },
    "growth": {
      "0q": 0.066599995,
      "+1q": 0.16370001,
      "0y": 0.1241,
      "+1y": 0.1418
    }
  },
  "revenue_estimate": {
    "avg": {
      "0q": 2043117000,
      "+1q": 1924531110,
      "0y": 8057414750,
      "+1y": 8679380550
    },
    "low": {
      "0q": 2037404000,
      "+1q": 1912138000,
      "0y": 7891200000,
      "+1y": 8383700000
    },
    "high": {
      "0q": 2055557000,
      "+1q": 1942900000,
      "0y": 8101000000,
      "+1y": 8793000000
    },
    "numberOfAnalysts": {
      "0q": 10,
      "+1q": 9,
      "0y": 16,
      "+1y": 15
    },
    "yearAgoRevenue": {
      "0q": 1900000000,
      "+1q": 1785000000,
      "0y": 7476000000,
      "+1y": 8057414750
    },
    "growth": {
      "0q": 0.0753,
      "+1q": 0.078200005,
      "0y": 0.077800006,
      "+1y": 0.077199996
    }
  },
  "growth_estimates": {
    "stockTrend": {
      "0q": 0.066599995,
      "+1q": 0.16370001,
      "0y": 0.1241,
      "+1y": 0.1418,
      "LTG": null
    },
    "indexTrend": {
      "0q": 0.1273,
      "+1q": 0.103599995,
      "0y": 0.14310001,
      "+1y": 0.1557,
      "LTG": 0.122
    }
  },
  "revenue_forecasts": null,
  "dividend_rate": 3.57,
  "trailing_dividend_rate": 2.38
}