{
  "ticker": "TRN.MI",
  "name": "Terna",
  "country": "italy",
  "currency": "EUR",
  "last_fetched": "2026-02-26T20:49:02.920296",
  "market_cap": 20267571200,
  "revenue": 3889799936,
  "net_income": 1078000000,
  "pe_ratio": 18.712961,
  "forward_pe": 18.49953,
  "dividend_yield": 3.93,
  "profit_margin": 0.28331,
  "roe": 0.14283,
  "debt_to_equity": 189.072,
  "beta": 0.628,
  "ev_to_ebitda": 11.973,
  "sector": "Utilities",
  "industry": "Utilities - Regulated Electric",
  "summary": "Terna S.p.A., together with its subsidiaries, provides electricity transmission and dispatching services in Italy, other Euro-area countries, and internationally. It operates through Regulated, Non-Regulated, and International segments. The company is involved in the design, construction, management, development, operation, and maintenance of national transmission grid; dispatching and metering; and construction of storage systems. It also supplies transformers and cables; provides energy and connectivity services; and installs and operates interconnecting lines. In addition, the company designs, produces, commercializes, and repairs power transformers for electricity transmission and distribution grids; industrial transformers for the steel and metals industries; special transformers for convertors used in electrochemical production; manufactures and sells marine and terrestrial cables; develops renewable energy projects; and undertakes private interconnector projects. Terna S.p.A. was founded in 1962 and is headquartered in Rome, Italy.",
  "website": "https://www.terna.it",
  "employees": 6922,
  "target_high": 10.3,
  "target_low": 8.15,
  "target_mean": 9.295,
  "target_median": 9.325,
  "recommendation": "hold",
  "num_analysts": 20,
  "income_stmt": {
    "2024-12-31T00:00:00": {
      "Tax Effect Of Unusual Items": -3291800.0,
      "Tax Rate For Calcs": 0.302,
      "Normalized EBITDA": 2667600000.0,
      "Total Unusual Items": -10900000.0,
      "Total Unusual Items Excluding Goodwill": -10900000.0,
      "Net Income From Continuing Operation Net Minority Interest": 1050300000.0,
      "Reconciled Depreciation": 876400000.0,
      "Reconciled Cost Of Revenue": 305200000.0,
      "EBITDA": 2656700000.0,
      "EBIT": 1780300000.0,
      "Net Interest Income": -175500000.0,
      "Interest Expense": 274400000.0,
      "Interest Income": 125600000.0,
      "Normalized Income": 1057908200.0,
      "Net Income From Continuing And Discontinued Operation": 1061900000.0,
      "Total Expenses": 1974800000.0,
      "Rent Expense Supplemental": 25200000.0,
      "Total Operating Income As Reported": 1677400000.0,
      "Diluted Average Shares": 2006064004.0,
      "Basic Average Shares": 2006064004.0,
      "Diluted EPS": 0.523,
      "Basic EPS": 0.523,
      "Diluted NI Availto Com Stockholders": 1061900000.0,
      "Net Income Common Stockholders": 1061900000.0,
      "Otherunder Preferred Stock Dividend": 0.0,
      "Net Income": 1061900000.0,
      "Minority Interests": -600000.0,
      "Net Income Including Noncontrolling Interests": 1062500000.0,
      "Net Income Discontinuous Operations": 11600000.0,
      "Net Income Continuous Operations": 1050900000.0,
      "Tax Provision": 455000000.0,
      "Pretax Income": 1505900000.0,
      "Other Non Operating Income Expenses": 16200000.0,
      "Special Income Charges": -10900000.0,
      "Other Special Charges": -8600000.0,
      "Write Off": 4800000.0,
      "Impairment Of Capital Assets": 14700000.0,
      "Restructuring And Mergern Acquisition": null,
      "Net Non Operating Interest Income Expense": -175500000.0,
      "Total Other Finance Cost": 26700000.0,
      "Interest Expense Non Operating": 274400000.0,
      "Interest Income Non Operating": 125600000.0,
      "Operating Income": 1672100000.0,
      "Operating Expense": 1974800000.0,
      "Other Operating Expenses": 657900000.0,
      "Depreciation And Amortization In Income Statement": 869500000.0,
      "Amortization": 163000000.0,
      "Depreciation Income Statement": 706500000.0,
      "Selling General And Administration": 21400000.0,
      "General And Administrative Expense": 21400000.0,
      "Rent And Landing Fees": 25200000.0,
      "Gross Profit": 3341700000.0,
      "Cost Of Revenue": 305200000.0,
      "Total Revenue": 3646900000.0,
      "Operating Revenue": 3646900000.0
    },
    "2023-12-31T00:00:00": {
      "Tax Effect Of Unusual Items": 2959300.0,
      "Tax Rate For Calcs": 0.293,
      "Normalized EBITDA": 2218700000.0,
      "Total Unusual Items": 10100000.0,
      "Total Unusual Items Excluding Goodwill": 10100000.0,
      "Net Income From Continuing Operation Net Minority Interest": 882900000.0,
      "Reconciled Depreciation": 775700000.0,
      "Reconciled Cost Of Revenue": 285400000.0,
      "EBITDA": 2228800000.0,
      "EBIT": 1431800000.0,
      "Net Interest Income": -119900000.0,
      "Interest Expense": 187200000.0,
      "Interest Income": 84600000.0,
      "Normalized Income": 875759300.0,
      "Net Income From Continuing And Discontinued Operation": 885400000.0,
      "Total Expenses": 1805200000.0,
      "Rent Expense Supplemental": 20500000.0,
      "Total Operating Income As Reported": 1362300000.0,
      "Diluted Average Shares": 2005778340.0,
      "Basic Average Shares": 2005778340.0,
      "Diluted EPS": 0.441425,
      "Basic EPS": 0.441425,
      "Diluted NI Availto Com Stockholders": 885400000.0,
      "Net Income Common Stockholders": 885400000.0,
      "Otherunder Preferred Stock Dividend": 0.0,
      "Net Income": 885400000.0,
      "Minority Interests": 2600000.0,
      "Net Income Including Noncontrolling Interests": 882800000.0,
      "Net Income Discontinuous Operations": 2500000.0,
      "Net Income Continuous Operations": 880300000.0,
      "Tax Provision": 364300000.0,
      "Pretax Income": 1244600000.0,
      "Other Non Operating Income Expenses": 9800000.0,
      "Special Income Charges": 10100000.0,
      "Other Special Charges": -19400000.0,
      "Write Off": 600000.0,
      "Impairment Of Capital Assets": 8700000.0,
      "Restructuring And Mergern Acquisition": null,
      "Net Non Operating Interest Income Expense": -119900000.0,
      "Total Other Finance Cost": 17300000.0,
      "Interest Expense Non Operating": 187200000.0,
      "Interest Income Non Operating": 84600000.0,
      "Operating Income": 1342400000.0,
      "Operating Expense": 1805200000.0,
      "Other Operating Expenses": 599700000.0,
      "Depreciation And Amortization In Income Statement": 797000000.0,
      "Amortization": 126400000.0,
      "Depreciation Income Statement": 670600000.0,
      "Selling General And Administration": 19600000.0,
      "General And Administrative Expense": 19600000.0,
      "Rent And Landing Fees": 20500000.0,
      "Gross Profit": 2862200000.0,
      "Cost Of Revenue": 285400000.0,
      "Total Revenue": 3147600000.0,
      "Operating Revenue": 3147600000.0
    },
    "2022-12-31T00:00:00": {
      "Tax Effect Of Unusual Items": 1670400.0,
      "Tax Rate For Calcs": 0.288,
      "Normalized EBITDA": 2077600000.0,
      "Total Unusual Items": 5800000.0,
      "Total Unusual Items Excluding Goodwill": 5800000.0,
      "Net Income From Continuing Operation Net Minority Interest": 877300000.0,
      "Reconciled Depreciation": 736100000.0,
      "Reconciled Cost Of Revenue": 247800000.0,
      "EBITDA": 2083400000.0,
      "EBIT": 1347300000.0,
      "Net Interest Income": -107200000.0,
      "Interest Expense": 113900000.0,
      "Interest Income": 14600000.0,
      "Normalized Income": 873170400.0,
      "Net Income From Continuing And Discontinued Operation": 857000000.0,
      "Total Expenses": 1612200000.0,
      "Rent Expense Supplemental": 19400000.0,
      "Total Operating Income As Reported": 1333500000.0,
      "Diluted Average Shares": 2005710736.0,
      "Basic Average Shares": 2005710736.0,
      "Diluted EPS": 0.427,
      "Basic EPS": 0.427,
      "Diluted NI Availto Com Stockholders": 857000000.0,
      "Net Income Common Stockholders": 857000000.0,
      "Otherunder Preferred Stock Dividend": 0.0,
      "Net Income": 857000000.0,
      "Minority Interests": -700000.0,
      "Net Income Including Noncontrolling Interests": 857700000.0,
      "Net Income Discontinuous Operations": -20300000.0,
      "Net Income Continuous Operations": 878000000.0,
      "Tax Provision": 355400000.0,
      "Pretax Income": 1233400000.0,
      "Other Non Operating Income Expenses": 27300000.0,
      "Special Income Charges": 5800000.0,
      "Other Special Charges": -14100000.0,
      "Write Off": 1300000.0,
      "Impairment Of Capital Assets": 7000000.0,
      "Restructuring And Mergern Acquisition": null,
      "Net Non Operating Interest Income Expense": -107200000.0,
      "Total Other Finance Cost": 7900000.0,
      "Interest Expense Non Operating": 113900000.0,
      "Interest Income Non Operating": 14600000.0,
      "Operating Income": 1305800000.0,
      "Operating Expense": 1612200000.0,
      "Other Operating Expenses": 519700000.0,
      "Depreciation And Amortization In Income Statement": 717400000.0,
      "Amortization": 93200000.0,
      "Depreciation Income Statement": 624200000.0,
      "Selling General And Administration": 16800000.0,
      "General And Administrative Expense": 16800000.0,
      "Rent And Landing Fees": 19400000.0,
      "Gross Profit": 2670200000.0,
      "Cost Of Revenue": 247800000.0,
      "Total Revenue": 2918000000.0,
      "Operating Revenue": 2918000000.0
    },
    "2021-12-31T00:00:00": {
      "Tax Effect Of Unusual Items": 3339400.0,
      "Tax Rate For Calcs": 0.283,
      "Normalized EBITDA": 1866600000.0,
      "Total Unusual Items": 11800000.0,
      "Total Unusual Items Excluding Goodwill": 11800000.0,
      "Net Income From Continuing Operation Net Minority Interest": 802200000.0,
      "Reconciled Depreciation": 664800000.0,
      "Reconciled Cost Of Revenue": 206400000.0,
      "EBITDA": 1878400000.0,
      "EBIT": 1213600000.0,
      "Net Interest Income": -84200000.0,
      "Interest Expense": 92100000.0,
      "Interest Income": 11600000.0,
      "Normalized Income": 793739400.0,
      "Net Income From Continuing And Discontinued Operation": 789400000.0,
      "Total Expenses": 1397700000.0,
      "Rent Expense Supplemental": 15400000.0,
      "Total Operating Income As Reported": 1200400000.0,
      "Diluted Average Shares": 2006683355.0,
      "Basic Average Shares": 2006683355.0,
      "Diluted EPS": 0.393,
      "Basic EPS": 0.393,
      "Diluted NI Availto Com Stockholders": 789400000.0,
      "Net Income Common Stockholders": 789400000.0,
      "Otherunder Preferred Stock Dividend": 0.0,
      "Net Income": 789400000.0,
      "Minority Interests": -1400000.0,
      "Net Income Including Noncontrolling Interests": 790800000.0,
      "Net Income Discontinuous Operations": -12800000.0,
      "Net Income Continuous Operations": 803600000.0,
      "Tax Provision": 317900000.0,
      "Pretax Income": 1121500000.0,
      "Other Non Operating Income Expenses": 28700000.0,
      "Special Income Charges": 11800000.0,
      "Other Special Charges": -10200000.0,
      "Write Off": -1900000.0,
      "Impairment Of Capital Assets": 300000.0,
      "Restructuring And Mergern Acquisition": 0.0,
      "Net Non Operating Interest Income Expense": -84200000.0,
      "Total Other Finance Cost": 3700000.0,
      "Interest Expense Non Operating": 92100000.0,
      "Interest Income Non Operating": 11600000.0,
      "Operating Income": 1161100000.0,
      "Operating Expense": 1397700000.0,
      "Other Operating Expenses": 424600000.0,
      "Depreciation And Amortization In Income Statement": 656000000.0,
      "Amortization": 66800000.0,
      "Depreciation Income Statement": 589200000.0,
      "Selling General And Administration": 15400000.0,
      "General And Administrative Expense": 15400000.0,
      "Rent And Landing Fees": 15400000.0,
      "Gross Profit": 2352400000.0,
      "Cost Of Revenue": 206400000.0,
      "Total Revenue": 2558800000.0,
      "Operating Revenue": 2558800000.0
    }
  },
  "quarterly_income": {
    "2025-09-30T00:00:00": {
      "Tax Effect Of Unusual Items": 0.0,
      "Tax Rate For Calcs": 0.298551,
      "Normalized EBITDA": 666500000.0,
      "Net Income From Continuing Operation Net Minority Interest": 265000000.0,
      "Reconciled Depreciation": 231700000.0,
      "Reconciled Cost Of Revenue": 22900000.0,
      "EBITDA": 666500000.0,
      "EBIT": 434800000.0,
      "Net Interest Income": -55300000.0,
      "Normalized Income": 265000000.0,
      "Net Income From Continuing And Discontinued Operation": 265000000.0,
      "Total Expenses": 553300000.0,
      "Total Operating Income As Reported": 434800000.0,
      "Diluted Average Shares": 2005697373.0,
      "Basic Average Shares": 2005697373.0,
      "Diluted EPS": 0.132124,
      "Basic EPS": 0.132124,
      "Diluted NI Availto Com Stockholders": 265000000.0,
      "Net Income Common Stockholders": 265000000.0,
      "Otherunder Preferred Stock Dividend": 0.0,
      "Net Income": 265000000.0,
      "Minority Interests": -1200000.0,
      "Net Income Including Noncontrolling Interests": 266200000.0,
      "Net Income Extraordinary": null,
      "Net Income Discontinuous Operations": 0.0,
      "Net Income Continuous Operations": 266200000.0,
      "Tax Provision": 113300000.0,
      "Pretax Income": 379500000.0,
      "Net Non Operating Interest Income Expense": -55300000.0,
      "Operating Income": 434800000.0,
      "Operating Expense": 530400000.0,
      "Other Operating Expenses": 204000000.0,
      "Depreciation And Amortization In Income Statement": 231700000.0,
      "Depreciation Income Statement": 231700000.0,
      "Gross Profit": 965200000.0,
      "Cost Of Revenue": 22900000.0,
      "Total Revenue": 988100000.0,
      "Operating Revenue": 988100000.0
    },
    "2025-06-30T00:00:00": {
      "Tax Effect Of Unusual Items": 0.0,
      "Tax Rate For Calcs": 0.294849,
      "Normalized EBITDA": 761800000.0,
      "Net Income From Continuing Operation Net Minority Interest": 311800000.0,
      "Reconciled Depreciation": 222100000.0,
      "Reconciled Cost Of Revenue": 64900000.0,
      "EBITDA": 761800000.0,
      "EBIT": 533900000.0,
      "Net Interest Income": -39700000.0,
      "Normalized Income": 311800000.0,
      "Net Income From Continuing And Discontinued Operation": 311500000.0,
      "Total Expenses": 507900000.0,
      "Total Operating Income As Reported": 480200000.0,
      "Diluted Average Shares": null,
      "Basic Average Shares": null,
      "Diluted EPS": null,
      "Basic EPS": null,
      "Diluted NI Availto Com Stockholders": 312400000.0,
      "Net Income Common Stockholders": 312400000.0,
      "Otherunder Preferred Stock Dividend": 0.0,
      "Net Income": 312400000.0,
      "Minority Interests": -300000.0,
      "Net Income Including Noncontrolling Interests": 312700000.0,
      "Net Income Extraordinary": null,
      "Net Income Discontinuous Operations": null,
      "Net Income Continuous Operations": 312100000.0,
      "Tax Provision": 130500000.0,
      "Pretax Income": 442600000.0,
      "Net Non Operating Interest Income Expense": -39700000.0,
      "Operating Income": 454900000.0,
      "Operating Expense": 524500000.0,
      "Other Operating Expenses": 171300000.0,
      "Depreciation And Amortization In Income Statement": 227900000.0,
      "Depreciation Income Statement": 140600000.0,
      "Gross Profit": 897900000.0,
      "Cost Of Revenue": 64900000.0,
      "Total Revenue": 962800000.0,
      "Operating Revenue": 962800000.0
    },
    "2025-03-31T00:00:00": {
      "Tax Effect Of Unusual Items": 0.0,
      "Tax Rate For Calcs": 0.301,
      "Normalized EBITDA": 652000000.0,
      "Net Income From Continuing Operation Net Minority Interest": 275000000.0,
      "Reconciled Depreciation": 219200000.0,
      "Reconciled Cost Of Revenue": 16600000.0,
      "EBITDA": 652000000.0,
      "EBIT": 432800000.0,
      "Net Interest Income": -38800000.0,
      "Normalized Income": 275000000.0,
      "Net Income From Continuing And Discontinued Operation": 275300000.0,
      "Total Expenses": 469000000.0,
      "Total Operating Income As Reported": 432800000.0,
      "Diluted Average Shares": 2005840152.0,
      "Basic Average Shares": 2005840152.0,
      "Diluted EPS": 0.137249,
      "Basic EPS": 0.137249,
      "Diluted NI Availto Com Stockholders": 275300000.0,
      "Net Income Common Stockholders": 275300000.0,
      "Otherunder Preferred Stock Dividend": 0.0,
      "Net Income": 275300000.0,
      "Minority Interests": -400000.0,
      "Net Income Including Noncontrolling Interests": 275700000.0,
      "Net Income Extraordinary": null,
      "Net Income Discontinuous Operations": 300000.0,
      "Net Income Continuous Operations": 275400000.0,
      "Tax Provision": 118600000.0,
      "Pretax Income": 394000000.0,
      "Net Non Operating Interest Income Expense": -38800000.0,
      "Operating Income": 432800000.0,
      "Operating Expense": 452400000.0,
      "Other Operating Expenses": 135700000.0,
      "Depreciation And Amortization In Income Statement": 219200000.0,
      "Depreciation Income Statement": 219200000.0,
      "Gross Profit": 885200000.0,
      "Cost Of Revenue": 16600000.0,
      "Total Revenue": 901800000.0,
      "Operating Revenue": 901800000.0
    },
    "2024-12-31T00:00:00": {
      "Tax Effect Of Unusual Items": 0.0,
      "Tax Rate For Calcs": 0.328531,
      "Normalized EBITDA": 757600000.0,
      "Net Income From Continuing Operation Net Minority Interest": 237500000.0,
      "Reconciled Depreciation": 234100000.0,
      "Reconciled Cost Of Revenue": 41500000.0,
      "EBITDA": 757600000.0,
      "EBIT": 523500000.0,
      "Net Interest Income": -70600000.0,
      "Normalized Income": 237500000.0,
      "Net Income From Continuing And Discontinued Operation": 249300000.0,
      "Total Expenses": 584200000.0,
      "Total Operating Income As Reported": 420600000.0,
      "Diluted Average Shares": null,
      "Basic Average Shares": null,
      "Diluted EPS": null,
      "Basic EPS": null,
      "Diluted NI Availto Com Stockholders": 249300000.0,
      "Net Income Common Stockholders": 249300000.0,
      "Otherunder Preferred Stock Dividend": 0.0,
      "Net Income": 249300000.0,
      "Minority Interests": -200000.0,
      "Net Income Including Noncontrolling Interests": 249500000.0,
      "Net Income Extraordinary": null,
      "Net Income Discontinuous Operations": 11800000.0,
      "Net Income Continuous Operations": 237700000.0,
      "Tax Provision": 116300000.0,
      "Pretax Income": 354000000.0,
      "Net Non Operating Interest Income Expense": -70600000.0,
      "Operating Income": 415300000.0,
      "Operating Expense": 639000000.0,
      "Other Operating Expenses": 225800000.0,
      "Depreciation And Amortization In Income Statement": 234100000.0,
      "Depreciation Income Statement": 71100000.0,
      "Gross Profit": 958000000.0,
      "Cost Of Revenue": 41500000.0,
      "Total Revenue": 999500000.0,
      "Operating Revenue": 999500000.0
    },
    "2024-09-30T00:00:00": {
      "Tax Effect Of Unusual Items": 0.0,
      "Tax Rate For Calcs": 0.29404,
      "Normalized EBITDA": 635000000.0,
      "Net Income From Continuing Operation Net Minority Interest": 267400000.0,
      "Reconciled Depreciation": 214300000.0,
      "Reconciled Cost Of Revenue": 21000000.0,
      "EBITDA": 635000000.0,
      "EBIT": 420700000.0,
      "Net Interest Income": -41500000.0,
      "Normalized Income": 267400000.0,
      "Net Income From Continuing And Discontinued Operation": 267800000.0,
      "Total Expenses": 472300000.0,
      "Total Operating Income As Reported": 420700000.0,
      "Diluted Average Shares": 2005840152.0,
      "Basic Average Shares": 2005840152.0,
      "Diluted EPS": 0.13351,
      "Basic EPS": 0.13351,
      "Diluted NI Availto Com Stockholders": 267800000.0,
      "Net Income Common Stockholders": 267800000.0,
      "Otherunder Preferred Stock Dividend": 0.0,
      "Net Income": 267800000.0,
      "Minority Interests": -300000.0,
      "Net Income Including Noncontrolling Interests": 268100000.0,
      "Net Income Extraordinary": null,
      "Net Income Discontinuous Operations": 400000.0,
      "Net Income Continuous Operations": 267700000.0,
      "Tax Provision": 111500000.0,
      "Pretax Income": 379200000.0,
      "Net Non Operating Interest Income Expense": -41500000.0,
      "Operating Income": 420700000.0,
      "Operating Expense": 451300000.0,
      "Other Operating Expenses": 144000000.0,
      "Depreciation And Amortization In Income Statement": 214300000.0,
      "Depreciation Income Statement": 214300000.0,
      "Gross Profit": 872000000.0,
      "Cost Of Revenue": 21000000.0,
      "Total Revenue": 893000000.0,
      "Operating Revenue": 893000000.0
    },
    "2024-06-30T00:00:00": {
      "Tax Effect Of Unusual Items": null,
      "Tax Rate For Calcs": null,
      "Normalized EBITDA": null,
      "Net Income From Continuing Operation Net Minority Interest": null,
      "Reconciled Depreciation": null,
      "Reconciled Cost Of Revenue": null,
      "EBITDA": null,
      "EBIT": null,
      "Net Interest Income": null,
      "Normalized Income": null,
      "Net Income From Continuing And Discontinued Operation": null,
      "Total Expenses": null,
      "Total Operating Income As Reported": null,
      "Diluted Average Shares": null,
      "Basic Average Shares": null,
      "Diluted EPS": null,
      "Basic EPS": null,
      "Diluted NI Availto Com Stockholders": null,
      "Net Income Common Stockholders": null,
      "Otherunder Preferred Stock Dividend": null,
      "Net Income": null,
      "Minority Interests": null,
      "Net Income Including Noncontrolling Interests": null,
      "Net Income Extraordinary": 2400000.0,
      "Net Income Discontinuous Operations": null,
      "Net Income Continuous Operations": null,
      "Tax Provision": null,
      "Pretax Income": null,
      "Net Non Operating Interest Income Expense": null,
      "Operating Income": null,
      "Operating Expense": null,
      "Other Operating Expenses": null,
      "Depreciation And Amortization In Income Statement": null,
      "Depreciation Income Statement": null,
      "Gross Profit": null,
      "Cost Of Revenue": null,
      "Total Revenue": null,
      "Operating Revenue": null
    }
  },
  "balance_sheet": {
    "2024-12-31T00:00:00": {
      "Treasury Shares Number": 4151848.0,
      "Ordinary Shares Number": 2005840152.0,
      "Share Issued": 2009992000.0,
      "Net Debt": 11547200000.0,
      "Total Debt": 13858700000.0,
      "Tangible Book Value": 6542000000.0,
      "Invested Capital": 21382900000.0,
      "Working Capital": -609700000.0,
      "Net Tangible Assets": 6542000000.0,
      "Common Stock Equity": 7524200000.0,
      "Total Capitalization": 18934600000.0,
      "Total Equity Gross Minority Interest": 7544000000.0,
      "Minority Interest": 19800000.0,
      "Stockholders Equity": 7524200000.0,
      "Retained Earnings": 4651700000.0,
      "Capital Stock": 442200000.0,
      "Common Stock": 442200000.0,
      "Total Liabilities Net Minority Interest": 19642600000.0,
      "Total Non Current Liabilities Net Minority Interest": 12778700000.0,
      "Other Non Current Liabilities": 1091500000.0,
      "Derivative Product Liabilities": 58800000.0,
      "Non Current Pension And Other Postretirement Benefit Plans": 48200000.0,
      "Long Term Debt And Capital Lease Obligation": 11410400000.0,
      "Long Term Debt": 11410400000.0,
      "Long Term Provisions": 169800000.0,
      "Current Liabilities": 6863900000.0,
      "Other Current Liabilities": 332600000.0,
      "Current Debt And Capital Lease Obligation": 2448300000.0,
      "Current Debt": 2448300000.0,
      "Payables": 4081100000.0,
      "Other Payable": 406300000.0,
      "Total Tax Payable": 150300000.0,
      "Accounts Payable": 3524500000.0,
      "Total Assets": 27186600000.0,
      "Total Non Current Assets": 20932400000.0,
      "Other Non Current Assets": null,
      "Non Current Prepaid Assets": 4900000.0,
      "Non Current Deferred Taxes Assets": 228400000.0,
      "Financial Assets": 0.0,
      "Investmentin Financial Assets": 388200000.0,
      "Available For Sale Securities": 388200000.0,
      "Long Term Equity Investment": 81600000.0,
      "Goodwill And Other Intangible Assets": 982200000.0,
      "Other Intangible Assets": 731300000.0,
      "Goodwill": 250900000.0,
      "Net PPE": 19237100000.0,
      "Accumulated Depreciation": -11612600000.0,
      "Gross PPE": 30849700000.0,
      "Construction In Progress": 3755000000.0,
      "Other Properties": 574700000.0,
      "Machinery Furniture Equipment": 23562300000.0,
      "Buildings And Improvements": 2714900000.0,
      "Land And Improvements": 242800000.0,
      "Properties": 0.0,
      "Current Assets": 6254200000.0,
      "Other Current Assets": null,
      "Hedging Assets Current": 0.0,
      "Assets Held For Sale Current": 15400000.0,
      "Current Deferred Assets": 1200000.0,
      "Prepaid Assets": 12500000.0,
      "Inventory": 108200000.0,
      "Other Receivables": 88700000.0,
      "Taxes Receivable": 75800000.0,
      "Accounts Receivable": 3194800000.0,
      "Cash Cash Equivalents And Short Term Investments": 2757600000.0,
      "Other Short Term Investments": 446100000.0,
      "Cash And Cash Equivalents": 2311500000.0,
      "Cash Equivalents": 2090200000.0,
      "Cash Financial": 221300000.0
    },
    "2023-12-31T00:00:00": {
      "Treasury Shares Number": 4213660.0,
      "Ordinary Shares Number": 2005778340.0,
      "Share Issued": 2009992000.0,
      "Net Debt": 10691200000.0,
      "Total Debt": 12069400000.0,
      "Tangible Book Value": 5457200000.0,
      "Invested Capital": 18393800000.0,
      "Working Capital": -2083700000.0,
      "Net Tangible Assets": 5457200000.0,
      "Common Stock Equity": 6324400000.0,
      "Total Capitalization": 15733600000.0,
      "Total Equity Gross Minority Interest": 6343300000.0,
      "Minority Interest": 18900000.0,
      "Stockholders Equity": 6324400000.0,
      "Retained Earnings": 4275900000.0,
      "Capital Stock": 442200000.0,
      "Common Stock": 442200000.0,
      "Total Liabilities Net Minority Interest": 17050100000.0,
      "Total Non Current Liabilities Net Minority Interest": 10723600000.0,
      "Other Non Current Liabilities": 948300000.0,
      "Derivative Product Liabilities": 164500000.0,
      "Non Current Pension And Other Postretirement Benefit Plans": 49800000.0,
      "Long Term Debt And Capital Lease Obligation": 9409200000.0,
      "Long Term Debt": 9409200000.0,
      "Long Term Provisions": 151800000.0,
      "Current Liabilities": 6326500000.0,
      "Other Current Liabilities": 266500000.0,
      "Current Debt And Capital Lease Obligation": 2660200000.0,
      "Current Debt": 2660200000.0,
      "Payables": 3355300000.0,
      "Other Payable": 453700000.0,
      "Total Tax Payable": 36700000.0,
      "Accounts Payable": 2864900000.0,
      "Total Assets": 23393400000.0,
      "Total Non Current Assets": 19150600000.0,
      "Other Non Current Assets": -300000.0,
      "Non Current Prepaid Assets": 4900000.0,
      "Non Current Deferred Taxes Assets": 168700000.0,
      "Financial Assets": 17400000.0,
      "Investmentin Financial Assets": 408400000.0,
      "Available For Sale Securities": 408400000.0,
      "Long Term Equity Investment": 76700000.0,
      "Goodwill And Other Intangible Assets": 867200000.0,
      "Other Intangible Assets": 614900000.0,
      "Goodwill": 252300000.0,
      "Net PPE": 17596700000.0,
      "Accumulated Depreciation": -11040100000.0,
      "Gross PPE": 28636800000.0,
      "Construction In Progress": 2885300000.0,
      "Other Properties": 540300000.0,
      "Machinery Furniture Equipment": 22391200000.0,
      "Buildings And Improvements": 2587500000.0,
      "Land And Improvements": 232500000.0,
      "Properties": 0.0,
      "Current Assets": 4242800000.0,
      "Other Current Assets": null,
      "Hedging Assets Current": 400000.0,
      "Assets Held For Sale Current": 85000000.0,
      "Current Deferred Assets": 7300000.0,
      "Prepaid Assets": 11100000.0,
      "Inventory": 75000000.0,
      "Other Receivables": 92200000.0,
      "Taxes Receivable": 62400000.0,
      "Accounts Receivable": 2154800000.0,
      "Cash Cash Equivalents And Short Term Investments": 1754600000.0,
      "Other Short Term Investments": 376400000.0,
      "Cash And Cash Equivalents": 1378200000.0,
      "Cash Equivalents": 1194500000.0,
      "Cash Financial": 183700000.0
    },
    "2022-12-31T00:00:00": {
      "Treasury Shares Number": 4375909.0,
      "Ordinary Shares Number": 2005616091.0,
      "Share Issued": 2009992000.0,
      "Net Debt": 8658500000.0,
      "Total Debt": 10813600000.0,
      "Tangible Book Value": 5366200000.0,
      "Invested Capital": 16955600000.0,
      "Working Capital": -1688200000.0,
      "Net Tangible Assets": 5366200000.0,
      "Common Stock Equity": 6142000000.0,
      "Total Capitalization": 14558700000.0,
      "Total Equity Gross Minority Interest": 6169100000.0,
      "Minority Interest": 27100000.0,
      "Stockholders Equity": 6142000000.0,
      "Retained Earnings": 4037900000.0,
      "Capital Stock": 442200000.0,
      "Common Stock": 442200000.0,
      "Total Liabilities Net Minority Interest": 16633800000.0,
      "Total Non Current Liabilities Net Minority Interest": 9824500000.0,
      "Other Non Current Liabilities": 971400000.0,
      "Derivative Product Liabilities": 247200000.0,
      "Non Current Pension And Other Postretirement Benefit Plans": 48400000.0,
      "Long Term Debt And Capital Lease Obligation": 8416700000.0,
      "Long Term Debt": 8416700000.0,
      "Long Term Provisions": 140800000.0,
      "Current Liabilities": 6809300000.0,
      "Other Current Liabilities": 152000000.0,
      "Current Debt And Capital Lease Obligation": 2396900000.0,
      "Current Debt": 2396900000.0,
      "Payables": 4249400000.0,
      "Other Payable": 418000000.0,
      "Total Tax Payable": 143700000.0,
      "Accounts Payable": 3687700000.0,
      "Total Assets": 22802900000.0,
      "Total Non Current Assets": 17681800000.0,
      "Other Non Current Assets": 100000.0,
      "Non Current Prepaid Assets": 4800000.0,
      "Non Current Deferred Taxes Assets": 121000000.0,
      "Financial Assets": 75500000.0,
      "Investmentin Financial Assets": 418900000.0,
      "Available For Sale Securities": 418900000.0,
      "Long Term Equity Investment": 73800000.0,
      "Goodwill And Other Intangible Assets": 775800000.0,
      "Other Intangible Assets": 524300000.0,
      "Goodwill": 251500000.0,
      "Net PPE": 16200900000.0,
      "Accumulated Depreciation": -10482700000.0,
      "Gross PPE": 26683600000.0,
      "Construction In Progress": 2581300000.0,
      "Other Properties": 501500000.0,
      "Machinery Furniture Equipment": 20979800000.0,
      "Buildings And Improvements": 2403300000.0,
      "Land And Improvements": 217700000.0,
      "Properties": 0.0,
      "Current Assets": 5121100000.0,
      "Other Current Assets": 3100000.0,
      "Hedging Assets Current": 200000.0,
      "Assets Held For Sale Current": 70700000.0,
      "Current Deferred Assets": 3500000.0,
      "Prepaid Assets": 9200000.0,
      "Inventory": 83000000.0,
      "Other Receivables": 96300000.0,
      "Taxes Receivable": 93200000.0,
      "Accounts Receivable": 2358300000.0,
      "Cash Cash Equivalents And Short Term Investments": 2406700000.0,
      "Other Short Term Investments": 251600000.0,
      "Cash And Cash Equivalents": 2155100000.0,
      "Cash Equivalents": 1971500000.0,
      "Cash Financial": 183600000.0
    },
    "2021-12-31T00:00:00": {
      "Treasury Shares Number": 3095192.0,
      "Ordinary Shares Number": 2006896808.0,
      "Share Issued": 2009992000.0,
      "Net Debt": 10896100000.0,
      "Total Debt": 12462900000.0,
      "Tangible Book Value": 4025400000.0,
      "Invested Capital": 17144800000.0,
      "Working Capital": -1789600000.0,
      "Net Tangible Assets": 4025400000.0,
      "Common Stock Equity": 4681900000.0,
      "Total Capitalization": 13516900000.0,
      "Total Equity Gross Minority Interest": 4713000000.0,
      "Minority Interest": 31100000.0,
      "Stockholders Equity": 4681900000.0,
      "Retained Earnings": 3753700000.0,
      "Capital Stock": 442200000.0,
      "Common Stock": 442200000.0,
      "Total Liabilities Net Minority Interest": 17646200000.0,
      "Total Non Current Liabilities Net Minority Interest": 9998500000.0,
      "Other Non Current Liabilities": 884800000.0,
      "Derivative Product Liabilities": 83700000.0,
      "Non Current Pension And Other Postretirement Benefit Plans": 60800000.0,
      "Long Term Debt And Capital Lease Obligation": 8835000000.0,
      "Long Term Debt": 8835000000.0,
      "Long Term Provisions": 134200000.0,
      "Current Liabilities": 7647700000.0,
      "Other Current Liabilities": 91400000.0,
      "Current Debt And Capital Lease Obligation": 3627900000.0,
      "Current Debt": 3627900000.0,
      "Payables": 3665700000.0,
      "Other Payable": 323500000.0,
      "Total Tax Payable": 66600000.0,
      "Accounts Payable": 3275600000.0,
      "Total Assets": 22359200000.0,
      "Total Non Current Assets": 16501100000.0,
      "Other Non Current Assets": 200000.0,
      "Non Current Prepaid Assets": 6900000.0,
      "Non Current Deferred Taxes Assets": 146600000.0,
      "Financial Assets": 1600000.0,
      "Investmentin Financial Assets": 286100000.0,
      "Available For Sale Securities": 286100000.0,
      "Long Term Equity Investment": 76200000.0,
      "Goodwill And Other Intangible Assets": 656500000.0,
      "Other Intangible Assets": 400000000.0,
      "Goodwill": 256500000.0,
      "Net PPE": 15316600000.0,
      "Accumulated Depreciation": -9962200000.0,
      "Gross PPE": 25278800000.0,
      "Construction In Progress": 2192700000.0,
      "Other Properties": 424200000.0,
      "Machinery Furniture Equipment": 20162300000.0,
      "Buildings And Improvements": 2287900000.0,
      "Land And Improvements": 211700000.0,
      "Properties": 0.0,
      "Current Assets": 5858100000.0,
      "Other Current Assets": 3600000.0,
      "Hedging Assets Current": 0.0,
      "Assets Held For Sale Current": 375500000.0,
      "Current Deferred Assets": 4300000.0,
      "Prepaid Assets": 11000000.0,
      "Inventory": 69900000.0,
      "Other Receivables": 60900000.0,
      "Taxes Receivable": 16000000.0,
      "Accounts Receivable": 2777400000.0,
      "Cash Cash Equivalents And Short Term Investments": 2543100000.0,
      "Other Short Term Investments": 976300000.0,
      "Cash And Cash Equivalents": 1566800000.0,
      "Cash Equivalents": 1383200000.0,
      "Cash Financial": 183600000.0
    }
  },
  "cashflow": {
    "2024-12-31T00:00:00": {
      "Free Cash Flow": -1155700000.0,
      "Repurchase Of Capital Stock": null,
      "Issuance Of Debt": 1723500000.0,
      "Capital Expenditure": -2624400000.0,
      "End Cash Position": 2313400000.0,
      "Beginning Cash Position": 1381800000.0,
      "Changes In Cash": 931600000.0,
      "Financing Cash Flow": 1867000000.0,
      "Net Other Financing Charges": 834100000.0,
      "Cash Dividends Paid": -690600000.0,
      "Common Stock Dividend Paid": -690600000.0,
      "Net Common Stock Issuance": null,
      "Common Stock Payments": null,
      "Net Issuance Payments Of Debt": 1723500000.0,
      "Net Short Term Debt Issuance": 432700000.0,
      "Short Term Debt Issuance": 432700000.0,
      "Net Long Term Debt Issuance": 1290800000.0,
      "Long Term Debt Issuance": 1290800000.0,
      "Investing Cash Flow": -2404100000.0,
      "Net Other Investing Changes": 74200000.0,
      "Interest Received Cfi": null,
      "Net Investment Purchase And Sale": 60600000.0,
      "Net Business Purchase And Sale": 72800000.0,
      "Sale Of Business": 79300000.0,
      "Purchase Of Business": 0.0,
      "Net PPE Purchase And Sale": 12700000.0,
      "Sale Of PPE": 12700000.0,
      "Capital Expenditure Reported": -2624400000.0,
      "Operating Cash Flow": 1468700000.0,
      "Taxes Refund Paid": -371600000.0,
      "Interest Received Cfo": 157000000.0,
      "Interest Paid Cfo": -370900000.0,
      "Change In Working Capital": -544900000.0,
      "Change In Other Current Liabilities": 15600000.0,
      "Change In Other Current Assets": -85000000.0,
      "Change In Payable": 621300000.0,
      "Change In Inventory": -33200000.0,
      "Change In Receivables": -1038700000.0,
      "Other Non Cash Items": 159900000.0,
      "Provisionand Write Offof Assets": 56900000.0,
      "Deferred Tax": 456000000.0,
      "Depreciation And Amortization": 876400000.0,
      "Depreciation": 876400000.0,
      "Gain Loss On Sale Of PPE": -12600000.0,
      "Net Income From Continuing Operations": 1062500000.0
    },
    "2023-12-31T00:00:00": {
      "Free Cash Flow": -1180100000.0,
      "Repurchase Of Capital Stock": null,
      "Issuance Of Debt": null,
      "Capital Expenditure": -2265000000.0,
      "End Cash Position": 1381800000.0,
      "Beginning Cash Position": 2167000000.0,
      "Changes In Cash": -785200000.0,
      "Financing Cash Flow": 464300000.0,
      "Net Other Financing Charges": 1135800000.0,
      "Cash Dividends Paid": -671500000.0,
      "Common Stock Dividend Paid": -671500000.0,
      "Net Common Stock Issuance": null,
      "Common Stock Payments": null,
      "Net Issuance Payments Of Debt": 1142800000.0,
      "Net Short Term Debt Issuance": 1142800000.0,
      "Short Term Debt Issuance": null,
      "Net Long Term Debt Issuance": null,
      "Long Term Debt Issuance": null,
      "Investing Cash Flow": -2334400000.0,
      "Net Other Investing Changes": 48300000.0,
      "Interest Received Cfi": null,
      "Net Investment Purchase And Sale": -118400000.0,
      "Net Business Purchase And Sale": -18700000.0,
      "Sale Of Business": 0.0,
      "Purchase Of Business": -15800000.0,
      "Net PPE Purchase And Sale": 19400000.0,
      "Sale Of PPE": 19400000.0,
      "Capital Expenditure Reported": -2265000000.0,
      "Operating Cash Flow": 1084900000.0,
      "Taxes Refund Paid": -434000000.0,
      "Interest Received Cfo": 107200000.0,
      "Interest Paid Cfo": -261900000.0,
      "Change In Working Capital": -510600000.0,
      "Change In Other Current Liabilities": -25700000.0,
      "Change In Other Current Assets": -6400000.0,
      "Change In Payable": -716400000.0,
      "Change In Inventory": 22500000.0,
      "Change In Receivables": 259600000.0,
      "Other Non Cash Items": 124000000.0,
      "Provisionand Write Offof Assets": 53700000.0,
      "Deferred Tax": 366000000.0,
      "Depreciation And Amortization": 775700000.0,
      "Depreciation": 775700000.0,
      "Gain Loss On Sale Of PPE": -18000000.0,
      "Net Income From Continuing Operations": 882800000.0
    },
    "2022-12-31T00:00:00": {
      "Free Cash Flow": 619000000.0,
      "Repurchase Of Capital Stock": -10000000.0,
      "Issuance Of Debt": null,
      "Capital Expenditure": -1704700000.0,
      "End Cash Position": 2167000000.0,
      "Beginning Cash Position": 1606200000.0,
      "Changes In Cash": 560800000.0,
      "Financing Cash Flow": 92500000.0,
      "Net Other Financing Charges": 688300000.0,
      "Cash Dividends Paid": -595800000.0,
      "Common Stock Dividend Paid": -595800000.0,
      "Net Common Stock Issuance": -10000000.0,
      "Common Stock Payments": -10000000.0,
      "Net Issuance Payments Of Debt": -289000000.0,
      "Net Short Term Debt Issuance": -289000000.0,
      "Short Term Debt Issuance": null,
      "Net Long Term Debt Issuance": null,
      "Long Term Debt Issuance": null,
      "Investing Cash Flow": -1855400000.0,
      "Net Other Investing Changes": 24800000.0,
      "Interest Received Cfi": 24800000.0,
      "Net Investment Purchase And Sale": -350500000.0,
      "Net Business Purchase And Sale": 159400000.0,
      "Sale Of Business": 157000000.0,
      "Purchase Of Business": 0.0,
      "Net PPE Purchase And Sale": 15600000.0,
      "Sale Of PPE": 15600000.0,
      "Capital Expenditure Reported": -1704700000.0,
      "Operating Cash Flow": 2323700000.0,
      "Taxes Refund Paid": -380100000.0,
      "Interest Received Cfo": 64200000.0,
      "Interest Paid Cfo": -154800000.0,
      "Change In Working Capital": 721700000.0,
      "Change In Other Current Liabilities": -126100000.0,
      "Change In Other Current Assets": 14700000.0,
      "Change In Payable": 604800000.0,
      "Change In Inventory": -20700000.0,
      "Change In Receivables": 285900000.0,
      "Other Non Cash Items": 77400000.0,
      "Provisionand Write Offof Assets": 51700000.0,
      "Deferred Tax": 356700000.0,
      "Depreciation And Amortization": 736100000.0,
      "Depreciation": 736100000.0,
      "Gain Loss On Sale Of PPE": -6900000.0,
      "Net Income From Continuing Operations": 857700000.0
    },
    "2021-12-31T00:00:00": {
      "Free Cash Flow": -642700000.0,
      "Repurchase Of Capital Stock": -10000000.0,
      "Issuance Of Debt": null,
      "Capital Expenditure": -1475000000.0,
      "End Cash Position": 1606200000.0,
      "Beginning Cash Position": 2689000000.0,
      "Changes In Cash": -1082800000.0,
      "Financing Cash Flow": -1051800000.0,
      "Net Other Financing Charges": -495100000.0,
      "Cash Dividends Paid": -546700000.0,
      "Common Stock Dividend Paid": -546700000.0,
      "Net Common Stock Issuance": -10000000.0,
      "Common Stock Payments": -10000000.0,
      "Net Issuance Payments Of Debt": null,
      "Net Short Term Debt Issuance": null,
      "Short Term Debt Issuance": null,
      "Net Long Term Debt Issuance": null,
      "Long Term Debt Issuance": null,
      "Investing Cash Flow": -863300000.0,
      "Net Other Investing Changes": null,
      "Interest Received Cfi": 10800000.0,
      "Net Investment Purchase And Sale": 600000000.0,
      "Net Business Purchase And Sale": -32000000.0,
      "Sale Of Business": 0.0,
      "Purchase Of Business": -31600000.0,
      "Net PPE Purchase And Sale": 32900000.0,
      "Sale Of PPE": 32900000.0,
      "Capital Expenditure Reported": -1475000000.0,
      "Operating Cash Flow": 832300000.0,
      "Taxes Refund Paid": -317900000.0,
      "Interest Received Cfo": 54300000.0,
      "Interest Paid Cfo": -214600000.0,
      "Change In Working Capital": -585800000.0,
      "Change In Other Current Liabilities": -33400000.0,
      "Change In Other Current Assets": -38500000.0,
      "Change In Payable": 1168500000.0,
      "Change In Inventory": -19800000.0,
      "Change In Receivables": -1592300000.0,
      "Other Non Cash Items": 104500000.0,
      "Provisionand Write Offof Assets": 28400000.0,
      "Deferred Tax": 321500000.0,
      "Depreciation And Amortization": 664800000.0,
      "Depreciation": 664800000.0,
      "Gain Loss On Sale Of PPE": -13700000.0,
      "Net Income From Continuing Operations": 790800000.0
    }
  },
  "earnings_estimate": {
    "avg": {
      "0q": 0.11344,
      "+1q": 0.14802,
      "0y": 0.54072,
      "+1y": 0.54623
    },
    "low": {
      "0q": 0.10871,
      "+1q": 0.14605,
      "0y": 0.51539,
      "+1y": 0.5012
    },
    "high": {
      "0q": 0.12,
      "+1q": 0.15,
      "0y": 0.554,
      "+1y": 0.57
    },
    "numberOfAnalysts": {
      "0q": 3,
      "+1q": 2,
      "0y": 18,
      "+1y": 18
    },
    "yearAgoEps": {
      "0q": null,
      "+1q": null,
      "0y": 0.517,
      "+1y": 0.54072
    },
    "growth": {
      "0q": null,
      "+1q": null,
      "0y": 0.045900002,
      "+1y": 0.010199999
    }
  },
  "revenue_estimate": {
    "avg": {
      "0q": 1139176880,
      "+1q": 962635700,
      "0y": 4018332210,
      "+1y": 4311030090
    },
    "low": {
      "0q": 1123801000,
      "+1q": 957035000,
      "0y": 3919293210,
      "+1y": 4090989470
    },
    "high": {
      "0q": 1158000000,
      "+1q": 968236390,
      "0y": 4052400830,
      "+1y": 4473060570
    },
    "numberOfAnalysts": {
      "0q": 4,
      "+1q": 2,
      "0y": 19,
      "+1y": 19
    },
    "yearAgoRevenue": {
      "0q": 1032800000,
      "+1q": 901800000,
      "0y": 3680200000,
      "+1y": 4018332210
    },
    "growth": {
      "0q": 0.103,
      "+1q": 0.0675,
      "0y": 0.0919,
      "+1y": 0.0728
    }
  },
  "growth_estimates": {
    "stockTrend": {
      "0q": null,
      "+1q": null,
      "0y": 0.045900002,
      "+1y": 0.010199999,
      "LTG": null
    },
    "indexTrend": {
      "0q": 0.1273,
      "+1q": 0.103599995,
      "0y": 0.14310001,
      "+1y": 0.1557,
      "LTG": 0.122
    }
  },
  "revenue_forecasts": null,
  "dividend_rate": 0.4,
  "trailing_dividend_rate": 0.396
}