{
  "ticker": "TRP.TO",
  "name": "TC Energy",
  "country": "canada",
  "currency": "CAD",
  "last_fetched": "2026-02-26T20:51:58.532798",
  "market_cap": 89734193152,
  "revenue": 15239000064,
  "net_income": 3612000000,
  "pe_ratio": 24.841497,
  "forward_pe": 22.18402,
  "dividend_yield": 4.06,
  "profit_margin": 0.23091999,
  "roe": 0.114429995,
  "debt_to_equity": 165.373,
  "beta": 0.997,
  "ev_to_ebitda": 16.662,
  "sector": "Energy",
  "industry": "Oil & Gas Midstream",
  "summary": "TC Energy Corporation operates as an energy infrastructure company in Canada, the United States, and Mexico. It operates through four segments: Canadian Natural Gas Pipelines; U.S. Natural Gas Pipelines; Mexico Natural Gas Pipelines; and Power and Energy Solutions. The company builds and operates a network of 94,171 kilometers of natural gas pipelines, which transports natural gas from supply basins to local distribution companies, power generation plants, industrial facilities, interconnecting pipelines, LNG export terminals, and other businesses. It also has regulated natural gas storage facilities with a total working gas capacity of 532 billion cubic feet. In addition, the company owns or has interests in power generation facilities with approximately 4,650 megawatts; and owns and operates approximately 118 billion cubic feet of non-regulated natural gas storage facilities in Alberta, Ontario, Qu√©bec, and New Brunswick. The company was formerly known as TransCanada Corporation and changed its name to TC Energy Corporation in May 2019. TC Energy Corporation was founded in 1951 and is headquartered in Calgary, Canada.",
  "website": "https://www.tcenergy.com",
  "employees": 6574,
  "target_high": 95.0,
  "target_low": 68.0,
  "target_mean": 84.77273,
  "target_median": 86.0,
  "recommendation": "buy",
  "num_analysts": 22,
  "income_stmt": {
    "2025-12-31T00:00:00": {
      "Tax Effect Of Unusual Items": 32818883.174137,
      "Tax Rate For Calcs": 0.209037,
      "Normalized EBITDA": 10903000000.0,
      "Total Unusual Items": 157000000.0,
      "Total Unusual Items Excluding Goodwill": 157000000.0,
      "Net Income From Continuing Operation Net Minority Interest": 3731000000.0,
      "Reconciled Depreciation": 2769000000.0,
      "Reconciled Cost Of Revenue": 7596000000.0,
      "EBITDA": 11060000000.0,
      "EBIT": 8291000000.0,
      "Net Interest Income": -2749000000.0,
      "Interest Expense": 2847000000.0,
      "Interest Income": 205000000.0,
      "Normalized Income": 3606818883.174137,
      "Net Income From Continuing And Discontinued Operation": 3519000000.0,
      "Total Expenses": 8477000000.0,
      "Diluted Average Shares": 1040000000.0,
      "Basic Average Shares": 1040000000.0,
      "Diluted EPS": 3.27,
      "Basic EPS": 3.27,
      "Diluted NI Availto Com Stockholders": 3400000000.0,
      "Net Income Common Stockholders": 3400000000.0,
      "Preferred Stock Dividends": 119000000.0,
      "Net Income": 3519000000.0,
      "Minority Interests": -575000000.0,
      "Net Income Including Noncontrolling Interests": 4094000000.0,
      "Net Income Discontinuous Operations": -212000000.0,
      "Net Income Continuous Operations": 4306000000.0,
      "Tax Provision": 1138000000.0,
      "Pretax Income": 5444000000.0,
      "Other Income Expense": 1431000000.0,
      "Special Income Charges": 0.0,
      "Gain On Sale Of Ppe": 0.0,
      "Other Special Charges": null,
      "Write Off": 0.0,
      "Impairment Of Capital Assets": null,
      "Earnings From Equity Interest": 1274000000.0,
      "Gain On Sale Of Security": 157000000.0,
      "Net Non Operating Interest Income Expense": -2749000000.0,
      "Total Other Finance Cost": 107000000.0,
      "Interest Expense Non Operating": 2847000000.0,
      "Interest Income Non Operating": 205000000.0,
      "Operating Income": 6762000000.0,
      "Operating Expense": 881000000.0,
      "Other Operating Expenses": null,
      "Other Taxes": 881000000.0,
      "Gross Profit": 7643000000.0,
      "Cost Of Revenue": 7596000000.0,
      "Total Revenue": 15239000000.0,
      "Operating Revenue": 15239000000.0
    },
    "2024-12-31T00:00:00": {
      "Tax Effect Of Unusual Items": 109434812.055537,
      "Tax Rate For Calcs": 0.156112,
      "Normalized EBITDA": 10516000000.0,
      "Total Unusual Items": 701000000.0,
      "Total Unusual Items Excluding Goodwill": 701000000.0,
      "Net Income From Continuing Operation Net Minority Interest": 4303000000.0,
      "Reconciled Depreciation": 2788000000.0,
      "Reconciled Cost Of Revenue": 7165000000.0,
      "EBITDA": 11217000000.0,
      "EBIT": 8429000000.0,
      "Net Interest Income": -2139000000.0,
      "Interest Expense": 2523000000.0,
      "Interest Income": 542000000.0,
      "Normalized Income": 3711434812.055537,
      "Net Income From Continuing And Discontinued Operation": 4698000000.0,
      "Total Expenses": 7985000000.0,
      "Diluted Average Shares": 1038000000.0,
      "Basic Average Shares": 1038000000.0,
      "Diluted EPS": 4.43,
      "Basic EPS": 4.43,
      "Diluted NI Availto Com Stockholders": 4594000000.0,
      "Net Income Common Stockholders": 4594000000.0,
      "Preferred Stock Dividends": 104000000.0,
      "Net Income": 4698000000.0,
      "Minority Interests": -681000000.0,
      "Net Income Including Noncontrolling Interests": 5379000000.0,
      "Net Income Discontinuous Operations": 395000000.0,
      "Net Income Continuous Operations": 4984000000.0,
      "Tax Provision": 922000000.0,
      "Pretax Income": 5906000000.0,
      "Other Income Expense": 2259000000.0,
      "Special Income Charges": 848000000.0,
      "Gain On Sale Of Ppe": 620000000.0,
      "Other Special Charges": -228000000.0,
      "Write Off": 0.0,
      "Impairment Of Capital Assets": 0.0,
      "Earnings From Equity Interest": 1558000000.0,
      "Gain On Sale Of Security": -147000000.0,
      "Net Non Operating Interest Income Expense": -2139000000.0,
      "Total Other Finance Cost": 158000000.0,
      "Interest Expense Non Operating": 2523000000.0,
      "Interest Income Non Operating": 542000000.0,
      "Operating Income": 5786000000.0,
      "Operating Expense": 820000000.0,
      "Other Operating Expenses": null,
      "Other Taxes": 820000000.0,
      "Gross Profit": 6606000000.0,
      "Cost Of Revenue": 7165000000.0,
      "Total Revenue": 13771000000.0,
      "Operating Revenue": 13771000000.0
    },
    "2023-12-31T00:00:00": {
      "Tax Effect Of Unusual Items": -454445118.253487,
      "Tax Rate For Calcs": 0.255306,
      "Normalized EBITDA": 10438000000.0,
      "Total Unusual Items": -1780000000.0,
      "Total Unusual Items Excluding Goodwill": -1780000000.0,
      "Net Income From Continuing Operation Net Minority Interest": 2310000000.0,
      "Reconciled Depreciation": 2778000000.0,
      "Reconciled Cost Of Revenue": 6599000000.0,
      "EBITDA": 8658000000.0,
      "EBIT": 5880000000.0,
      "Net Interest Income": -2119000000.0,
      "Interest Expense": 2582000000.0,
      "Interest Income": 569000000.0,
      "Normalized Income": 3635554881.746513,
      "Net Income From Continuing And Discontinued Operation": 2922000000.0,
      "Total Expenses": 7380000000.0,
      "Diluted Average Shares": 1030000000.0,
      "Basic Average Shares": 1030000000.0,
      "Diluted EPS": 2.75,
      "Basic EPS": 2.75,
      "Diluted NI Availto Com Stockholders": 2829000000.0,
      "Net Income Common Stockholders": 2829000000.0,
      "Preferred Stock Dividends": 93000000.0,
      "Net Income": 2922000000.0,
      "Minority Interests": -146000000.0,
      "Net Income Including Noncontrolling Interests": 3068000000.0,
      "Net Income Discontinuous Operations": 612000000.0,
      "Net Income Continuous Operations": 2456000000.0,
      "Tax Provision": 842000000.0,
      "Pretax Income": 3298000000.0,
      "Other Income Expense": -470000000.0,
      "Special Income Charges": -2100000000.0,
      "Gain On Sale Of Ppe": 0.0,
      "Other Special Charges": null,
      "Write Off": 2100000000.0,
      "Impairment Of Capital Assets": -4000000.0,
      "Earnings From Equity Interest": 1310000000.0,
      "Gain On Sale Of Security": 320000000.0,
      "Net Non Operating Interest Income Expense": -2119000000.0,
      "Total Other Finance Cost": 106000000.0,
      "Interest Expense Non Operating": 2582000000.0,
      "Interest Income Non Operating": 569000000.0,
      "Operating Income": 5887000000.0,
      "Operating Expense": 781000000.0,
      "Other Operating Expenses": null,
      "Other Taxes": 781000000.0,
      "Gross Profit": 6668000000.0,
      "Cost Of Revenue": 6599000000.0,
      "Total Revenue": 13267000000.0,
      "Operating Revenue": 13267000000.0
    },
    "2022-12-31T00:00:00": {
      "Tax Effect Of Unusual Items": -997028400.0,
      "Tax Rate For Calcs": 0.2621,
      "Normalized EBITDA": 9045000000.0,
      "Total Unusual Items": -3804000000.0,
      "Total Unusual Items Excluding Goodwill": -3804000000.0,
      "Net Income From Continuing Operation Net Minority Interest": 115000000.0,
      "Reconciled Depreciation": 2584000000.0,
      "Reconciled Cost Of Revenue": 6512000000.0,
      "EBITDA": 5241000000.0,
      "EBIT": 2657000000.0,
      "Net Interest Income": -1791000000.0,
      "Interest Expense": 2183000000.0,
      "Interest Income": 428000000.0,
      "Normalized Income": 2921971600.0,
      "Net Income From Continuing And Discontinued Operation": 748000000.0,
      "Total Expenses": 7239000000.0,
      "Diluted Average Shares": 996000000.0,
      "Basic Average Shares": 995000000.0,
      "Diluted EPS": 0.64,
      "Basic EPS": 0.64,
      "Diluted NI Availto Com Stockholders": 641000000.0,
      "Net Income Common Stockholders": 641000000.0,
      "Preferred Stock Dividends": 107000000.0,
      "Net Income": 748000000.0,
      "Minority Interests": -37000000.0,
      "Net Income Including Noncontrolling Interests": 785000000.0,
      "Net Income Discontinuous Operations": 633000000.0,
      "Net Income Continuous Operations": 152000000.0,
      "Tax Provision": 322000000.0,
      "Pretax Income": 474000000.0,
      "Other Income Expense": -2805000000.0,
      "Special Income Charges": -3619000000.0,
      "Gain On Sale Of Ppe": 0.0,
      "Other Special Charges": null,
      "Write Off": 3048000000.0,
      "Impairment Of Capital Assets": 571000000.0,
      "Earnings From Equity Interest": 999000000.0,
      "Gain On Sale Of Security": -185000000.0,
      "Net Non Operating Interest Income Expense": -1791000000.0,
      "Total Other Finance Cost": 36000000.0,
      "Interest Expense Non Operating": 2183000000.0,
      "Interest Income Non Operating": 428000000.0,
      "Operating Income": 5070000000.0,
      "Operating Expense": 727000000.0,
      "Other Operating Expenses": null,
      "Other Taxes": 727000000.0,
      "Gross Profit": 5797000000.0,
      "Cost Of Revenue": 6512000000.0,
      "Total Revenue": 12309000000.0,
      "Operating Revenue": 12309000000.0
    },
    "2021-12-31T00:00:00": {
      "Tax Effect Of Unusual Items": null,
      "Tax Rate For Calcs": null,
      "Normalized EBITDA": null,
      "Total Unusual Items": null,
      "Total Unusual Items Excluding Goodwill": null,
      "Net Income From Continuing Operation Net Minority Interest": null,
      "Reconciled Depreciation": null,
      "Reconciled Cost Of Revenue": null,
      "EBITDA": null,
      "EBIT": null,
      "Net Interest Income": null,
      "Interest Expense": null,
      "Interest Income": null,
      "Normalized Income": null,
      "Net Income From Continuing And Discontinued Operation": null,
      "Total Expenses": null,
      "Diluted Average Shares": null,
      "Basic Average Shares": null,
      "Diluted EPS": null,
      "Basic EPS": null,
      "Diluted NI Availto Com Stockholders": null,
      "Net Income Common Stockholders": null,
      "Preferred Stock Dividends": null,
      "Net Income": null,
      "Minority Interests": null,
      "Net Income Including Noncontrolling Interests": null,
      "Net Income Discontinuous Operations": null,
      "Net Income Continuous Operations": null,
      "Tax Provision": null,
      "Pretax Income": null,
      "Other Income Expense": null,
      "Special Income Charges": null,
      "Gain On Sale Of Ppe": null,
      "Other Special Charges": -267000000.0,
      "Write Off": null,
      "Impairment Of Capital Assets": 2775000000.0,
      "Earnings From Equity Interest": null,
      "Gain On Sale Of Security": null,
      "Net Non Operating Interest Income Expense": null,
      "Total Other Finance Cost": null,
      "Interest Expense Non Operating": null,
      "Interest Income Non Operating": null,
      "Operating Income": null,
      "Operating Expense": null,
      "Other Operating Expenses": 4098000000.0,
      "Other Taxes": null,
      "Gross Profit": null,
      "Cost Of Revenue": null,
      "Total Revenue": null,
      "Operating Revenue": null
    }
  },
  "quarterly_income": {
    "2025-12-31T00:00:00": {
      "Tax Effect Of Unusual Items": 2585674.157303,
      "Tax Rate For Calcs": 0.184691,
      "Normalized EBITDA": 2858000000.0,
      "Total Unusual Items": 14000000.0,
      "Total Unusual Items Excluding Goodwill": 14000000.0,
      "Net Income From Continuing Operation Net Minority Interest": 994000000.0,
      "Reconciled Depreciation": 719000000.0,
      "Reconciled Cost Of Revenue": 2050000000.0,
      "EBITDA": 2872000000.0,
      "EBIT": 2153000000.0,
      "Net Interest Income": -778000000.0,
      "Interest Expense": 729000000.0,
      "Interest Income": 58000000.0,
      "Normalized Income": 982585674.157303,
      "Net Income From Continuing And Discontinued Operation": 1015000000.0,
      "Total Expenses": 2274000000.0,
      "Diluted Average Shares": null,
      "Basic Average Shares": null,
      "Diluted EPS": null,
      "Basic EPS": null,
      "Diluted NI Availto Com Stockholders": 980000000.0,
      "Net Income Common Stockholders": 980000000.0,
      "Preferred Stock Dividends": 35000000.0,
      "Net Income": 1015000000.0,
      "Minority Interests": -167000000.0,
      "Net Income Including Noncontrolling Interests": 1182000000.0,
      "Net Income Discontinuous Operations": 21000000.0,
      "Net Income Continuous Operations": 1161000000.0,
      "Tax Provision": 263000000.0,
      "Pretax Income": 1424000000.0,
      "Other Income Expense": 308000000.0,
      "Special Income Charges": 0.0,
      "Gain On Sale Of Ppe": 0.0,
      "Gain On Sale Of Business": null,
      "Write Off": null,
      "Impairment Of Capital Assets": null,
      "Earnings From Equity Interest": 294000000.0,
      "Gain On Sale Of Security": 14000000.0,
      "Net Non Operating Interest Income Expense": -778000000.0,
      "Interest Expense Non Operating": 729000000.0,
      "Interest Income Non Operating": 58000000.0,
      "Operating Income": 1894000000.0,
      "Operating Expense": 224000000.0,
      "Other Taxes": 224000000.0,
      "Gross Profit": 2118000000.0,
      "Cost Of Revenue": 2050000000.0,
      "Total Revenue": 4168000000.0,
      "Operating Revenue": 4168000000.0
    },
    "2025-09-30T00:00:00": {
      "Tax Effect Of Unusual Items": 6261335.531739,
      "Tax Rate For Calcs": 0.201979,
      "Normalized EBITDA": 2676000000.0,
      "Total Unusual Items": 31000000.0,
      "Total Unusual Items Excluding Goodwill": 31000000.0,
      "Net Income From Continuing Operation Net Minority Interest": 841000000.0,
      "Reconciled Depreciation": 701000000.0,
      "Reconciled Cost Of Revenue": 1906000000.0,
      "EBITDA": 2707000000.0,
      "EBIT": 2006000000.0,
      "Net Interest Income": -746000000.0,
      "Interest Expense": 793000000.0,
      "Interest Income": 47000000.0,
      "Normalized Income": 816261335.531739,
      "Net Income From Continuing And Discontinued Operation": 637000000.0,
      "Total Expenses": 2121000000.0,
      "Diluted Average Shares": null,
      "Basic Average Shares": null,
      "Diluted EPS": null,
      "Basic EPS": null,
      "Diluted NI Availto Com Stockholders": 609000000.0,
      "Net Income Common Stockholders": 609000000.0,
      "Preferred Stock Dividends": 28000000.0,
      "Net Income": 637000000.0,
      "Minority Interests": -127000000.0,
      "Net Income Including Noncontrolling Interests": 764000000.0,
      "Net Income Discontinuous Operations": -204000000.0,
      "Net Income Continuous Operations": 968000000.0,
      "Tax Provision": 245000000.0,
      "Pretax Income": 1213000000.0,
      "Other Income Expense": 376000000.0,
      "Special Income Charges": 0.0,
      "Gain On Sale Of Ppe": 0.0,
      "Gain On Sale Of Business": null,
      "Write Off": null,
      "Impairment Of Capital Assets": null,
      "Earnings From Equity Interest": 345000000.0,
      "Gain On Sale Of Security": 31000000.0,
      "Net Non Operating Interest Income Expense": -746000000.0,
      "Interest Expense Non Operating": 793000000.0,
      "Interest Income Non Operating": 47000000.0,
      "Operating Income": 1583000000.0,
      "Operating Expense": 215000000.0,
      "Other Taxes": 215000000.0,
      "Gross Profit": 1798000000.0,
      "Cost Of Revenue": 1906000000.0,
      "Total Revenue": 3704000000.0,
      "Operating Revenue": 3704000000.0
    },
    "2025-06-30T00:00:00": {
      "Tax Effect Of Unusual Items": 17365944.734877,
      "Tax Rate For Calcs": 0.25168,
      "Normalized EBITDA": 2674000000.0,
      "Total Unusual Items": 69000000.0,
      "Total Unusual Items Excluding Goodwill": 69000000.0,
      "Net Income From Continuing Operation Net Minority Interest": 890000000.0,
      "Reconciled Depreciation": 671000000.0,
      "Reconciled Cost Of Revenue": 1902000000.0,
      "EBITDA": 2743000000.0,
      "EBIT": 2072000000.0,
      "Net Interest Income": -684000000.0,
      "Interest Expense": 733000000.0,
      "Interest Income": 49000000.0,
      "Normalized Income": 838365944.734877,
      "Net Income From Continuing And Discontinued Operation": 861000000.0,
      "Total Expenses": 2120000000.0,
      "Diluted Average Shares": 1040000000.0,
      "Basic Average Shares": 1040000000.0,
      "Diluted EPS": 0.8,
      "Basic EPS": 0.8,
      "Diluted NI Availto Com Stockholders": 833000000.0,
      "Net Income Common Stockholders": 833000000.0,
      "Preferred Stock Dividends": 28000000.0,
      "Net Income": 861000000.0,
      "Minority Interests": -112000000.0,
      "Net Income Including Noncontrolling Interests": 973000000.0,
      "Net Income Discontinuous Operations": -29000000.0,
      "Net Income Continuous Operations": 1002000000.0,
      "Tax Provision": 337000000.0,
      "Pretax Income": 1339000000.0,
      "Other Income Expense": 399000000.0,
      "Special Income Charges": 0.0,
      "Gain On Sale Of Ppe": 0.0,
      "Gain On Sale Of Business": null,
      "Write Off": null,
      "Impairment Of Capital Assets": null,
      "Earnings From Equity Interest": 330000000.0,
      "Gain On Sale Of Security": 69000000.0,
      "Net Non Operating Interest Income Expense": -684000000.0,
      "Interest Expense Non Operating": 733000000.0,
      "Interest Income Non Operating": 49000000.0,
      "Operating Income": 1624000000.0,
      "Operating Expense": 218000000.0,
      "Other Taxes": 218000000.0,
      "Gross Profit": 1842000000.0,
      "Cost Of Revenue": 1902000000.0,
      "Total Revenue": 3744000000.0,
      "Operating Revenue": 3744000000.0
    },
    "2025-03-31T00:00:00": {
      "Tax Effect Of Unusual Items": 8600000.0,
      "Tax Rate For Calcs": 0.2,
      "Normalized EBITDA": 2695000000.0,
      "Total Unusual Items": 43000000.0,
      "Total Unusual Items Excluding Goodwill": 43000000.0,
      "Net Income From Continuing Operation Net Minority Interest": 1006000000.0,
      "Reconciled Depreciation": 678000000.0,
      "Reconciled Cost Of Revenue": 1738000000.0,
      "EBITDA": 2738000000.0,
      "EBIT": 2060000000.0,
      "Net Interest Income": -541000000.0,
      "Interest Expense": 592000000.0,
      "Interest Income": 51000000.0,
      "Normalized Income": 971600000.0,
      "Net Income From Continuing And Discontinued Operation": 1006000000.0,
      "Total Expenses": 1962000000.0,
      "Diluted Average Shares": 1040000000.0,
      "Basic Average Shares": 1039000000.0,
      "Diluted EPS": 0.94,
      "Basic EPS": 0.94,
      "Diluted NI Availto Com Stockholders": 978000000.0,
      "Net Income Common Stockholders": 978000000.0,
      "Preferred Stock Dividends": 28000000.0,
      "Net Income": 1006000000.0,
      "Minority Interests": -169000000.0,
      "Net Income Including Noncontrolling Interests": 1175000000.0,
      "Net Income Discontinuous Operations": 0.0,
      "Net Income Continuous Operations": 1175000000.0,
      "Tax Provision": 293000000.0,
      "Pretax Income": 1468000000.0,
      "Other Income Expense": 348000000.0,
      "Special Income Charges": null,
      "Gain On Sale Of Ppe": null,
      "Gain On Sale Of Business": null,
      "Write Off": null,
      "Impairment Of Capital Assets": null,
      "Earnings From Equity Interest": 305000000.0,
      "Gain On Sale Of Security": 43000000.0,
      "Net Non Operating Interest Income Expense": -541000000.0,
      "Interest Expense Non Operating": 592000000.0,
      "Interest Income Non Operating": 51000000.0,
      "Operating Income": 1661000000.0,
      "Operating Expense": 224000000.0,
      "Other Taxes": 224000000.0,
      "Gross Profit": 1885000000.0,
      "Cost Of Revenue": 1738000000.0,
      "Total Revenue": 3623000000.0,
      "Operating Revenue": 3623000000.0
    },
    "2024-12-31T00:00:00": {
      "Tax Effect Of Unusual Items": 20018497.109827,
      "Tax Rate For Calcs": 0.090173,
      "Normalized EBITDA": 1840000000.0,
      "Total Unusual Items": 222000000.0,
      "Total Unusual Items Excluding Goodwill": 222000000.0,
      "Net Income From Continuing Operation Net Minority Interest": 604000000.0,
      "Reconciled Depreciation": 639000000.0,
      "Reconciled Cost Of Revenue": 585000000.0,
      "EBITDA": 2062000000.0,
      "EBIT": 1423000000.0,
      "Net Interest Income": -409000000.0,
      "Interest Expense": 558000000.0,
      "Interest Income": 307000000.0,
      "Normalized Income": 402018497.109827,
      "Net Income From Continuing And Discontinued Operation": 999000000.0,
      "Total Expenses": 708000000.0,
      "Diluted Average Shares": 1038000000.0,
      "Basic Average Shares": 1038000000.0,
      "Diluted EPS": 0.94,
      "Basic EPS": 0.94,
      "Diluted NI Availto Com Stockholders": 971000000.0,
      "Net Income Common Stockholders": 971000000.0,
      "Preferred Stock Dividends": 28000000.0,
      "Net Income": 999000000.0,
      "Minority Interests": -183000000.0,
      "Net Income Including Noncontrolling Interests": 1182000000.0,
      "Net Income Discontinuous Operations": null,
      "Net Income Continuous Operations": 787000000.0,
      "Tax Provision": 78000000.0,
      "Pretax Income": 865000000.0,
      "Other Income Expense": 622000000.0,
      "Special Income Charges": 291000000.0,
      "Gain On Sale Of Ppe": 0.0,
      "Gain On Sale Of Business": null,
      "Write Off": 0.0,
      "Impairment Of Capital Assets": -21000000.0,
      "Earnings From Equity Interest": 400000000.0,
      "Gain On Sale Of Security": -69000000.0,
      "Net Non Operating Interest Income Expense": -409000000.0,
      "Interest Expense Non Operating": 558000000.0,
      "Interest Income Non Operating": 307000000.0,
      "Operating Income": 652000000.0,
      "Operating Expense": 123000000.0,
      "Other Taxes": 123000000.0,
      "Gross Profit": 775000000.0,
      "Cost Of Revenue": 585000000.0,
      "Total Revenue": 1360000000.0,
      "Operating Revenue": 1360000000.0
    },
    "2024-09-30T00:00:00": {
      "Tax Effect Of Unusual Items": null,
      "Tax Rate For Calcs": null,
      "Normalized EBITDA": null,
      "Total Unusual Items": null,
      "Total Unusual Items Excluding Goodwill": null,
      "Net Income From Continuing Operation Net Minority Interest": null,
      "Reconciled Depreciation": null,
      "Reconciled Cost Of Revenue": null,
      "EBITDA": null,
      "EBIT": null,
      "Net Interest Income": null,
      "Interest Expense": null,
      "Interest Income": null,
      "Normalized Income": null,
      "Net Income From Continuing And Discontinued Operation": null,
      "Total Expenses": null,
      "Diluted Average Shares": 1038000000.0,
      "Basic Average Shares": 1038000000.0,
      "Diluted EPS": 1.4,
      "Basic EPS": 1.4,
      "Diluted NI Availto Com Stockholders": null,
      "Net Income Common Stockholders": null,
      "Preferred Stock Dividends": null,
      "Net Income": null,
      "Minority Interests": null,
      "Net Income Including Noncontrolling Interests": null,
      "Net Income Discontinuous Operations": null,
      "Net Income Continuous Operations": null,
      "Tax Provision": null,
      "Pretax Income": null,
      "Other Income Expense": null,
      "Special Income Charges": 572000000.0,
      "Gain On Sale Of Ppe": 572000000.0,
      "Gain On Sale Of Business": -42000000.0,
      "Write Off": 0.0,
      "Impairment Of Capital Assets": 21000000.0,
      "Earnings From Equity Interest": null,
      "Gain On Sale Of Security": null,
      "Net Non Operating Interest Income Expense": null,
      "Interest Expense Non Operating": null,
      "Interest Income Non Operating": null,
      "Operating Income": null,
      "Operating Expense": null,
      "Other Taxes": null,
      "Gross Profit": null,
      "Cost Of Revenue": null,
      "Total Revenue": null,
      "Operating Revenue": null
    },
    "2024-06-30T00:00:00": {
      "Tax Effect Of Unusual Items": null,
      "Tax Rate For Calcs": null,
      "Normalized EBITDA": null,
      "Total Unusual Items": null,
      "Total Unusual Items Excluding Goodwill": null,
      "Net Income From Continuing Operation Net Minority Interest": null,
      "Reconciled Depreciation": null,
      "Reconciled Cost Of Revenue": null,
      "EBITDA": null,
      "EBIT": null,
      "Net Interest Income": null,
      "Interest Expense": null,
      "Interest Income": null,
      "Normalized Income": null,
      "Net Income From Continuing And Discontinued Operation": null,
      "Total Expenses": null,
      "Diluted Average Shares": 1037000000.0,
      "Basic Average Shares": 1037000000.0,
      "Diluted EPS": 0.93,
      "Basic EPS": 0.93,
      "Diluted NI Availto Com Stockholders": null,
      "Net Income Common Stockholders": null,
      "Preferred Stock Dividends": null,
      "Net Income": null,
      "Minority Interests": null,
      "Net Income Including Noncontrolling Interests": null,
      "Net Income Discontinuous Operations": 159000000.0,
      "Net Income Continuous Operations": null,
      "Tax Provision": null,
      "Pretax Income": null,
      "Other Income Expense": null,
      "Special Income Charges": null,
      "Gain On Sale Of Ppe": null,
      "Gain On Sale Of Business": null,
      "Write Off": 0.0,
      "Impairment Of Capital Assets": null,
      "Earnings From Equity Interest": null,
      "Gain On Sale Of Security": null,
      "Net Non Operating Interest Income Expense": null,
      "Interest Expense Non Operating": null,
      "Interest Income Non Operating": null,
      "Operating Income": null,
      "Operating Expense": null,
      "Other Taxes": null,
      "Gross Profit": null,
      "Cost Of Revenue": null,
      "Total Revenue": null,
      "Operating Revenue": null
    }
  },
  "balance_sheet": {
    "2025-12-31T00:00:00": {
      "Treasury Shares Number": null,
      "Preferred Shares Number": 92000000.0,
      "Ordinary Shares Number": 1040835168.0,
      "Share Issued": 1040835168.0,
      "Net Debt": 60029000000.0,
      "Total Debt": 60628000000.0,
      "Tangible Book Value": 12024000000.0,
      "Invested Capital": 85237000000.0,
      "Working Capital": -3643000000.0,
      "Net Tangible Assets": 14279000000.0,
      "Capital Lease Obligations": 431000000.0,
      "Common Stock Equity": 25040000000.0,
      "Preferred Stock Equity": 2255000000.0,
      "Total Capitalization": 84747000000.0,
      "Total Equity Gross Minority Interest": 36899000000.0,
      "Minority Interest": 9604000000.0,
      "Stockholders Equity": 27295000000.0,
      "Gains Losses Not Affecting Retained Earnings": 747000000.0,
      "Other Equity Adjustments": 747000000.0,
      "Retained Earnings": -5925000000.0,
      "Additional Paid In Capital": 0.0,
      "Capital Stock": 32473000000.0,
      "Common Stock": 30218000000.0,
      "Preferred Stock": 2255000000.0,
      "Total Liabilities Net Minority Interest": 81852000000.0,
      "Total Non Current Liabilities Net Minority Interest": 71893000000.0,
      "Other Non Current Liabilities": 6057000000.0,
      "Liabilities Heldfor Sale Non Current": 0.0,
      "Preferred Securities Outside Stock Equity": null,
      "Derivative Product Liabilities": 149000000.0,
      "Employee Benefits": 69000000.0,
      "Non Current Pension And Other Postretirement Benefit Plans": 69000000.0,
      "Non Current Deferred Liabilities": 7677000000.0,
      "Non Current Deferred Revenue": null,
      "Non Current Deferred Taxes Liabilities": 7677000000.0,
      "Long Term Debt And Capital Lease Obligation": 57822000000.0,
      "Long Term Capital Lease Obligation": 370000000.0,
      "Long Term Debt": 57452000000.0,
      "Long Term Provisions": 119000000.0,
      "Current Liabilities": 9959000000.0,
      "Other Current Liabilities": 1447000000.0,
      "Current Deferred Liabilities": 46000000.0,
      "Current Deferred Revenue": 46000000.0,
      "Current Debt And Capital Lease Obligation": 2806000000.0,
      "Current Capital Lease Obligation": 61000000.0,
      "Current Debt": 2745000000.0,
      "Other Current Borrowings": 1545000000.0,
      "Current Notes Payable": 1200000000.0,
      "Current Provisions": null,
      "Payables And Accrued Expenses": 5660000000.0,
      "Current Accrued Expenses": 858000000.0,
      "Interest Payable": 858000000.0,
      "Payables": 4802000000.0,
      "Other Payable": 600000000.0,
      "Dividends Payable": 901000000.0,
      "Total Tax Payable": 38000000.0,
      "Income Tax Payable": 38000000.0,
      "Accounts Payable": 3263000000.0,
      "Total Assets": 118751000000.0,
      "Total Non Current Assets": 112435000000.0,
      "Other Non Current Assets": 6705000000.0,
      "Defined Pension Benefit": 967000000.0,
      "Non Current Deferred Assets": 356000000.0,
      "Non Current Deferred Taxes Assets": 356000000.0,
      "Non Current Note Receivables": null,
      "Non Current Accounts Receivable": 627000000.0,
      "Financial Assets": 161000000.0,
      "Investments And Advances": 11358000000.0,
      "Long Term Equity Investment": 11358000000.0,
      "Goodwill And Other Intangible Assets": 13016000000.0,
      "Goodwill": 13016000000.0,
      "Net PPE": 79245000000.0,
      "Accumulated Depreciation": -36951000000.0,
      "Gross PPE": 116196000000.0,
      "Construction In Progress": 4055000000.0,
      "Other Properties": 9005000000.0,
      "Current Assets": 6316000000.0,
      "Other Current Assets": 290000000.0,
      "Hedging Assets Current": 438000000.0,
      "Assets Held For Sale Current": 197000000.0,
      "Restricted Cash": 93000000.0,
      "Prepaid Assets": 82000000.0,
      "Inventory": 782000000.0,
      "Other Inventories": null,
      "Receivables": 4266000000.0,
      "Other Receivables": 1472000000.0,
      "Loans Receivable": null,
      "Accounts Receivable": 2794000000.0,
      "Cash Cash Equivalents And Short Term Investments": 168000000.0,
      "Cash And Cash Equivalents": 168000000.0
    },
    "2024-12-31T00:00:00": {
      "Treasury Shares Number": null,
      "Preferred Shares Number": 100702797.0,
      "Ordinary Shares Number": 1039095489.0,
      "Share Issued": 1039095489.0,
      "Net Debt": 58565000000.0,
      "Total Debt": 59877000000.0,
      "Tangible Book Value": 11423000000.0,
      "Invested Capital": 84459000000.0,
      "Working Capital": -4778000000.0,
      "Net Tangible Assets": 13922000000.0,
      "Capital Lease Obligations": 511000000.0,
      "Common Stock Equity": 25093000000.0,
      "Preferred Stock Equity": 2499000000.0,
      "Total Capitalization": 83616000000.0,
      "Total Equity Gross Minority Interest": 38360000000.0,
      "Minority Interest": 10768000000.0,
      "Stockholders Equity": 27592000000.0,
      "Gains Losses Not Affecting Retained Earnings": 233000000.0,
      "Other Equity Adjustments": 233000000.0,
      "Retained Earnings": -5241000000.0,
      "Additional Paid In Capital": 0.0,
      "Capital Stock": 32600000000.0,
      "Common Stock": 30101000000.0,
      "Preferred Stock": 2499000000.0,
      "Total Liabilities Net Minority Interest": 79883000000.0,
      "Total Non Current Liabilities Net Minority Interest": 69372000000.0,
      "Other Non Current Liabilities": 5492000000.0,
      "Liabilities Heldfor Sale Non Current": 110000000.0,
      "Preferred Securities Outside Stock Equity": null,
      "Derivative Product Liabilities": 209000000.0,
      "Employee Benefits": 94000000.0,
      "Non Current Pension And Other Postretirement Benefit Plans": 94000000.0,
      "Non Current Deferred Liabilities": 6884000000.0,
      "Non Current Deferred Revenue": null,
      "Non Current Deferred Taxes Liabilities": 6884000000.0,
      "Long Term Debt And Capital Lease Obligation": 56475000000.0,
      "Long Term Capital Lease Obligation": 451000000.0,
      "Long Term Debt": 56024000000.0,
      "Long Term Provisions": 108000000.0,
      "Current Liabilities": 10511000000.0,
      "Other Current Liabilities": 1316000000.0,
      "Current Deferred Liabilities": 30000000.0,
      "Current Deferred Revenue": 30000000.0,
      "Current Debt And Capital Lease Obligation": 3402000000.0,
      "Current Capital Lease Obligation": 60000000.0,
      "Current Debt": 3342000000.0,
      "Other Current Borrowings": 2955000000.0,
      "Current Notes Payable": 387000000.0,
      "Current Provisions": null,
      "Payables And Accrued Expenses": 5763000000.0,
      "Current Accrued Expenses": 828000000.0,
      "Interest Payable": 828000000.0,
      "Payables": 4935000000.0,
      "Other Payable": 219000000.0,
      "Dividends Payable": 874000000.0,
      "Total Tax Payable": 143000000.0,
      "Income Tax Payable": 143000000.0,
      "Accounts Payable": 3699000000.0,
      "Total Assets": 118243000000.0,
      "Total Non Current Assets": 112510000000.0,
      "Other Non Current Assets": 6146000000.0,
      "Defined Pension Benefit": 758000000.0,
      "Non Current Deferred Assets": 428000000.0,
      "Non Current Deferred Taxes Assets": 428000000.0,
      "Non Current Note Receivables": null,
      "Non Current Accounts Receivable": 608000000.0,
      "Financial Assets": 122000000.0,
      "Investments And Advances": 10636000000.0,
      "Long Term Equity Investment": 10636000000.0,
      "Goodwill And Other Intangible Assets": 13670000000.0,
      "Goodwill": 13670000000.0,
      "Net PPE": 80142000000.0,
      "Accumulated Depreciation": -35397000000.0,
      "Gross PPE": 115539000000.0,
      "Construction In Progress": 11131000000.0,
      "Other Properties": 3421000000.0,
      "Current Assets": 5733000000.0,
      "Other Current Assets": 280000000.0,
      "Hedging Assets Current": 347000000.0,
      "Assets Held For Sale Current": 235000000.0,
      "Restricted Cash": 128000000.0,
      "Prepaid Assets": 86000000.0,
      "Inventory": 747000000.0,
      "Other Inventories": null,
      "Receivables": 3109000000.0,
      "Other Receivables": 498000000.0,
      "Loans Receivable": null,
      "Accounts Receivable": 2611000000.0,
      "Cash Cash Equivalents And Short Term Investments": 801000000.0,
      "Cash And Cash Equivalents": 801000000.0
    },
    "2023-12-31T00:00:00": {
      "Treasury Shares Number": 0.0,
      "Preferred Shares Number": 102000000.0,
      "Ordinary Shares Number": 1037487829.0,
      "Share Issued": 1037487829.0,
      "Net Debt": 59523000000.0,
      "Total Debt": 63658000000.0,
      "Tangible Book Value": 14522000000.0,
      "Invested Capital": 90255000000.0,
      "Working Capital": -445000000.0,
      "Net Tangible Assets": 17021000000.0,
      "Capital Lease Obligations": 457000000.0,
      "Common Stock Equity": 27054000000.0,
      "Preferred Stock Equity": 2499000000.0,
      "Total Capitalization": 89816000000.0,
      "Total Equity Gross Minority Interest": 39008000000.0,
      "Minority Interest": 9455000000.0,
      "Stockholders Equity": 29553000000.0,
      "Gains Losses Not Affecting Retained Earnings": 49000000.0,
      "Other Equity Adjustments": 49000000.0,
      "Retained Earnings": -2997000000.0,
      "Additional Paid In Capital": 0.0,
      "Capital Stock": 32501000000.0,
      "Common Stock": 30002000000.0,
      "Preferred Stock": 2499000000.0,
      "Total Liabilities Net Minority Interest": 86026000000.0,
      "Total Non Current Liabilities Net Minority Interest": 74209000000.0,
      "Other Non Current Liabilities": 5027000000.0,
      "Liabilities Heldfor Sale Non Current": 1280000000.0,
      "Preferred Securities Outside Stock Equity": null,
      "Derivative Product Liabilities": 106000000.0,
      "Employee Benefits": 97000000.0,
      "Non Current Pension And Other Postretirement Benefit Plans": 97000000.0,
      "Non Current Deferred Liabilities": 6972000000.0,
      "Non Current Deferred Revenue": 12000000.0,
      "Non Current Deferred Taxes Liabilities": 6972000000.0,
      "Long Term Debt And Capital Lease Obligation": 60663000000.0,
      "Long Term Capital Lease Obligation": 400000000.0,
      "Long Term Debt": 60263000000.0,
      "Long Term Provisions": 64000000.0,
      "Current Liabilities": 11817000000.0,
      "Other Current Liabilities": 3715000000.0,
      "Current Deferred Liabilities": 47000000.0,
      "Current Deferred Revenue": 47000000.0,
      "Current Debt And Capital Lease Obligation": 2995000000.0,
      "Current Capital Lease Obligation": 57000000.0,
      "Current Debt": 2938000000.0,
      "Other Current Borrowings": 2938000000.0,
      "Current Notes Payable": 0.0,
      "Current Provisions": 122000000.0,
      "Payables And Accrued Expenses": 5060000000.0,
      "Current Accrued Expenses": 913000000.0,
      "Interest Payable": 913000000.0,
      "Payables": 4147000000.0,
      "Other Payable": null,
      "Dividends Payable": 979000000.0,
      "Total Tax Payable": 76000000.0,
      "Income Tax Payable": 76000000.0,
      "Accounts Payable": 3092000000.0,
      "Total Assets": 125034000000.0,
      "Total Non Current Assets": 113662000000.0,
      "Other Non Current Assets": 17493000000.0,
      "Defined Pension Benefit": 518000000.0,
      "Non Current Deferred Assets": 1319000000.0,
      "Non Current Deferred Taxes Assets": 1319000000.0,
      "Non Current Note Receivables": null,
      "Non Current Accounts Receivable": 457000000.0,
      "Financial Assets": 155000000.0,
      "Investments And Advances": 9240000000.0,
      "Long Term Equity Investment": 9240000000.0,
      "Goodwill And Other Intangible Assets": 12532000000.0,
      "Goodwill": 12532000000.0,
      "Net PPE": 71948000000.0,
      "Accumulated Depreciation": -33140000000.0,
      "Gross PPE": 105088000000.0,
      "Construction In Progress": 7903000000.0,
      "Other Properties": 3172000000.0,
      "Current Assets": 11372000000.0,
      "Other Current Assets": 258000000.0,
      "Hedging Assets Current": 589000000.0,
      "Assets Held For Sale Current": 3077000000.0,
      "Restricted Cash": 28000000.0,
      "Prepaid Assets": 87000000.0,
      "Inventory": 771000000.0,
      "Other Inventories": 982000000.0,
      "Receivables": 2884000000.0,
      "Other Receivables": 457000000.0,
      "Loans Receivable": null,
      "Accounts Receivable": 2427000000.0,
      "Cash Cash Equivalents And Short Term Investments": 3678000000.0,
      "Cash And Cash Equivalents": 3678000000.0
    },
    "2022-12-31T00:00:00": {
      "Treasury Shares Number": null,
      "Preferred Shares Number": 102000000.0,
      "Ordinary Shares Number": 1017961583.0,
      "Share Issued": 1017961583.0,
      "Net Debt": 57680000000.0,
      "Total Debt": 58679000000.0,
      "Tangible Book Value": 18648000000.0,
      "Invested Capital": 89791000000.0,
      "Working Capital": -9575000000.0,
      "Net Tangible Assets": 21147000000.0,
      "Capital Lease Obligations": 379000000.0,
      "Common Stock Equity": 31491000000.0,
      "Preferred Stock Equity": 2499000000.0,
      "Total Capitalization": 84130000000.0,
      "Total Equity Gross Minority Interest": 34116000000.0,
      "Minority Interest": 126000000.0,
      "Stockholders Equity": 33990000000.0,
      "Gains Losses Not Affecting Retained Earnings": 955000000.0,
      "Other Equity Adjustments": 955000000.0,
      "Retained Earnings": 819000000.0,
      "Additional Paid In Capital": 722000000.0,
      "Capital Stock": 31494000000.0,
      "Common Stock": 28995000000.0,
      "Preferred Stock": 2499000000.0,
      "Total Liabilities Net Minority Interest": 80232000000.0,
      "Total Non Current Liabilities Net Minority Interest": 63325000000.0,
      "Other Non Current Liabilities": 4785000000.0,
      "Liabilities Heldfor Sale Non Current": null,
      "Preferred Securities Outside Stock Equity": null,
      "Derivative Product Liabilities": 151000000.0,
      "Employee Benefits": 111000000.0,
      "Non Current Pension And Other Postretirement Benefit Plans": 111000000.0,
      "Non Current Deferred Liabilities": 7680000000.0,
      "Non Current Deferred Revenue": 32000000.0,
      "Non Current Deferred Taxes Liabilities": 7648000000.0,
      "Long Term Debt And Capital Lease Obligation": 50519000000.0,
      "Long Term Capital Lease Obligation": 379000000.0,
      "Long Term Debt": 50140000000.0,
      "Long Term Provisions": 79000000.0,
      "Current Liabilities": 16907000000.0,
      "Other Current Liabilities": 1570000000.0,
      "Current Deferred Liabilities": 62000000.0,
      "Current Deferred Revenue": 62000000.0,
      "Current Debt And Capital Lease Obligation": 8160000000.0,
      "Current Capital Lease Obligation": null,
      "Current Debt": 8160000000.0,
      "Other Current Borrowings": 1898000000.0,
      "Current Notes Payable": 6262000000.0,
      "Current Provisions": 650000000.0,
      "Payables And Accrued Expenses": 6465000000.0,
      "Current Accrued Expenses": 668000000.0,
      "Interest Payable": 668000000.0,
      "Payables": 5797000000.0,
      "Other Payable": 537000000.0,
      "Dividends Payable": 930000000.0,
      "Total Tax Payable": null,
      "Income Tax Payable": null,
      "Accounts Payable": 4330000000.0,
      "Total Assets": 114348000000.0,
      "Total Non Current Assets": 107016000000.0,
      "Other Non Current Assets": 4625000000.0,
      "Defined Pension Benefit": 563000000.0,
      "Non Current Deferred Assets": 1070000000.0,
      "Non Current Deferred Taxes Assets": 1070000000.0,
      "Non Current Note Receivables": 0.0,
      "Non Current Accounts Receivable": 355000000.0,
      "Financial Assets": 91000000.0,
      "Investments And Advances": 9535000000.0,
      "Long Term Equity Investment": 9535000000.0,
      "Goodwill And Other Intangible Assets": 12843000000.0,
      "Goodwill": 12843000000.0,
      "Net PPE": 77934000000.0,
      "Accumulated Depreciation": -34629000000.0,
      "Gross PPE": 112563000000.0,
      "Construction In Progress": 5958000000.0,
      "Other Properties": 7582000000.0,
      "Current Assets": 7332000000.0,
      "Other Current Assets": 746000000.0,
      "Hedging Assets Current": 614000000.0,
      "Assets Held For Sale Current": 122000000.0,
      "Restricted Cash": 106000000.0,
      "Prepaid Assets": 118000000.0,
      "Inventory": 936000000.0,
      "Other Inventories": 936000000.0,
      "Receivables": 4070000000.0,
      "Other Receivables": 446000000.0,
      "Loans Receivable": 0.0,
      "Accounts Receivable": 3624000000.0,
      "Cash Cash Equivalents And Short Term Investments": 620000000.0,
      "Cash And Cash Equivalents": 620000000.0
    },
    "2021-12-31T00:00:00": {
      "Treasury Shares Number": null,
      "Preferred Shares Number": null,
      "Ordinary Shares Number": null,
      "Share Issued": null,
      "Net Debt": null,
      "Total Debt": null,
      "Tangible Book Value": null,
      "Invested Capital": null,
      "Working Capital": null,
      "Net Tangible Assets": null,
      "Capital Lease Obligations": null,
      "Common Stock Equity": null,
      "Preferred Stock Equity": null,
      "Total Capitalization": null,
      "Total Equity Gross Minority Interest": null,
      "Minority Interest": null,
      "Stockholders Equity": null,
      "Gains Losses Not Affecting Retained Earnings": null,
      "Other Equity Adjustments": null,
      "Retained Earnings": null,
      "Additional Paid In Capital": null,
      "Capital Stock": null,
      "Common Stock": null,
      "Preferred Stock": null,
      "Total Liabilities Net Minority Interest": null,
      "Total Non Current Liabilities Net Minority Interest": null,
      "Other Non Current Liabilities": null,
      "Liabilities Heldfor Sale Non Current": null,
      "Preferred Securities Outside Stock Equity": 0.0,
      "Derivative Product Liabilities": null,
      "Employee Benefits": null,
      "Non Current Pension And Other Postretirement Benefit Plans": null,
      "Non Current Deferred Liabilities": null,
      "Non Current Deferred Revenue": 184000000.0,
      "Non Current Deferred Taxes Liabilities": null,
      "Long Term Debt And Capital Lease Obligation": null,
      "Long Term Capital Lease Obligation": null,
      "Long Term Debt": null,
      "Long Term Provisions": null,
      "Current Liabilities": null,
      "Other Current Liabilities": null,
      "Current Deferred Liabilities": null,
      "Current Deferred Revenue": null,
      "Current Debt And Capital Lease Obligation": null,
      "Current Capital Lease Obligation": null,
      "Current Debt": null,
      "Other Current Borrowings": null,
      "Current Notes Payable": null,
      "Current Provisions": null,
      "Payables And Accrued Expenses": null,
      "Current Accrued Expenses": null,
      "Interest Payable": null,
      "Payables": null,
      "Other Payable": null,
      "Dividends Payable": null,
      "Total Tax Payable": null,
      "Income Tax Payable": null,
      "Accounts Payable": null,
      "Total Assets": null,
      "Total Non Current Assets": null,
      "Other Non Current Assets": null,
      "Defined Pension Benefit": null,
      "Non Current Deferred Assets": null,
      "Non Current Deferred Taxes Assets": null,
      "Non Current Note Receivables": 238000000.0,
      "Non Current Accounts Receivable": null,
      "Financial Assets": null,
      "Investments And Advances": null,
      "Long Term Equity Investment": null,
      "Goodwill And Other Intangible Assets": null,
      "Goodwill": null,
      "Net PPE": null,
      "Accumulated Depreciation": null,
      "Gross PPE": null,
      "Construction In Progress": null,
      "Other Properties": null,
      "Current Assets": null,
      "Other Current Assets": null,
      "Hedging Assets Current": null,
      "Assets Held For Sale Current": null,
      "Restricted Cash": null,
      "Prepaid Assets": null,
      "Inventory": null,
      "Other Inventories": 724000000.0,
      "Receivables": null,
      "Other Receivables": null,
      "Loans Receivable": 1217000000.0,
      "Accounts Receivable": null,
      "Cash Cash Equivalents And Short Term Investments": null,
      "Cash And Cash Equivalents": null
    }
  },
  "cashflow": {
    "2025-12-31T00:00:00": {
      "Free Cash Flow": 2060000000.0,
      "Repurchase Of Capital Stock": -250000000.0,
      "Repayment Of Debt": -6116000000.0,
      "Issuance Of Debt": 8069000000.0,
      "Issuance Of Capital Stock": 104000000.0,
      "Capital Expenditure": -5286000000.0,
      "End Cash Position": 168000000.0,
      "Beginning Cash Position": 801000000.0,
      "Effect Of Exchange Rate Changes": -5000000.0,
      "Changes In Cash": -628000000.0,
      "Financing Cash Flow": -1516000000.0,
      "Cash Flow From Continuing Financing Activities": -1516000000.0,
      "Net Other Financing Charges": -578000000.0,
      "Cash Dividends Paid": -3621000000.0,
      "Preferred Stock Dividend Paid": -114000000.0,
      "Common Stock Dividend Paid": -3507000000.0,
      "Net Preferred Stock Issuance": -250000000.0,
      "Preferred Stock Payments": -250000000.0,
      "Net Common Stock Issuance": 104000000.0,
      "Common Stock Issuance": 104000000.0,
      "Net Issuance Payments Of Debt": 2829000000.0,
      "Net Short Term Debt Issuance": 876000000.0,
      "Net Long Term Debt Issuance": 1953000000.0,
      "Long Term Debt Payments": -6116000000.0,
      "Long Term Debt Issuance": 8069000000.0,
      "Investing Cash Flow": -6458000000.0,
      "Cash Flow From Continuing Investing Activities": -6458000000.0,
      "Net Other Investing Changes": -126000000.0,
      "Dividends Received Cfi": 5000000.0,
      "Net Investment Purchase And Sale": null,
      "Purchase Of Investment": null,
      "Net Business Purchase And Sale": -1051000000.0,
      "Purchase Of Business": -1051000000.0,
      "Capital Expenditure Reported": -5286000000.0,
      "Operating Cash Flow": 7346000000.0,
      "Cash Flow From Continuing Operating Activities": 7346000000.0,
      "Dividend Received Cfo": 1616000000.0,
      "Change In Working Capital": -503000000.0,
      "Change In Other Current Assets": -159000000.0,
      "Change In Payables And Accrued Expense": 43000000.0,
      "Change In Accrued Expense": 30000000.0,
      "Change In Interest Payable": 30000000.0,
      "Change In Payable": 13000000.0,
      "Change In Account Payable": 13000000.0,
      "Change In Inventory": -55000000.0,
      "Change In Receivables": -332000000.0,
      "Changes In Account Receivables": -332000000.0,
      "Other Non Cash Items": -151000000.0,
      "Unrealized Gain Loss On Investment Securities": -235000000.0,
      "Provisionand Write Offof Assets": 83000000.0,
      "Asset Impairment Charge": 29000000.0,
      "Deferred Tax": 766000000.0,
      "Deferred Income Tax": 766000000.0,
      "Depreciation Amortization Depletion": 2769000000.0,
      "Depreciation And Amortization": 2769000000.0,
      "Operating Gains Losses": -1122000000.0,
      "Pension And Employee Benefit Expense": 3000000.0,
      "Earnings Losses From Equity Investments": -1274000000.0,
      "Net Foreign Currency Exchange Gain Loss": 149000000.0,
      "Net Income From Continuing Operations": 4094000000.0
    },
    "2024-12-31T00:00:00": {
      "Free Cash Flow": 1338000000.0,
      "Repurchase Of Capital Stock": 0.0,
      "Repayment Of Debt": -9517000000.0,
      "Issuance Of Debt": 9554000000.0,
      "Issuance Of Capital Stock": 88000000.0,
      "Capital Expenditure": -6358000000.0,
      "End Cash Position": 801000000.0,
      "Beginning Cash Position": 3678000000.0,
      "Effect Of Exchange Rate Changes": 210000000.0,
      "Changes In Cash": -3087000000.0,
      "Financing Cash Flow": -3874000000.0,
      "Cash Flow From Continuing Financing Activities": -3874000000.0,
      "Net Other Financing Charges": -288000000.0,
      "Cash Dividends Paid": -4052000000.0,
      "Preferred Stock Dividend Paid": -99000000.0,
      "Common Stock Dividend Paid": -3953000000.0,
      "Net Preferred Stock Issuance": 0.0,
      "Preferred Stock Payments": 0.0,
      "Net Common Stock Issuance": 88000000.0,
      "Common Stock Issuance": 88000000.0,
      "Net Issuance Payments Of Debt": 378000000.0,
      "Net Short Term Debt Issuance": 341000000.0,
      "Net Long Term Debt Issuance": 37000000.0,
      "Long Term Debt Payments": -9517000000.0,
      "Long Term Debt Issuance": 9554000000.0,
      "Investing Cash Flow": -6909000000.0,
      "Cash Flow From Continuing Investing Activities": -6909000000.0,
      "Net Other Investing Changes": 446000000.0,
      "Dividends Received Cfi": 3686000000.0,
      "Net Investment Purchase And Sale": null,
      "Purchase Of Investment": null,
      "Net Business Purchase And Sale": -4683000000.0,
      "Purchase Of Business": -4683000000.0,
      "Capital Expenditure Reported": -6358000000.0,
      "Operating Cash Flow": 7696000000.0,
      "Cash Flow From Continuing Operating Activities": 7696000000.0,
      "Dividend Received Cfo": 1675000000.0,
      "Change In Working Capital": 199000000.0,
      "Change In Other Current Assets": -97000000.0,
      "Change In Payables And Accrued Expense": 325000000.0,
      "Change In Accrued Expense": -40000000.0,
      "Change In Interest Payable": -40000000.0,
      "Change In Payable": 365000000.0,
      "Change In Account Payable": 365000000.0,
      "Change In Inventory": -16000000.0,
      "Change In Receivables": -13000000.0,
      "Changes In Account Receivables": -13000000.0,
      "Other Non Cash Items": -744000000.0,
      "Unrealized Gain Loss On Investment Securities": 340000000.0,
      "Provisionand Write Offof Assets": -22000000.0,
      "Asset Impairment Charge": 21000000.0,
      "Deferred Tax": 493000000.0,
      "Deferred Income Tax": 493000000.0,
      "Depreciation Amortization Depletion": 2788000000.0,
      "Depreciation And Amortization": 2788000000.0,
      "Operating Gains Losses": -2433000000.0,
      "Pension And Employee Benefit Expense": 11000000.0,
      "Earnings Losses From Equity Investments": -1608000000.0,
      "Net Foreign Currency Exchange Gain Loss": -216000000.0,
      "Net Income From Continuing Operations": 5379000000.0
    },
    "2023-12-31T00:00:00": {
      "Free Cash Flow": -881000000.0,
      "Repurchase Of Capital Stock": 0.0,
      "Repayment Of Debt": -3772000000.0,
      "Issuance Of Debt": 15884000000.0,
      "Issuance Of Capital Stock": 4000000.0,
      "Capital Expenditure": -8149000000.0,
      "End Cash Position": 3678000000.0,
      "Beginning Cash Position": 620000000.0,
      "Effect Of Exchange Rate Changes": -16000000.0,
      "Changes In Cash": 3074000000.0,
      "Financing Cash Flow": 8093000000.0,
      "Cash Flow From Continuing Financing Activities": 8093000000.0,
      "Net Other Financing Charges": 5155000000.0,
      "Cash Dividends Paid": -2879000000.0,
      "Preferred Stock Dividend Paid": -92000000.0,
      "Common Stock Dividend Paid": -2787000000.0,
      "Net Preferred Stock Issuance": 0.0,
      "Preferred Stock Payments": 0.0,
      "Net Common Stock Issuance": 4000000.0,
      "Common Stock Issuance": 4000000.0,
      "Net Issuance Payments Of Debt": 5813000000.0,
      "Net Short Term Debt Issuance": -6299000000.0,
      "Net Long Term Debt Issuance": 12112000000.0,
      "Long Term Debt Payments": -3772000000.0,
      "Long Term Debt Issuance": 15884000000.0,
      "Investing Cash Flow": -12287000000.0,
      "Cash Flow From Continuing Investing Activities": -12287000000.0,
      "Net Other Investing Changes": 295000000.0,
      "Dividends Received Cfi": 23000000.0,
      "Net Investment Purchase And Sale": null,
      "Purchase Of Investment": null,
      "Net Business Purchase And Sale": -4456000000.0,
      "Purchase Of Business": -4456000000.0,
      "Capital Expenditure Reported": -8149000000.0,
      "Operating Cash Flow": 7268000000.0,
      "Cash Flow From Continuing Operating Activities": 7268000000.0,
      "Dividend Received Cfo": 1254000000.0,
      "Change In Working Capital": 207000000.0,
      "Change In Other Current Assets": 618000000.0,
      "Change In Payables And Accrued Expense": 39000000.0,
      "Change In Accrued Expense": 245000000.0,
      "Change In Interest Payable": 245000000.0,
      "Change In Payable": -206000000.0,
      "Change In Account Payable": -206000000.0,
      "Change In Inventory": -56000000.0,
      "Change In Receivables": -394000000.0,
      "Changes In Account Receivables": -394000000.0,
      "Other Non Cash Items": -371000000.0,
      "Unrealized Gain Loss On Investment Securities": -342000000.0,
      "Provisionand Write Offof Assets": -83000000.0,
      "Asset Impairment Charge": 2096000000.0,
      "Deferred Tax": 11000000.0,
      "Deferred Income Tax": 11000000.0,
      "Depreciation Amortization Depletion": 2778000000.0,
      "Depreciation And Amortization": 2778000000.0,
      "Operating Gains Losses": -1350000000.0,
      "Pension And Employee Benefit Expense": -17000000.0,
      "Earnings Losses From Equity Investments": -1377000000.0,
      "Net Foreign Currency Exchange Gain Loss": 44000000.0,
      "Net Income From Continuing Operations": 3068000000.0
    },
    "2022-12-31T00:00:00": {
      "Free Cash Flow": -352000000.0,
      "Repurchase Of Capital Stock": -1000000000.0,
      "Repayment Of Debt": -1338000000.0,
      "Issuance Of Debt": 3516000000.0,
      "Issuance Of Capital Stock": 1905000000.0,
      "Capital Expenditure": -6727000000.0,
      "End Cash Position": 620000000.0,
      "Beginning Cash Position": 673000000.0,
      "Effect Of Exchange Rate Changes": 94000000.0,
      "Changes In Cash": -147000000.0,
      "Financing Cash Flow": 487000000.0,
      "Cash Flow From Continuing Financing Activities": 487000000.0,
      "Net Other Financing Charges": -64000000.0,
      "Cash Dividends Paid": -3298000000.0,
      "Preferred Stock Dividend Paid": -106000000.0,
      "Common Stock Dividend Paid": -3192000000.0,
      "Net Preferred Stock Issuance": -1000000000.0,
      "Preferred Stock Payments": -1000000000.0,
      "Net Common Stock Issuance": 1905000000.0,
      "Common Stock Issuance": 1905000000.0,
      "Net Issuance Payments Of Debt": 2944000000.0,
      "Net Short Term Debt Issuance": 766000000.0,
      "Net Long Term Debt Issuance": 2178000000.0,
      "Long Term Debt Payments": -1338000000.0,
      "Long Term Debt Issuance": 3516000000.0,
      "Investing Cash Flow": -7009000000.0,
      "Cash Flow From Continuing Investing Activities": -7009000000.0,
      "Net Other Investing Changes": 519000000.0,
      "Dividends Received Cfi": 2632000000.0,
      "Net Investment Purchase And Sale": null,
      "Purchase Of Investment": null,
      "Net Business Purchase And Sale": -3433000000.0,
      "Purchase Of Business": -3433000000.0,
      "Capital Expenditure Reported": -6727000000.0,
      "Operating Cash Flow": 6375000000.0,
      "Cash Flow From Continuing Operating Activities": 6375000000.0,
      "Dividend Received Cfo": 1025000000.0,
      "Change In Working Capital": -639000000.0,
      "Change In Other Current Assets": 118000000.0,
      "Change In Payables And Accrued Expense": 8000000.0,
      "Change In Accrued Expense": 91000000.0,
      "Change In Interest Payable": 91000000.0,
      "Change In Payable": -83000000.0,
      "Change In Account Payable": -83000000.0,
      "Change In Inventory": -190000000.0,
      "Change In Receivables": -575000000.0,
      "Changes In Account Receivables": -575000000.0,
      "Other Non Cash Items": -298000000.0,
      "Unrealized Gain Loss On Investment Securities": 135000000.0,
      "Provisionand Write Offof Assets": 163000000.0,
      "Asset Impairment Charge": 3501000000.0,
      "Deferred Tax": 174000000.0,
      "Deferred Income Tax": 174000000.0,
      "Depreciation Amortization Depletion": 2584000000.0,
      "Depreciation And Amortization": 2584000000.0,
      "Operating Gains Losses": -1055000000.0,
      "Pension And Employee Benefit Expense": -29000000.0,
      "Earnings Losses From Equity Investments": -1054000000.0,
      "Net Foreign Currency Exchange Gain Loss": 28000000.0,
      "Net Income From Continuing Operations": 785000000.0
    },
    "2021-12-31T00:00:00": {
      "Free Cash Flow": null,
      "Repurchase Of Capital Stock": null,
      "Repayment Of Debt": null,
      "Issuance Of Debt": null,
      "Issuance Of Capital Stock": null,
      "Capital Expenditure": null,
      "End Cash Position": null,
      "Beginning Cash Position": null,
      "Effect Of Exchange Rate Changes": null,
      "Changes In Cash": null,
      "Financing Cash Flow": null,
      "Cash Flow From Continuing Financing Activities": null,
      "Net Other Financing Charges": null,
      "Cash Dividends Paid": null,
      "Preferred Stock Dividend Paid": null,
      "Common Stock Dividend Paid": null,
      "Net Preferred Stock Issuance": null,
      "Preferred Stock Payments": null,
      "Net Common Stock Issuance": null,
      "Common Stock Issuance": null,
      "Net Issuance Payments Of Debt": null,
      "Net Short Term Debt Issuance": null,
      "Net Long Term Debt Issuance": null,
      "Long Term Debt Payments": null,
      "Long Term Debt Issuance": null,
      "Investing Cash Flow": null,
      "Cash Flow From Continuing Investing Activities": null,
      "Net Other Investing Changes": null,
      "Dividends Received Cfi": null,
      "Net Investment Purchase And Sale": -1210000000.0,
      "Purchase Of Investment": -1210000000.0,
      "Net Business Purchase And Sale": null,
      "Purchase Of Business": null,
      "Capital Expenditure Reported": null,
      "Operating Cash Flow": null,
      "Cash Flow From Continuing Operating Activities": null,
      "Dividend Received Cfo": null,
      "Change In Working Capital": null,
      "Change In Other Current Assets": null,
      "Change In Payables And Accrued Expense": null,
      "Change In Accrued Expense": null,
      "Change In Interest Payable": null,
      "Change In Payable": null,
      "Change In Account Payable": null,
      "Change In Inventory": null,
      "Change In Receivables": null,
      "Changes In Account Receivables": null,
      "Other Non Cash Items": null,
      "Unrealized Gain Loss On Investment Securities": null,
      "Provisionand Write Offof Assets": null,
      "Asset Impairment Charge": null,
      "Deferred Tax": null,
      "Deferred Income Tax": null,
      "Depreciation Amortization Depletion": null,
      "Depreciation And Amortization": null,
      "Operating Gains Losses": null,
      "Pension And Employee Benefit Expense": null,
      "Earnings Losses From Equity Investments": null,
      "Net Foreign Currency Exchange Gain Loss": null,
      "Net Income From Continuing Operations": null
    }
  },
  "earnings_estimate": {
    "avg": {
      "0q": 1.00129,
      "+1q": 0.83052,
      "0y": 3.70267,
      "+1y": 3.88568
    },
    "low": {
      "0q": 0.856,
      "+1q": 0.73,
      "0y": 3.264,
      "+1y": 3.448
    },
    "high": {
      "0q": 1.11,
      "+1q": 0.90758,
      "0y": 4.05808,
      "+1y": 4.59424
    },
    "yearAgoEps": {
      "0q": 0.95,
      "+1q": 0.82,
      "0y": 3.51,
      "+1y": 3.70267
    },
    "numberOfAnalysts": {
      "0q": 14,
      "+1q": 13,
      "0y": 20,
      "+1y": 19
    },
    "growth": {
      "0q": 0.054,
      "+1q": 0.0128,
      "0y": 0.054899998,
      "+1y": 0.0494
    }
  },
  "revenue_estimate": {
    "avg": {
      "0q": 4145608080,
      "+1q": 3905752170,
      "0y": 16196988480,
      "+1y": 16826164190
    },
    "low": {
      "0q": 4000089780,
      "+1q": 3791055530,
      "0y": 15740000000,
      "+1y": 16146352050
    },
    "high": {
      "0q": 4407341000,
      "+1q": 4044422970,
      "0y": 16740000000,
      "+1y": 18180000000
    },
    "numberOfAnalysts": {
      "0q": 3,
      "+1q": 3,
      "0y": 11,
      "+1y": 10
    },
    "yearAgoRevenue": {
      "0q": 3623000000,
      "+1q": 3744000000,
      "0y": 15239000000,
      "+1y": 16196988480
    },
    "growth": {
      "0q": 0.1442,
      "+1q": 0.0432,
      "0y": 0.0629,
      "+1y": 0.0388
    }
  },
  "growth_estimates": {
    "stockTrend": {
      "0q": 0.054,
      "+1q": 0.0128,
      "0y": 0.054899998,
      "+1y": 0.0494,
      "LTG": null
    },
    "indexTrend": {
      "0q": 0.1273,
      "+1q": 0.103599995,
      "0y": 0.14310001,
      "+1y": 0.1557,
      "LTG": 0.122
    }
  },
  "revenue_forecasts": null,
  "dividend_rate": 3.51,
  "trailing_dividend_rate": 3.4
}