{
  "ticker": "TTE.PA",
  "name": "TotalEnergies",
  "country": "france",
  "currency": "EUR",
  "last_fetched": "2026-02-26T20:43:30.345351",
  "market_cap": 144697851904,
  "revenue": 182344007680,
  "net_income": 13127000064,
  "pe_ratio": 13.757639,
  "forward_pe": 10.61789,
  "dividend_yield": 5.05,
  "profit_margin": 0.07199,
  "roe": 0.112349994,
  "debt_to_equity": 52.263,
  "beta": 0.253,
  "ev_to_ebitda": 5.441,
  "sector": "Energy",
  "industry": "Oil & Gas Integrated",
  "summary": "TotalEnergies SE, a multi-energy company, produces and markets oil and biofuels, natural and green gas, biogas and low-carbon hydrogen, renewables, and electricity in France, rest of Europe, North America, Africa, and internationally. It operates through five segments: Exploration & Production, Integrated LNG, Integrated Power, Refining & Chemicals, and Marketing & Services. The Exploration & Production segment is involved in the exploration and production of oil and natural gas. The Integrated LNG segment comprises the integrated gas chain, including upstream and midstream liquified natural gas (LNG) activities, as well as biogas, hydrogen, and gas trading activities. The Integrated Power segment includes generation, storage, electricity trading, and B2B-B2C distribution of gas and electricity. The Refining & Chemicals segment is involved in refining, petrochemicals, and specialty chemicals, as well as oil supply, trading, and marine shipping activities. The Marketing & Services segment supplies and markets petroleum products. The company was formerly known as TOTAL SE and changed its name to TotalEnergies SE in June 2021. TotalEnergies SE was incorporated in 1924 and is headquartered in Courbevoie, France.",
  "website": "https://totalenergies.com",
  "employees": null,
  "target_high": 78.46304,
  "target_low": 55.326584,
  "target_mean": 66.977165,
  "target_median": 67.30472,
  "recommendation": "buy",
  "num_analysts": 22,
  "income_stmt": {
    "2025-12-31T00:00:00": {
      "Tax Effect Of Unusual Items": null,
      "Tax Rate For Calcs": null,
      "Normalized EBITDA": null,
      "Total Unusual Items": null,
      "Total Unusual Items Excluding Goodwill": null,
      "Net Income From Continuing Operation Net Minority Interest": null,
      "Reconciled Depreciation": null,
      "Reconciled Cost Of Revenue": null,
      "EBITDA": null,
      "EBIT": null,
      "Net Interest Income": null,
      "Interest Expense": null,
      "Interest Income": null,
      "Normalized Income": null,
      "Net Income From Continuing And Discontinued Operation": null,
      "Total Expenses": null,
      "Diluted Average Shares": 2247773973.0,
      "Basic Average Shares": 2247773973.0,
      "Diluted EPS": 5.78,
      "Basic EPS": 5.84,
      "Diluted NI Availto Com Stockholders": null,
      "Net Income Common Stockholders": null,
      "Net Income": null,
      "Minority Interests": null,
      "Net Income Including Noncontrolling Interests": null,
      "Net Income Continuous Operations": null,
      "Tax Provision": null,
      "Pretax Income": null,
      "Other Income Expense": null,
      "Other Non Operating Income Expenses": null,
      "Special Income Charges": null,
      "Gain On Sale Of Ppe": null,
      "Earnings From Equity Interest": null,
      "Gain On Sale Of Security": null,
      "Net Non Operating Interest Income Expense": null,
      "Total Other Finance Cost": null,
      "Interest Expense Non Operating": null,
      "Interest Income Non Operating": null,
      "Operating Income": null,
      "Operating Expense": null,
      "Other Operating Expenses": null,
      "Gross Profit": null,
      "Cost Of Revenue": null,
      "Total Revenue": null,
      "Excise Taxes": null,
      "Operating Revenue": null
    },
    "2024-12-31T00:00:00": {
      "Tax Effect Of Unusual Items": 380750000.0,
      "Tax Rate For Calcs": 0.25,
      "Normalized EBITDA": 40754000000.0,
      "Total Unusual Items": 1523000000.0,
      "Total Unusual Items Excluding Goodwill": 1523000000.0,
      "Net Income From Continuing Operation Net Minority Interest": 15758000000.0,
      "Reconciled Depreciation": 13107000000.0,
      "Reconciled Cost Of Revenue": 140078000000.0,
      "EBITDA": 42277000000.0,
      "EBIT": 29170000000.0,
      "Net Interest Income": -290000000.0,
      "Interest Expense": 2364000000.0,
      "Interest Income": 1786000000.0,
      "Normalized Income": 14615750000.0,
      "Net Income From Continuing And Discontinued Operation": 15758000000.0,
      "Total Expenses": 171505000000.0,
      "Diluted Average Shares": 2337982196.0,
      "Basic Average Shares": 2337982196.0,
      "Diluted EPS": 6.69,
      "Basic EPS": 6.74,
      "Diluted NI Availto Com Stockholders": 15758000000.0,
      "Net Income Common Stockholders": 15758000000.0,
      "Net Income": 15758000000.0,
      "Minority Interests": -273000000.0,
      "Net Income Including Noncontrolling Interests": 16031000000.0,
      "Net Income Continuous Operations": 16031000000.0,
      "Tax Provision": 10775000000.0,
      "Pretax Income": 26806000000.0,
      "Other Income Expense": 2991000000.0,
      "Other Non Operating Income Expenses": -107000000.0,
      "Special Income Charges": 1497000000.0,
      "Gain On Sale Of Ppe": 1497000000.0,
      "Earnings From Equity Interest": 1575000000.0,
      "Gain On Sale Of Security": 26000000.0,
      "Net Non Operating Interest Income Expense": -290000000.0,
      "Total Other Finance Cost": -288000000.0,
      "Interest Expense Non Operating": 2364000000.0,
      "Interest Income Non Operating": 1786000000.0,
      "Operating Income": 24105000000.0,
      "Operating Expense": 31427000000.0,
      "Other Operating Expenses": 31427000000.0,
      "Gross Profit": 55532000000.0,
      "Cost Of Revenue": 140078000000.0,
      "Total Revenue": 195610000000.0,
      "Excise Taxes": 18940000000.0,
      "Operating Revenue": 214550000000.0
    },
    "2023-12-31T00:00:00": {
      "Tax Effect Of Unusual Items": 931922064.864554,
      "Tax Rate For Calcs": 0.382092,
      "Normalized EBITDA": 48343000000.0,
      "Total Unusual Items": 2439000000.0,
      "Total Unusual Items Excluding Goodwill": 2439000000.0,
      "Net Income From Continuing Operation Net Minority Interest": 21384000000.0,
      "Reconciled Depreciation": 13818000000.0,
      "Reconciled Cost Of Revenue": 156572000000.0,
      "EBITDA": 50782000000.0,
      "EBIT": 36964000000.0,
      "Net Interest Income": -84000000.0,
      "Interest Expense": 2153000000.0,
      "Interest Income": 1801000000.0,
      "Normalized Income": 19876922064.864555,
      "Net Income From Continuing And Discontinued Operation": 21384000000.0,
      "Total Expenses": 188088000000.0,
      "Diluted Average Shares": 2452293578.0,
      "Basic Average Shares": 2452293578.0,
      "Diluted EPS": 8.67,
      "Basic EPS": 8.72,
      "Diluted NI Availto Com Stockholders": 21384000000.0,
      "Net Income Common Stockholders": 21384000000.0,
      "Net Income": 21384000000.0,
      "Minority Interests": -126000000.0,
      "Net Income Including Noncontrolling Interests": 21510000000.0,
      "Net Income Continuous Operations": 21510000000.0,
      "Tax Provision": 13301000000.0,
      "Pretax Income": 34811000000.0,
      "Other Income Expense": 4038000000.0,
      "Other Non Operating Income Expenses": -246000000.0,
      "Special Income Charges": 3059000000.0,
      "Gain On Sale Of Ppe": 3059000000.0,
      "Earnings From Equity Interest": 1845000000.0,
      "Gain On Sale Of Security": -620000000.0,
      "Net Non Operating Interest Income Expense": -84000000.0,
      "Total Other Finance Cost": -268000000.0,
      "Interest Expense Non Operating": 2153000000.0,
      "Interest Income Non Operating": 1801000000.0,
      "Operating Income": 30857000000.0,
      "Operating Expense": 31516000000.0,
      "Other Operating Expenses": 31516000000.0,
      "Gross Profit": 62373000000.0,
      "Cost Of Revenue": 156572000000.0,
      "Total Revenue": 218945000000.0,
      "Excise Taxes": 18183000000.0,
      "Operating Revenue": 237128000000.0
    },
    "2022-12-31T00:00:00": {
      "Tax Effect Of Unusual Items": -213500000.0,
      "Tax Rate For Calcs": 0.25,
      "Normalized EBITDA": 59896000000.0,
      "Total Unusual Items": -854000000.0,
      "Total Unusual Items Excluding Goodwill": -854000000.0,
      "Net Income From Continuing Operation Net Minority Interest": 20526000000.0,
      "Reconciled Depreciation": 13680000000.0,
      "Reconciled Cost Of Revenue": 182099000000.0,
      "EBITDA": 59042000000.0,
      "EBIT": 45362000000.0,
      "Net Interest Income": -609000000.0,
      "Interest Expense": 2076000000.0,
      "Interest Income": 1143000000.0,
      "Normalized Income": 21166500000.0,
      "Net Income From Continuing And Discontinued Operation": 20526000000.0,
      "Total Expenses": 213617000000.0,
      "Diluted Average Shares": 2594943110.0,
      "Basic Average Shares": 2594943110.0,
      "Diluted EPS": 7.85,
      "Basic EPS": 7.91,
      "Diluted NI Availto Com Stockholders": 20526000000.0,
      "Net Income Common Stockholders": 20526000000.0,
      "Net Income": 20526000000.0,
      "Minority Interests": -518000000.0,
      "Net Income Including Noncontrolling Interests": 21044000000.0,
      "Net Income Continuous Operations": 21044000000.0,
      "Tax Provision": 22242000000.0,
      "Pretax Income": 43286000000.0,
      "Other Income Expense": -5798000000.0,
      "Other Non Operating Income Expenses": -3052000000.0,
      "Special Income Charges": -369000000.0,
      "Gain On Sale Of Ppe": -369000000.0,
      "Earnings From Equity Interest": -1892000000.0,
      "Gain On Sale Of Security": -485000000.0,
      "Net Non Operating Interest Income Expense": -609000000.0,
      "Total Other Finance Cost": -324000000.0,
      "Interest Expense Non Operating": 2076000000.0,
      "Interest Income Non Operating": 1143000000.0,
      "Operating Income": 49693000000.0,
      "Operating Expense": 31518000000.0,
      "Other Operating Expenses": 31518000000.0,
      "Gross Profit": 81211000000.0,
      "Cost Of Revenue": 182099000000.0,
      "Total Revenue": 263310000000.0,
      "Excise Taxes": 17689000000.0,
      "Operating Revenue": 280999000000.0
    },
    "2021-12-31T00:00:00": {
      "Tax Effect Of Unusual Items": 67230532.115748,
      "Tax Rate For Calcs": 0.369399,
      "Normalized EBITDA": 41884000000.0,
      "Total Unusual Items": 182000000.0,
      "Total Unusual Items Excluding Goodwill": 182000000.0,
      "Net Income From Continuing Operation Net Minority Interest": 16032000000.0,
      "Reconciled Depreciation": 14343000000.0,
      "Reconciled Cost Of Revenue": 132626000000.0,
      "EBITDA": 42066000000.0,
      "EBIT": 27723000000.0,
      "Net Interest Income": -1056000000.0,
      "Interest Expense": 1770000000.0,
      "Interest Income": 379000000.0,
      "Normalized Income": 15917230532.115747,
      "Net Income From Continuing And Discontinued Operation": 16032000000.0,
      "Total Expenses": 160709000000.0,
      "Diluted Average Shares": null,
      "Basic Average Shares": null,
      "Diluted EPS": null,
      "Basic EPS": null,
      "Diluted NI Availto Com Stockholders": 16032000000.0,
      "Net Income Common Stockholders": 16032000000.0,
      "Net Income": 16032000000.0,
      "Minority Interests": -334000000.0,
      "Net Income Including Noncontrolling Interests": 16366000000.0,
      "Net Income Continuous Operations": 16366000000.0,
      "Tax Provision": 9587000000.0,
      "Pretax Income": 25953000000.0,
      "Other Income Expense": 3084000000.0,
      "Other Non Operating Income Expenses": -536000000.0,
      "Special Income Charges": 454000000.0,
      "Gain On Sale Of Ppe": 454000000.0,
      "Earnings From Equity Interest": 3438000000.0,
      "Gain On Sale Of Security": -272000000.0,
      "Net Non Operating Interest Income Expense": -1056000000.0,
      "Total Other Finance Cost": -335000000.0,
      "Interest Expense Non Operating": 1770000000.0,
      "Interest Income Non Operating": 379000000.0,
      "Operating Income": 23925000000.0,
      "Operating Expense": 28083000000.0,
      "Other Operating Expenses": 28083000000.0,
      "Gross Profit": 52008000000.0,
      "Cost Of Revenue": 132626000000.0,
      "Total Revenue": 184634000000.0,
      "Excise Taxes": 21229000000.0,
      "Operating Revenue": 205863000000.0
    }
  },
  "quarterly_income": {
    "2025-12-31T00:00:00": {
      "Tax Effect Of Unusual Items": null,
      "Tax Rate For Calcs": null,
      "Normalized EBITDA": null,
      "Net Income From Continuing Operation Net Minority Interest": null,
      "Reconciled Depreciation": null,
      "Reconciled Cost Of Revenue": null,
      "EBITDA": null,
      "EBIT": null,
      "Net Interest Income": null,
      "Interest Expense": null,
      "Interest Income": null,
      "Normalized Income": null,
      "Net Income From Continuing And Discontinued Operation": null,
      "Total Expenses": null,
      "Diluted Average Shares": 2218320611.0,
      "Basic Average Shares": 2218320611.0,
      "Diluted EPS": 1.3,
      "Basic EPS": 1.31,
      "Diluted NI Availto Com Stockholders": null,
      "Net Income Common Stockholders": null,
      "Net Income": null,
      "Minority Interests": null,
      "Net Income Including Noncontrolling Interests": null,
      "Net Income Continuous Operations": null,
      "Tax Provision": null,
      "Pretax Income": null,
      "Other Income Expense": null,
      "Other Non Operating Income Expenses": null,
      "Earnings From Equity Interest": null,
      "Net Non Operating Interest Income Expense": null,
      "Total Other Finance Cost": null,
      "Interest Expense Non Operating": null,
      "Interest Income Non Operating": null,
      "Operating Income": null,
      "Operating Expense": null,
      "Other Operating Expenses": null,
      "Gross Profit": null,
      "Cost Of Revenue": null,
      "Total Revenue": null,
      "Excise Taxes": null,
      "Operating Revenue": null
    },
    "2025-09-30T00:00:00": {
      "Tax Effect Of Unusual Items": 0.0,
      "Tax Rate For Calcs": 0.391754,
      "Normalized EBITDA": 10398000000.0,
      "Net Income From Continuing Operation Net Minority Interest": 3683000000.0,
      "Reconciled Depreciation": 3405000000.0,
      "Reconciled Cost Of Revenue": 30471000000.0,
      "EBITDA": 10398000000.0,
      "EBIT": 6993000000.0,
      "Net Interest Income": -385000000.0,
      "Interest Expense": 808000000.0,
      "Interest Income": 265000000.0,
      "Normalized Income": 3683000000.0,
      "Net Income From Continuing And Discontinued Operation": 3683000000.0,
      "Total Expenses": 38126000000.0,
      "Diluted Average Shares": null,
      "Basic Average Shares": null,
      "Diluted EPS": null,
      "Basic EPS": null,
      "Diluted NI Availto Com Stockholders": 3683000000.0,
      "Net Income Common Stockholders": 3683000000.0,
      "Net Income": 3683000000.0,
      "Minority Interests": -79000000.0,
      "Net Income Including Noncontrolling Interests": 3762000000.0,
      "Net Income Continuous Operations": 3762000000.0,
      "Tax Provision": 2423000000.0,
      "Pretax Income": 6185000000.0,
      "Other Income Expense": 852000000.0,
      "Other Non Operating Income Expenses": 250000000.0,
      "Earnings From Equity Interest": 602000000.0,
      "Net Non Operating Interest Income Expense": -385000000.0,
      "Total Other Finance Cost": -158000000.0,
      "Interest Expense Non Operating": 808000000.0,
      "Interest Income Non Operating": 265000000.0,
      "Operating Income": 5718000000.0,
      "Operating Expense": 7655000000.0,
      "Other Operating Expenses": 7655000000.0,
      "Gross Profit": 13373000000.0,
      "Cost Of Revenue": 30471000000.0,
      "Total Revenue": 43844000000.0,
      "Excise Taxes": 4847000000.0,
      "Operating Revenue": 48691000000.0
    },
    "2025-06-30T00:00:00": {
      "Tax Effect Of Unusual Items": 0.0,
      "Tax Rate For Calcs": 0.25,
      "Normalized EBITDA": 9028000000.0,
      "Net Income From Continuing Operation Net Minority Interest": 2687000000.0,
      "Reconciled Depreciation": 3360000000.0,
      "Reconciled Cost Of Revenue": 32416000000.0,
      "EBITDA": 9028000000.0,
      "EBIT": 5668000000.0,
      "Net Interest Income": -263000000.0,
      "Interest Expense": 816000000.0,
      "Interest Income": 327000000.0,
      "Normalized Income": 2687000000.0,
      "Net Income From Continuing And Discontinued Operation": 2687000000.0,
      "Total Expenses": 40347000000.0,
      "Diluted Average Shares": 2277118644.0,
      "Basic Average Shares": 2277118644.0,
      "Diluted EPS": 1.17,
      "Basic EPS": 1.18,
      "Diluted NI Availto Com Stockholders": 2687000000.0,
      "Net Income Common Stockholders": 2687000000.0,
      "Net Income": 2687000000.0,
      "Minority Interests": -59000000.0,
      "Net Income Including Noncontrolling Interests": 2746000000.0,
      "Net Income Continuous Operations": 2746000000.0,
      "Tax Provision": 2106000000.0,
      "Pretax Income": 4852000000.0,
      "Other Income Expense": 786000000.0,
      "Other Non Operating Income Expenses": 257000000.0,
      "Earnings From Equity Interest": 529000000.0,
      "Net Non Operating Interest Income Expense": -263000000.0,
      "Total Other Finance Cost": -226000000.0,
      "Interest Expense Non Operating": 816000000.0,
      "Interest Income Non Operating": 327000000.0,
      "Operating Income": 4329000000.0,
      "Operating Expense": 7931000000.0,
      "Other Operating Expenses": 7931000000.0,
      "Gross Profit": 12260000000.0,
      "Cost Of Revenue": 32416000000.0,
      "Total Revenue": 44676000000.0,
      "Excise Taxes": 4951000000.0,
      "Operating Revenue": 49627000000.0
    },
    "2025-03-31T00:00:00": {
      "Tax Effect Of Unusual Items": 0.0,
      "Tax Rate For Calcs": 0.25,
      "Normalized EBITDA": 10465000000.0,
      "Net Income From Continuing Operation Net Minority Interest": 3851000000.0,
      "Reconciled Depreciation": 3086000000.0,
      "Reconciled Cost Of Revenue": 33853000000.0,
      "EBITDA": 10465000000.0,
      "EBIT": 7379000000.0,
      "Net Interest Income": -366000000.0,
      "Interest Expense": 725000000.0,
      "Interest Income": 290000000.0,
      "Normalized Income": 3851000000.0,
      "Net Income From Continuing And Discontinued Operation": 3851000000.0,
      "Total Expenses": 41498000000.0,
      "Diluted Average Shares": 2278698225.0,
      "Basic Average Shares": 2278698225.0,
      "Diluted EPS": 1.68,
      "Basic EPS": 1.69,
      "Diluted NI Availto Com Stockholders": 3851000000.0,
      "Net Income Common Stockholders": 3851000000.0,
      "Net Income": 3851000000.0,
      "Minority Interests": -70000000.0,
      "Net Income Including Noncontrolling Interests": 3921000000.0,
      "Net Income Continuous Operations": 3921000000.0,
      "Tax Provision": 2733000000.0,
      "Pretax Income": 6654000000.0,
      "Other Income Expense": 619000000.0,
      "Other Non Operating Income Expenses": -44000000.0,
      "Earnings From Equity Interest": 663000000.0,
      "Net Non Operating Interest Income Expense": -366000000.0,
      "Total Other Finance Cost": -69000000.0,
      "Interest Expense Non Operating": 725000000.0,
      "Interest Income Non Operating": 290000000.0,
      "Operating Income": 6401000000.0,
      "Operating Expense": 7645000000.0,
      "Other Operating Expenses": 7645000000.0,
      "Gross Profit": 14046000000.0,
      "Cost Of Revenue": 33853000000.0,
      "Total Revenue": 47899000000.0,
      "Excise Taxes": 4355000000.0,
      "Operating Revenue": 52254000000.0
    },
    "2024-12-31T00:00:00": {
      "Tax Effect Of Unusual Items": 0.0,
      "Tax Rate For Calcs": 0.25,
      "Normalized EBITDA": 10053000000.0,
      "Net Income From Continuing Operation Net Minority Interest": 3956000000.0,
      "Reconciled Depreciation": 2971000000.0,
      "Reconciled Cost Of Revenue": 33446000000.0,
      "EBITDA": 10053000000.0,
      "EBIT": 7082000000.0,
      "Net Interest Income": 161000000.0,
      "Interest Expense": 134000000.0,
      "Interest Income": 449000000.0,
      "Normalized Income": 3956000000.0,
      "Net Income From Continuing And Discontinued Operation": 3956000000.0,
      "Total Expenses": 41475000000.0,
      "Diluted Average Shares": 2300000000.0,
      "Basic Average Shares": 2300000000.0,
      "Diluted EPS": 1.7,
      "Basic EPS": 1.72,
      "Diluted NI Availto Com Stockholders": 3956000000.0,
      "Net Income Common Stockholders": 3956000000.0,
      "Net Income": 3956000000.0,
      "Minority Interests": -63000000.0,
      "Net Income Including Noncontrolling Interests": 4019000000.0,
      "Net Income Continuous Operations": 4019000000.0,
      "Tax Provision": 2929000000.0,
      "Pretax Income": 6948000000.0,
      "Other Income Expense": 1147000000.0,
      "Other Non Operating Income Expenses": -973000000.0,
      "Earnings From Equity Interest": 597000000.0,
      "Net Non Operating Interest Income Expense": 161000000.0,
      "Total Other Finance Cost": 154000000.0,
      "Interest Expense Non Operating": 134000000.0,
      "Interest Income Non Operating": 449000000.0,
      "Operating Income": 5640000000.0,
      "Operating Expense": 8029000000.0,
      "Other Operating Expenses": 8029000000.0,
      "Gross Profit": 13669000000.0,
      "Cost Of Revenue": 33446000000.0,
      "Total Revenue": 47115000000.0,
      "Excise Taxes": 5393000000.0,
      "Operating Revenue": 52508000000.0
    },
    "2024-09-30T00:00:00": {
      "Tax Effect Of Unusual Items": 0.0,
      "Tax Rate For Calcs": 0.25,
      "Normalized EBITDA": 9357000000.0,
      "Net Income From Continuing Operation Net Minority Interest": 2294000000.0,
      "Reconciled Depreciation": 4020000000.0,
      "Reconciled Cost Of Revenue": 34817000000.0,
      "EBITDA": 9357000000.0,
      "EBIT": 5337000000.0,
      "Net Interest Income": -235000000.0,
      "Interest Expense": 797000000.0,
      "Interest Income": 457000000.0,
      "Normalized Income": 2294000000.0,
      "Net Income From Continuing And Discontinued Operation": 2294000000.0,
      "Total Expenses": 42658000000.0,
      "Diluted Average Shares": 2364948454.0,
      "Basic Average Shares": 2364948454.0,
      "Diluted EPS": 0.96,
      "Basic EPS": 0.97,
      "Diluted NI Availto Com Stockholders": 2294000000.0,
      "Net Income Common Stockholders": 2294000000.0,
      "Net Income": 2294000000.0,
      "Minority Interests": -67000000.0,
      "Net Income Including Noncontrolling Interests": 2361000000.0,
      "Net Income Continuous Operations": 2361000000.0,
      "Tax Provision": 2179000000.0,
      "Pretax Income": 4540000000.0,
      "Other Income Expense": 4000000.0,
      "Other Non Operating Income Expenses": -329000000.0,
      "Earnings From Equity Interest": 333000000.0,
      "Net Non Operating Interest Income Expense": -235000000.0,
      "Total Other Finance Cost": -105000000.0,
      "Interest Expense Non Operating": 797000000.0,
      "Interest Income Non Operating": 457000000.0,
      "Operating Income": 4771000000.0,
      "Operating Expense": 7841000000.0,
      "Other Operating Expenses": 7841000000.0,
      "Gross Profit": 12612000000.0,
      "Cost Of Revenue": 34817000000.0,
      "Total Revenue": 47429000000.0,
      "Excise Taxes": 4592000000.0,
      "Operating Revenue": 52021000000.0
    }
  },
  "balance_sheet": {
    "2024-12-31T00:00:00": {
      "Treasury Shares Number": 149529818.0,
      "Ordinary Shares Number": 2248149843.0,
      "Share Issued": 2397679661.0,
      "Net Debt": 25109000000.0,
      "Total Debt": 51244000000.0,
      "Tangible Book Value": 103470000000.0,
      "Invested Capital": 167007000000.0,
      "Working Capital": 8611000000.0,
      "Net Tangible Assets": 103470000000.0,
      "Capital Lease Obligations": 2095000000.0,
      "Common Stock Equity": 117858000000.0,
      "Total Capitalization": 159078000000.0,
      "Total Equity Gross Minority Interest": 120255000000.0,
      "Minority Interest": 2397000000.0,
      "Stockholders Equity": 117858000000.0,
      "Gains Losses Not Affecting Retained Earnings": -15259000000.0,
      "Foreign Currency Translation Adjustments": -15259000000.0,
      "Treasury Stock": 9956000000.0,
      "Additional Paid In Capital": 135496000000.0,
      "Capital Stock": 7577000000.0,
      "Common Stock": 7577000000.0,
      "Total Liabilities Net Minority Interest": 165232000000.0,
      "Total Non Current Liabilities Net Minority Interest": 77272000000.0,
      "Other Non Current Liabilities": 4486000000.0,
      "Derivative Product Liabilities": 2313000000.0,
      "Employee Benefits": 1753000000.0,
      "Non Current Deferred Liabilities": 12114000000.0,
      "Non Current Deferred Taxes Liabilities": 12114000000.0,
      "Long Term Debt And Capital Lease Obligation": 41220000000.0,
      "Long Term Debt": 41220000000.0,
      "Long Term Provisions": 15386000000.0,
      "Current Liabilities": 87960000000.0,
      "Other Current Liabilities": 22285000000.0,
      "Current Debt And Capital Lease Obligation": 10024000000.0,
      "Current Capital Lease Obligation": 2095000000.0,
      "Current Debt": 7929000000.0,
      "Other Current Borrowings": 7929000000.0,
      "Payables And Accrued Expenses": 55651000000.0,
      "Current Accrued Expenses": 3158000000.0,
      "Payables": 52493000000.0,
      "Total Tax Payable": 12561000000.0,
      "Accounts Payable": 39932000000.0,
      "Total Assets": 285487000000.0,
      "Total Non Current Assets": 188916000000.0,
      "Other Non Current Assets": 154000000.0,
      "Non Current Deferred Assets": 3202000000.0,
      "Non Current Deferred Taxes Assets": 3202000000.0,
      "Non Current Note Receivables": 8708000000.0,
      "Financial Assets": 546000000.0,
      "Investments And Advances": 32973000000.0,
      "Other Investments": null,
      "Investmentin Financial Assets": 5101000000.0,
      "Available For Sale Securities": 3599000000.0,
      "Financial Assets Designatedas Fair Value Through Profitor Loss Total": 1502000000.0,
      "Long Term Equity Investment": 27872000000.0,
      "Investmentsin Joint Venturesat Cost": 17485000000.0,
      "Investmentsin Associatesat Cost": 10387000000.0,
      "Goodwill And Other Intangible Assets": 14388000000.0,
      "Other Intangible Assets": 3123000000.0,
      "Goodwill": 11265000000.0,
      "Net PPE": 128945000000.0,
      "Accumulated Depreciation": -195882000000.0,
      "Gross PPE": 324827000000.0,
      "Construction In Progress": 4382000000.0,
      "Other Properties": 12059000000.0,
      "Machinery Furniture Equipment": 39315000000.0,
      "Buildings And Improvements": 9390000000.0,
      "Land And Improvements": 2598000000.0,
      "Properties": null,
      "Current Assets": 96571000000.0,
      "Other Current Assets": 71000000.0,
      "Hedging Assets Current": 29000000.0,
      "Assets Held For Sale Current": 1977000000.0,
      "Restricted Cash": 1804000000.0,
      "Prepaid Assets": 2481000000.0,
      "Inventory": 18868000000.0,
      "Other Inventories": 2365000000.0,
      "Finished Goods": 13396000000.0,
      "Raw Materials": 3107000000.0,
      "Receivables": 40794000000.0,
      "Other Receivables": 17224000000.0,
      "Taxes Receivable": 4289000000.0,
      "Accounts Receivable": 19281000000.0,
      "Allowance For Doubtful Accounts Receivable": -902000000.0,
      "Gross Accounts Receivable": 20183000000.0,
      "Cash Cash Equivalents And Short Term Investments": 30547000000.0,
      "Other Short Term Investments": 6507000000.0,
      "Cash And Cash Equivalents": 24040000000.0,
      "Cash Equivalents": null,
      "Cash Financial": null
    },
    "2023-12-31T00:00:00": {
      "Treasury Shares Number": 60543213.0,
      "Ordinary Shares Number": 2351708622.0,
      "Share Issued": 2412251835.0,
      "Net Debt": 18886000000.0,
      "Total Debt": 47870000000.0,
      "Tangible Book Value": 104031000000.0,
      "Invested Capital": 162902000000.0,
      "Working Capital": 10744000000.0,
      "Net Tangible Assets": 104031000000.0,
      "Capital Lease Obligations": 1721000000.0,
      "Common Stock Equity": 116753000000.0,
      "Total Capitalization": 155033000000.0,
      "Total Equity Gross Minority Interest": 119453000000.0,
      "Minority Interest": 2700000000.0,
      "Stockholders Equity": 116753000000.0,
      "Gains Losses Not Affecting Retained Earnings": -13701000000.0,
      "Foreign Currency Translation Adjustments": -13701000000.0,
      "Treasury Stock": 4019000000.0,
      "Additional Paid In Capital": 126857000000.0,
      "Capital Stock": 7616000000.0,
      "Common Stock": 7616000000.0,
      "Total Liabilities Net Minority Interest": 164201000000.0,
      "Total Non Current Liabilities Net Minority Interest": 75416000000.0,
      "Other Non Current Liabilities": 4858000000.0,
      "Derivative Product Liabilities": 2198000000.0,
      "Employee Benefits": 1993000000.0,
      "Non Current Deferred Liabilities": 11688000000.0,
      "Non Current Deferred Taxes Liabilities": 11688000000.0,
      "Long Term Debt And Capital Lease Obligation": 38280000000.0,
      "Long Term Debt": 38280000000.0,
      "Long Term Provisions": 16399000000.0,
      "Current Liabilities": 88785000000.0,
      "Other Current Liabilities": 21070000000.0,
      "Current Debt And Capital Lease Obligation": 9590000000.0,
      "Current Capital Lease Obligation": 1721000000.0,
      "Current Debt": 7869000000.0,
      "Other Current Borrowings": 7869000000.0,
      "Payables And Accrued Expenses": 58125000000.0,
      "Current Accrued Expenses": 2816000000.0,
      "Payables": 55309000000.0,
      "Total Tax Payable": 13974000000.0,
      "Accounts Payable": 41335000000.0,
      "Total Assets": 283654000000.0,
      "Total Non Current Assets": 184125000000.0,
      "Other Non Current Assets": 330000000.0,
      "Non Current Deferred Assets": 3418000000.0,
      "Non Current Deferred Taxes Assets": 3418000000.0,
      "Non Current Note Receivables": 6784000000.0,
      "Financial Assets": 673000000.0,
      "Investments And Advances": 30921000000.0,
      "Other Investments": 0.0,
      "Investmentin Financial Assets": 5026000000.0,
      "Available For Sale Securities": 3424000000.0,
      "Financial Assets Designatedas Fair Value Through Profitor Loss Total": 1602000000.0,
      "Long Term Equity Investment": 25895000000.0,
      "Investmentsin Joint Venturesat Cost": 16411000000.0,
      "Investmentsin Associatesat Cost": 9484000000.0,
      "Goodwill And Other Intangible Assets": 12722000000.0,
      "Other Intangible Assets": 2771000000.0,
      "Goodwill": 9951000000.0,
      "Net PPE": 129277000000.0,
      "Accumulated Depreciation": -199298000000.0,
      "Gross PPE": 328575000000.0,
      "Construction In Progress": 5262000000.0,
      "Other Properties": 12344000000.0,
      "Machinery Furniture Equipment": 38769000000.0,
      "Buildings And Improvements": 9529000000.0,
      "Land And Improvements": 2837000000.0,
      "Properties": null,
      "Current Assets": 99529000000.0,
      "Other Current Assets": 60000000.0,
      "Hedging Assets Current": 91000000.0,
      "Assets Held For Sale Current": 2101000000.0,
      "Restricted Cash": 1807000000.0,
      "Prepaid Assets": 1731000000.0,
      "Inventory": 19317000000.0,
      "Other Inventories": 3212000000.0,
      "Finished Goods": 12923000000.0,
      "Raw Materials": 3182000000.0,
      "Receivables": 42801000000.0,
      "Other Receivables": 15281000000.0,
      "Taxes Receivable": 4078000000.0,
      "Accounts Receivable": 23442000000.0,
      "Allowance For Doubtful Accounts Receivable": -892000000.0,
      "Gross Accounts Receivable": 24334000000.0,
      "Cash Cash Equivalents And Short Term Investments": 33428000000.0,
      "Other Short Term Investments": 6165000000.0,
      "Cash And Cash Equivalents": 27263000000.0,
      "Cash Equivalents": 10307000000.0,
      "Cash Financial": 16956000000.0
    },
    "2022-12-31T00:00:00": {
      "Treasury Shares Number": 137187667.0,
      "Ordinary Shares Number": 2481943618.0,
      "Share Issued": 2619131285.0,
      "Net Debt": 22557000000.0,
      "Total Debt": 57020000000.0,
      "Tangible Book Value": 100746000000.0,
      "Invested Capital": 167307000000.0,
      "Working Capital": 15946000000.0,
      "Net Tangible Assets": 100746000000.0,
      "Capital Lease Obligations": 1437000000.0,
      "Common Stock Equity": 111724000000.0,
      "Total Capitalization": 153242000000.0,
      "Total Equity Gross Minority Interest": 114570000000.0,
      "Minority Interest": 2846000000.0,
      "Stockholders Equity": 111724000000.0,
      "Gains Losses Not Affecting Retained Earnings": -12836000000.0,
      "Foreign Currency Translation Adjustments": -12836000000.0,
      "Treasury Stock": 7554000000.0,
      "Additional Paid In Capital": 123951000000.0,
      "Capital Stock": 8163000000.0,
      "Common Stock": 8163000000.0,
      "Total Liabilities Net Minority Interest": 189294000000.0,
      "Total Non Current Liabilities Net Minority Interest": 79516000000.0,
      "Other Non Current Liabilities": 3379000000.0,
      "Derivative Product Liabilities": 3746000000.0,
      "Employee Benefits": 1829000000.0,
      "Non Current Deferred Liabilities": 11021000000.0,
      "Non Current Deferred Taxes Liabilities": 11021000000.0,
      "Long Term Debt And Capital Lease Obligation": 41518000000.0,
      "Long Term Debt": 41518000000.0,
      "Long Term Provisions": 18023000000.0,
      "Current Liabilities": 109778000000.0,
      "Other Current Liabilities": 35841000000.0,
      "Current Debt And Capital Lease Obligation": 15502000000.0,
      "Current Capital Lease Obligation": 1437000000.0,
      "Current Debt": 14065000000.0,
      "Other Current Borrowings": 14065000000.0,
      "Payables And Accrued Expenses": 58435000000.0,
      "Current Accrued Expenses": 2309000000.0,
      "Payables": 56126000000.0,
      "Total Tax Payable": 14780000000.0,
      "Accounts Payable": 41346000000.0,
      "Total Assets": 303864000000.0,
      "Total Non Current Assets": 178140000000.0,
      "Other Non Current Assets": 301000000.0,
      "Non Current Deferred Assets": 5049000000.0,
      "Non Current Deferred Taxes Assets": 5049000000.0,
      "Non Current Note Receivables": 5570000000.0,
      "Financial Assets": 813000000.0,
      "Investments And Advances": 27375000000.0,
      "Other Investments": 0.0,
      "Investmentin Financial Assets": 3219000000.0,
      "Available For Sale Securities": 1797000000.0,
      "Financial Assets Designatedas Fair Value Through Profitor Loss Total": 1422000000.0,
      "Long Term Equity Investment": 24156000000.0,
      "Investmentsin Joint Venturesat Cost": 14623000000.0,
      "Investmentsin Associatesat Cost": 9533000000.0,
      "Goodwill And Other Intangible Assets": 10978000000.0,
      "Other Intangible Assets": 2328000000.0,
      "Goodwill": 8650000000.0,
      "Net PPE": 128054000000.0,
      "Accumulated Depreciation": -202011000000.0,
      "Gross PPE": 330065000000.0,
      "Construction In Progress": 3960000000.0,
      "Other Properties": 10401000000.0,
      "Machinery Furniture Equipment": 37002000000.0,
      "Buildings And Improvements": 10230000000.0,
      "Land And Improvements": 3089000000.0,
      "Properties": 265383000000.0,
      "Current Assets": 125724000000.0,
      "Other Current Assets": 63000000.0,
      "Hedging Assets Current": 2000000.0,
      "Assets Held For Sale Current": 568000000.0,
      "Restricted Cash": 2352000000.0,
      "Prepaid Assets": 1455000000.0,
      "Inventory": 22936000000.0,
      "Other Inventories": 3787000000.0,
      "Finished Goods": 14438000000.0,
      "Raw Materials": 4711000000.0,
      "Receivables": 59120000000.0,
      "Other Receivables": 28479000000.0,
      "Taxes Receivable": 6263000000.0,
      "Accounts Receivable": 24378000000.0,
      "Allowance For Doubtful Accounts Receivable": -826000000.0,
      "Gross Accounts Receivable": 25204000000.0,
      "Cash Cash Equivalents And Short Term Investments": 41580000000.0,
      "Other Short Term Investments": 8554000000.0,
      "Cash And Cash Equivalents": 33026000000.0,
      "Cash Equivalents": 18153000000.0,
      "Cash Financial": 14873000000.0
    },
    "2021-12-31T00:00:00": {
      "Treasury Shares Number": 33841104.0,
      "Ordinary Shares Number": 2606588225.0,
      "Share Issued": 2640429329.0,
      "Net Debt": 40317000000.0,
      "Total Debt": 63049000000.0,
      "Tangible Book Value": 100710000000.0,
      "Invested Capital": 173395000000.0,
      "Working Capital": 16034000000.0,
      "Net Tangible Assets": 100710000000.0,
      "Capital Lease Obligations": 1390000000.0,
      "Common Stock Equity": 111736000000.0,
      "Total Capitalization": 159750000000.0,
      "Total Equity Gross Minority Interest": 114999000000.0,
      "Minority Interest": 3263000000.0,
      "Stockholders Equity": 111736000000.0,
      "Gains Losses Not Affecting Retained Earnings": -12671000000.0,
      "Foreign Currency Translation Adjustments": -12671000000.0,
      "Treasury Stock": 1666000000.0,
      "Additional Paid In Capital": 117849000000.0,
      "Capital Stock": 8224000000.0,
      "Common Stock": 8224000000.0,
      "Total Liabilities Net Minority Interest": 178459000000.0,
      "Total Non Current Liabilities Net Minority Interest": 83357000000.0,
      "Other Non Current Liabilities": 1430000000.0,
      "Derivative Product Liabilities": 1498000000.0,
      "Employee Benefits": 2672000000.0,
      "Non Current Deferred Liabilities": 10904000000.0,
      "Non Current Deferred Taxes Liabilities": 10904000000.0,
      "Long Term Debt And Capital Lease Obligation": 48014000000.0,
      "Long Term Debt": 48014000000.0,
      "Long Term Provisions": 18839000000.0,
      "Current Liabilities": 95102000000.0,
      "Other Current Liabilities": 27724000000.0,
      "Current Debt And Capital Lease Obligation": 15035000000.0,
      "Current Capital Lease Obligation": 1390000000.0,
      "Current Debt": 13645000000.0,
      "Other Current Borrowings": 13645000000.0,
      "Payables And Accrued Expenses": 52343000000.0,
      "Current Accrued Expenses": 5225000000.0,
      "Payables": 47118000000.0,
      "Total Tax Payable": 10281000000.0,
      "Accounts Payable": 36837000000.0,
      "Total Assets": 293458000000.0,
      "Total Non Current Assets": 182322000000.0,
      "Other Non Current Assets": 378000000.0,
      "Non Current Deferred Assets": 5400000000.0,
      "Non Current Deferred Taxes Assets": 5400000000.0,
      "Non Current Note Receivables": 6639000000.0,
      "Financial Assets": 787000000.0,
      "Investments And Advances": 30075000000.0,
      "Other Investments": 0.0,
      "Investmentin Financial Assets": 3554000000.0,
      "Available For Sale Securities": 1732000000.0,
      "Financial Assets Designatedas Fair Value Through Profitor Loss Total": 1822000000.0,
      "Long Term Equity Investment": 26521000000.0,
      "Investmentsin Joint Venturesat Cost": 9277000000.0,
      "Investmentsin Associatesat Cost": 17244000000.0,
      "Goodwill And Other Intangible Assets": 11026000000.0,
      "Other Intangible Assets": 2197000000.0,
      "Goodwill": 8829000000.0,
      "Net PPE": 128017000000.0,
      "Accumulated Depreciation": -204411000000.0,
      "Gross PPE": 332428000000.0,
      "Construction In Progress": 3625000000.0,
      "Other Properties": 10434000000.0,
      "Machinery Furniture Equipment": 38285000000.0,
      "Buildings And Improvements": 10558000000.0,
      "Land And Improvements": 3145000000.0,
      "Properties": 266381000000.0,
      "Current Assets": 111136000000.0,
      "Other Current Assets": 53000000.0,
      "Hedging Assets Current": 42000000.0,
      "Assets Held For Sale Current": 400000000.0,
      "Restricted Cash": 3097000000.0,
      "Prepaid Assets": 1879000000.0,
      "Inventory": 19952000000.0,
      "Other Inventories": 3455000000.0,
      "Finished Goods": 13283000000.0,
      "Raw Materials": 3214000000.0,
      "Receivables": 55327000000.0,
      "Other Receivables": 29685000000.0,
      "Taxes Receivable": 3659000000.0,
      "Accounts Receivable": 21983000000.0,
      "Allowance For Doubtful Accounts Receivable": -793000000.0,
      "Gross Accounts Receivable": 22776000000.0,
      "Cash Cash Equivalents And Short Term Investments": 33483000000.0,
      "Other Short Term Investments": 12141000000.0,
      "Cash And Cash Equivalents": 21342000000.0,
      "Cash Equivalents": 7798000000.0,
      "Cash Financial": 13544000000.0
    }
  },
  "cashflow": {
    "2024-12-31T00:00:00": {
      "Free Cash Flow": 15945000000.0,
      "Repurchase Of Capital Stock": -7995000000.0,
      "Repayment Of Debt": -802000000.0,
      "Issuance Of Debt": 7563000000.0,
      "Issuance Of Capital Stock": 521000000.0,
      "Capital Expenditure": -14909000000.0,
      "Interest Paid Supplemental Data": 2934000000.0,
      "Income Tax Paid Supplemental Data": 10561000000.0,
      "End Cash Position": 25844000000.0,
      "Beginning Cash Position": 27263000000.0,
      "Effect Of Exchange Rate Changes": -516000000.0,
      "Changes In Cash": -903000000.0,
      "Financing Cash Flow": -14425000000.0,
      "Cash Flow From Continuing Financing Activities": -14425000000.0,
      "Net Other Financing Charges": -853000000.0,
      "Cash Dividends Paid": -7717000000.0,
      "Common Stock Dividend Paid": -7717000000.0,
      "Net Common Stock Issuance": -7474000000.0,
      "Common Stock Payments": -7995000000.0,
      "Common Stock Issuance": 521000000.0,
      "Net Issuance Payments Of Debt": 1619000000.0,
      "Net Short Term Debt Issuance": -5142000000.0,
      "Net Long Term Debt Issuance": 6761000000.0,
      "Long Term Debt Payments": -802000000.0,
      "Long Term Debt Issuance": 7563000000.0,
      "Investing Cash Flow": -17332000000.0,
      "Cash Flow From Continuing Investing Activities": -17332000000.0,
      "Net Other Investing Changes": -1098000000.0,
      "Net Investment Purchase And Sale": 347000000.0,
      "Sale Of Investment": 347000000.0,
      "Net Business Purchase And Sale": -2399000000.0,
      "Sale Of Business": 2167000000.0,
      "Purchase Of Business": -4566000000.0,
      "Net Intangibles Purchase And Sale": -14182000000.0,
      "Sale Of Intangibles": 727000000.0,
      "Purchase Of Intangibles": -14909000000.0,
      "Operating Cash Flow": 30854000000.0,
      "Cash Flow From Continuing Operating Activities": 30854000000.0,
      "Change In Working Capital": 2364000000.0,
      "Change In Other Working Capital": null,
      "Change In Other Current Assets": -3556000000.0,
      "Change In Payables And Accrued Expense": 2239000000.0,
      "Change In Payable": 2239000000.0,
      "Change In Account Payable": -889000000.0,
      "Change In Inventory": -203000000.0,
      "Change In Receivables": 3884000000.0,
      "Changes In Account Receivables": 3884000000.0,
      "Other Non Cash Items": 535000000.0,
      "Provisionand Write Offof Assets": -373000000.0,
      "Deferred Tax": 563000000.0,
      "Deferred Income Tax": 563000000.0,
      "Depreciation Amortization Depletion": 13107000000.0,
      "Depreciation And Amortization": 13107000000.0,
      "Depreciation": 13107000000.0,
      "Operating Gains Losses": -1373000000.0,
      "Earnings Losses From Equity Investments": 124000000.0,
      "Net Income From Continuing Operations": 16031000000.0
    },
    "2023-12-31T00:00:00": {
      "Free Cash Flow": 22957000000.0,
      "Repurchase Of Capital Stock": -9167000000.0,
      "Repayment Of Debt": -1454000000.0,
      "Issuance Of Debt": 189000000.0,
      "Issuance Of Capital Stock": 383000000.0,
      "Capital Expenditure": -17722000000.0,
      "Interest Paid Supplemental Data": 2883000000.0,
      "Income Tax Paid Supplemental Data": 12688000000.0,
      "End Cash Position": 27263000000.0,
      "Beginning Cash Position": 33026000000.0,
      "Effect Of Exchange Rate Changes": -258000000.0,
      "Changes In Cash": -5505000000.0,
      "Financing Cash Flow": -29730000000.0,
      "Cash Flow From Continuing Financing Activities": -29730000000.0,
      "Net Other Financing Charges": 2125000000.0,
      "Cash Dividends Paid": -7517000000.0,
      "Common Stock Dividend Paid": -7517000000.0,
      "Net Common Stock Issuance": -8784000000.0,
      "Common Stock Payments": -9167000000.0,
      "Common Stock Issuance": 383000000.0,
      "Net Issuance Payments Of Debt": -15554000000.0,
      "Net Short Term Debt Issuance": -14289000000.0,
      "Net Long Term Debt Issuance": -1265000000.0,
      "Long Term Debt Payments": -1454000000.0,
      "Long Term Debt Issuance": 189000000.0,
      "Investing Cash Flow": -16454000000.0,
      "Cash Flow From Continuing Investing Activities": -16454000000.0,
      "Net Other Investing Changes": -1323000000.0,
      "Net Investment Purchase And Sale": 490000000.0,
      "Sale Of Investment": 490000000.0,
      "Net Business Purchase And Sale": -1688000000.0,
      "Sale Of Business": 3561000000.0,
      "Purchase Of Business": -5249000000.0,
      "Net Intangibles Purchase And Sale": -13933000000.0,
      "Sale Of Intangibles": 3789000000.0,
      "Purchase Of Intangibles": -17722000000.0,
      "Operating Cash Flow": 40679000000.0,
      "Cash Flow From Continuing Operating Activities": 40679000000.0,
      "Change In Working Capital": 6091000000.0,
      "Change In Other Working Capital": null,
      "Change In Other Current Assets": 14860000000.0,
      "Change In Payables And Accrued Expense": -12234000000.0,
      "Change In Payable": -12234000000.0,
      "Change In Account Payable": 572000000.0,
      "Change In Inventory": 3159000000.0,
      "Change In Receivables": 306000000.0,
      "Changes In Account Receivables": 306000000.0,
      "Other Non Cash Items": 1250000000.0,
      "Provisionand Write Offof Assets": 257000000.0,
      "Deferred Tax": 556000000.0,
      "Deferred Income Tax": 556000000.0,
      "Depreciation Amortization Depletion": 13818000000.0,
      "Depreciation And Amortization": 13818000000.0,
      "Depreciation": 13818000000.0,
      "Operating Gains Losses": -2803000000.0,
      "Earnings Losses From Equity Investments": 649000000.0,
      "Net Income From Continuing Operations": 21510000000.0
    },
    "2022-12-31T00:00:00": {
      "Free Cash Flow": 31677000000.0,
      "Repurchase Of Capital Stock": -7711000000.0,
      "Repayment Of Debt": -379000000.0,
      "Issuance Of Debt": 1148000000.0,
      "Issuance Of Capital Stock": 370000000.0,
      "Capital Expenditure": -15690000000.0,
      "Interest Paid Supplemental Data": 2292000000.0,
      "Income Tax Paid Supplemental Data": 14486000000.0,
      "End Cash Position": 33026000000.0,
      "Beginning Cash Position": 21342000000.0,
      "Effect Of Exchange Rate Changes": -1295000000.0,
      "Changes In Cash": 12979000000.0,
      "Financing Cash Flow": -19272000000.0,
      "Cash Flow From Continuing Financing Activities": -19272000000.0,
      "Net Other Financing Charges": 3359000000.0,
      "Cash Dividends Paid": -9986000000.0,
      "Common Stock Dividend Paid": -9986000000.0,
      "Net Common Stock Issuance": -7341000000.0,
      "Common Stock Payments": -7711000000.0,
      "Common Stock Issuance": 370000000.0,
      "Net Issuance Payments Of Debt": -5304000000.0,
      "Net Short Term Debt Issuance": -6073000000.0,
      "Net Long Term Debt Issuance": 769000000.0,
      "Long Term Debt Payments": -379000000.0,
      "Long Term Debt Issuance": 1148000000.0,
      "Investing Cash Flow": -15116000000.0,
      "Cash Flow From Continuing Investing Activities": -15116000000.0,
      "Net Other Investing Changes": 1758000000.0,
      "Net Investment Purchase And Sale": 577000000.0,
      "Sale Of Investment": 577000000.0,
      "Net Business Purchase And Sale": -2301000000.0,
      "Sale Of Business": 835000000.0,
      "Purchase Of Business": -3136000000.0,
      "Net Intangibles Purchase And Sale": -15150000000.0,
      "Sale Of Intangibles": 540000000.0,
      "Purchase Of Intangibles": -15690000000.0,
      "Operating Cash Flow": 47367000000.0,
      "Cash Flow From Continuing Operating Activities": 47367000000.0,
      "Change In Working Capital": 1191000000.0,
      "Change In Other Working Capital": null,
      "Change In Other Current Assets": -3523000000.0,
      "Change In Payables And Accrued Expense": 11791000000.0,
      "Change In Payable": 11791000000.0,
      "Change In Account Payable": 5313000000.0,
      "Change In Inventory": -3805000000.0,
      "Change In Receivables": -3272000000.0,
      "Changes In Account Receivables": -3272000000.0,
      "Other Non Cash Items": 432000000.0,
      "Provisionand Write Offof Assets": 2177000000.0,
      "Deferred Tax": 2417000000.0,
      "Deferred Income Tax": 2417000000.0,
      "Depreciation Amortization Depletion": 13680000000.0,
      "Depreciation And Amortization": 13680000000.0,
      "Depreciation": 13680000000.0,
      "Operating Gains Losses": 6426000000.0,
      "Earnings Losses From Equity Investments": 6057000000.0,
      "Net Income From Continuing Operations": 21044000000.0
    },
    "2021-12-31T00:00:00": {
      "Free Cash Flow": 18067000000.0,
      "Repurchase Of Capital Stock": -1823000000.0,
      "Repayment Of Debt": -672000000.0,
      "Issuance Of Debt": 3248000000.0,
      "Issuance Of Capital Stock": 381000000.0,
      "Capital Expenditure": -12343000000.0,
      "Interest Paid Supplemental Data": 1886000000.0,
      "Income Tax Paid Supplemental Data": 4508000000.0,
      "End Cash Position": 21342000000.0,
      "Beginning Cash Position": 31268000000.0,
      "Effect Of Exchange Rate Changes": -1183000000.0,
      "Changes In Cash": -8743000000.0,
      "Financing Cash Flow": -25497000000.0,
      "Cash Flow From Continuing Financing Activities": -25497000000.0,
      "Net Other Financing Charges": -7547000000.0,
      "Cash Dividends Paid": -8228000000.0,
      "Common Stock Dividend Paid": -8228000000.0,
      "Net Common Stock Issuance": -1442000000.0,
      "Common Stock Payments": -1823000000.0,
      "Common Stock Issuance": 381000000.0,
      "Net Issuance Payments Of Debt": -8280000000.0,
      "Net Short Term Debt Issuance": -10856000000.0,
      "Net Long Term Debt Issuance": 2576000000.0,
      "Long Term Debt Payments": -672000000.0,
      "Long Term Debt Issuance": 3248000000.0,
      "Investing Cash Flow": -13656000000.0,
      "Cash Flow From Continuing Investing Activities": -13656000000.0,
      "Net Other Investing Changes": -75000000.0,
      "Net Investment Purchase And Sale": 722000000.0,
      "Sale Of Investment": 722000000.0,
      "Net Business Purchase And Sale": -2730000000.0,
      "Sale Of Business": 269000000.0,
      "Purchase Of Business": -2999000000.0,
      "Net Intangibles Purchase And Sale": -11573000000.0,
      "Sale Of Intangibles": 770000000.0,
      "Purchase Of Intangibles": -12343000000.0,
      "Operating Cash Flow": 30410000000.0,
      "Cash Flow From Continuing Operating Activities": 30410000000.0,
      "Change In Working Capital": -616000000.0,
      "Change In Other Working Capital": 962000000.0,
      "Change In Other Current Assets": -21026000000.0,
      "Change In Payables And Accrued Expense": 33101000000.0,
      "Change In Payable": 33101000000.0,
      "Change In Account Payable": 12073000000.0,
      "Change In Inventory": -5903000000.0,
      "Change In Receivables": -6788000000.0,
      "Changes In Account Receivables": -6788000000.0,
      "Other Non Cash Items": 476000000.0,
      "Provisionand Write Offof Assets": -467000000.0,
      "Deferred Tax": 1429000000.0,
      "Deferred Income Tax": 1429000000.0,
      "Depreciation Amortization Depletion": 14343000000.0,
      "Depreciation And Amortization": 14343000000.0,
      "Depreciation": 14343000000.0,
      "Operating Gains Losses": -1121000000.0,
      "Earnings Losses From Equity Investments": -667000000.0,
      "Net Income From Continuing Operations": 16366000000.0
    }
  },
  "earnings_estimate": {
    "avg": {
      "0q": 1.77428,
      "+1q": 1.59837,
      "0y": 6.65657,
      "+1y": 7.48987
    },
    "low": {
      "0q": 1.59,
      "+1q": 1.41648,
      "0y": 5.79596,
      "+1y": 6.27072
    },
    "high": {
      "0q": 1.96017,
      "+1q": 1.78607,
      "0y": 7.43591,
      "+1y": 8.635
    },
    "yearAgoEps": {
      "0q": 1.83,
      "+1q": 1.57,
      "0y": 6.89,
      "+1y": 6.65657
    },
    "numberOfAnalysts": {
      "0q": 5,
      "+1q": 5,
      "0y": 21,
      "+1y": 21
    },
    "growth": {
      "0q": -0.0304,
      "+1q": 0.018099999,
      "0y": -0.0339,
      "+1y": 0.1252
    }
  },
  "revenue_estimate": {
    "avg": {
      "0q": 39882955630,
      "+1q": 40470335780,
      "0y": 174014641870,
      "+1y": 186106344080
    },
    "low": {
      "0q": 37547100000,
      "+1q": 38188934000,
      "0y": 147229000000,
      "+1y": 147173625580
    },
    "high": {
      "0q": 43550000000,
      "+1q": 42800000000,
      "0y": 205513000000,
      "+1y": 215689000000
    },
    "numberOfAnalysts": {
      "0q": 4,
      "+1q": 4,
      "0y": 14,
      "+1y": 14
    },
    "yearAgoRevenue": {
      "0q": 47899000000,
      "+1q": 44676000000,
      "0y": 182344000000,
      "+1y": 174014641870
    },
    "growth": {
      "0q": -0.1674,
      "+1q": -0.0941,
      "0y": -0.045700002,
      "+1y": 0.0695
    }
  },
  "growth_estimates": {
    "stockTrend": {
      "0q": -0.0304,
      "+1q": 0.018099999,
      "0y": -0.0339,
      "+1y": 0.1252,
      "LTG": null
    },
    "indexTrend": {
      "0q": 0.1273,
      "+1q": 0.103599995,
      "0y": 0.14310001,
      "+1y": 0.1557,
      "LTG": 0.122
    }
  },
  "revenue_forecasts": null,
  "dividend_rate": 3.4,
  "trailing_dividend_rate": 3.992
}