{
  "ticker": "UCG.MI",
  "name": "UniCredit",
  "country": "italy",
  "currency": "EUR",
  "last_fetched": "2026-02-26T20:48:25.365950",
  "market_cap": 110385545216,
  "revenue": 25156999168,
  "net_income": 10915000320,
  "pe_ratio": 10.705371,
  "forward_pe": 9.033404,
  "dividend_yield": 4.25,
  "profit_margin": 0.43388,
  "roe": 0.16769,
  "debt_to_equity": null,
  "beta": 1.042,
  "ev_to_ebitda": null,
  "sector": "Financial Services",
  "industry": "Banks - Regional",
  "summary": "UniCredit S.p.A. provides commercial banking services in Italy, Germany, Central Europe, and Eastern Europe. It offers retail, private, and wealth management solutions; and institutional investor solutions. The company also provides corporate finance advisory, rating advisory, financial sponsor, patient capital, capital structure advisory, and sustainable finance solutions, as well as securities services. In addition, it offers transactional and risk management, structured finance, debt funding, equity funding, project finance, commodity trade finance, and trade and export finance services; group trade and correspondent banking services; and payments solutions. The company serves SME, corporate, multinational corporate, financial institution, and public sector clients, as well as retail, private banking, wealth management, and family office clients. UniCredit S.p.A. was founded in 1870 and is headquartered in Milan, Italy.",
  "website": "https://www.unicreditgroup.eu",
  "employees": 67118,
  "target_high": 95.5,
  "target_low": 57.0,
  "target_mean": 83.56353,
  "target_median": 86.78,
  "recommendation": "buy",
  "num_analysts": 17,
  "income_stmt": {
    "2025-12-31T00:00:00": {
      "Tax Effect Of Unusual Items": null,
      "Tax Rate For Calcs": null,
      "Total Unusual Items": null,
      "Total Unusual Items Excluding Goodwill": null,
      "Net Income From Continuing Operation Net Minority Interest": null,
      "Reconciled Depreciation": null,
      "Net Interest Income": null,
      "Interest Expense": null,
      "Interest Income": null,
      "Normalized Income": null,
      "Net Income From Continuing And Discontinued Operation": null,
      "Diluted Average Shares": 1584179971.0,
      "Basic Average Shares": 1584179971.0,
      "Diluted EPS": 6.89,
      "Basic EPS": 6.89,
      "Diluted NI Availto Com Stockholders": null,
      "Net Income Common Stockholders": null,
      "Otherunder Preferred Stock Dividend": null,
      "Net Income": null,
      "Minority Interests": null,
      "Net Income Including Noncontrolling Interests": null,
      "Net Income Discontinuous Operations": null,
      "Net Income Continuous Operations": null,
      "Tax Provision": null,
      "Pretax Income": null,
      "Special Income Charges": null,
      "Other Special Charges": null,
      "Impairment Of Capital Assets": null,
      "Restructuring And Mergern Acquisition": null,
      "Gain On Sale Of Security": null,
      "Operating Expense": null,
      "Other Operating Expenses": null,
      "Depreciation And Amortization In Income Statement": null,
      "Amortization": null,
      "Depreciation Income Statement": null,
      "Selling General And Administration": null,
      "Selling And Marketing Expense": null,
      "General And Administrative Expense": null,
      "Insurance And Claims": null,
      "Rent And Landing Fees": null,
      "Total Revenue": null,
      "Operating Revenue": null
    },
    "2024-12-31T00:00:00": {
      "Tax Effect Of Unusual Items": -388269673.40591,
      "Tax Rate For Calcs": 0.239969,
      "Total Unusual Items": -1618000000.0,
      "Total Unusual Items Excluding Goodwill": -1618000000.0,
      "Net Income From Continuing Operation Net Minority Interest": 9719000000.0,
      "Reconciled Depreciation": 1306000000.0,
      "Net Interest Income": 14671000000.0,
      "Interest Expense": 20167000000.0,
      "Interest Income": 34838000000.0,
      "Normalized Income": 10948730326.59409,
      "Net Income From Continuing And Discontinued Operation": 9719000000.0,
      "Diluted Average Shares": 1638481480.0,
      "Basic Average Shares": 1621646008.0,
      "Diluted EPS": 5.781,
      "Basic EPS": 5.841,
      "Diluted NI Availto Com Stockholders": 9472000000.0,
      "Net Income Common Stockholders": 9472000000.0,
      "Otherunder Preferred Stock Dividend": 247000000.0,
      "Net Income": 9719000000.0,
      "Minority Interests": -55000000.0,
      "Net Income Including Noncontrolling Interests": 9774000000.0,
      "Net Income Discontinuous Operations": 0.0,
      "Net Income Continuous Operations": 9774000000.0,
      "Tax Provision": 3086000000.0,
      "Pretax Income": 12860000000.0,
      "Special Income Charges": -1620000000.0,
      "Other Special Charges": 615000000.0,
      "Impairment Of Capital Assets": 133000000.0,
      "Restructuring And Mergern Acquisition": 872000000.0,
      "Gain On Sale Of Security": -209000000.0,
      "Operating Expense": 12051000000.0,
      "Other Operating Expenses": 1200000000.0,
      "Depreciation And Amortization In Income Statement": 1222000000.0,
      "Amortization": 543000000.0,
      "Depreciation Income Statement": 679000000.0,
      "Selling General And Administration": 2482000000.0,
      "Selling And Marketing Expense": 148000000.0,
      "General And Administrative Expense": 2334000000.0,
      "Insurance And Claims": 282000000.0,
      "Rent And Landing Fees": 133000000.0,
      "Total Revenue": 26579000000.0,
      "Operating Revenue": 26579000000.0
    },
    "2023-12-31T00:00:00": {
      "Tax Effect Of Unusual Items": -220477600.209589,
      "Tax Rate For Calcs": 0.167409,
      "Total Unusual Items": -1317000000.0,
      "Total Unusual Items Excluding Goodwill": -1317000000.0,
      "Net Income From Continuing Operation Net Minority Interest": 9507000000.0,
      "Reconciled Depreciation": 1625000000.0,
      "Net Interest Income": 14348000000.0,
      "Interest Expense": 19571000000.0,
      "Interest Income": 33919000000.0,
      "Normalized Income": 10603522399.790411,
      "Net Income From Continuing And Discontinued Operation": 9507000000.0,
      "Diluted Average Shares": 1849772582.0,
      "Basic Average Shares": 1827892681.0,
      "Diluted EPS": 5.045,
      "Basic EPS": 5.105,
      "Diluted NI Availto Com Stockholders": 9332000000.0,
      "Net Income Common Stockholders": 9332000000.0,
      "Otherunder Preferred Stock Dividend": 175000000.0,
      "Net Income": 9507000000.0,
      "Minority Interests": -27000000.0,
      "Net Income Including Noncontrolling Interests": 9534000000.0,
      "Net Income Discontinuous Operations": 0.0,
      "Net Income Continuous Operations": 9534000000.0,
      "Tax Provision": 1917000000.0,
      "Pretax Income": 11451000000.0,
      "Special Income Charges": -1328000000.0,
      "Other Special Charges": 70000000.0,
      "Impairment Of Capital Assets": 157000000.0,
      "Restructuring And Mergern Acquisition": 1101000000.0,
      "Gain On Sale Of Security": -291000000.0,
      "Operating Expense": 12453000000.0,
      "Other Operating Expenses": 705000000.0,
      "Depreciation And Amortization In Income Statement": 1520000000.0,
      "Amortization": 626000000.0,
      "Depreciation Income Statement": 894000000.0,
      "Selling General And Administration": 2433000000.0,
      "Selling And Marketing Expense": 124000000.0,
      "General And Administrative Expense": 2309000000.0,
      "Insurance And Claims": 728000000.0,
      "Rent And Landing Fees": 148000000.0,
      "Total Revenue": 25360000000.0,
      "Operating Revenue": 25360000000.0
    },
    "2022-12-31T00:00:00": {
      "Tax Effect Of Unusual Items": -38427493.483331,
      "Tax Rate For Calcs": 0.112361,
      "Total Unusual Items": -342000000.0,
      "Total Unusual Items Excluding Goodwill": -342000000.0,
      "Net Income From Continuing Operation Net Minority Interest": 6455000000.0,
      "Reconciled Depreciation": 1303000000.0,
      "Net Interest Income": 10624000000.0,
      "Interest Expense": 5715000000.0,
      "Interest Income": 16339000000.0,
      "Normalized Income": 6758572506.516669,
      "Net Income From Continuing And Discontinued Operation": 6458000000.0,
      "Diluted Average Shares": 2088536269.0,
      "Basic Average Shares": 2069491895.0,
      "Diluted EPS": 3.056,
      "Basic EPS": 3.085,
      "Diluted NI Availto Com Stockholders": 6384000000.0,
      "Net Income Common Stockholders": 6384000000.0,
      "Otherunder Preferred Stock Dividend": 74000000.0,
      "Net Income": 6458000000.0,
      "Minority Interests": -15000000.0,
      "Net Income Including Noncontrolling Interests": 6473000000.0,
      "Net Income Discontinuous Operations": 3000000.0,
      "Net Income Continuous Operations": 6470000000.0,
      "Tax Provision": 819000000.0,
      "Pretax Income": 7289000000.0,
      "Special Income Charges": -367000000.0,
      "Other Special Charges": 24000000.0,
      "Impairment Of Capital Assets": -11000000.0,
      "Restructuring And Mergern Acquisition": 354000000.0,
      "Gain On Sale Of Security": 887000000.0,
      "Operating Expense": 11865000000.0,
      "Other Operating Expenses": 782000000.0,
      "Depreciation And Amortization In Income Statement": 1367000000.0,
      "Amortization": 550000000.0,
      "Depreciation Income Statement": 817000000.0,
      "Selling General And Administration": 2408000000.0,
      "Selling And Marketing Expense": 116000000.0,
      "General And Administrative Expense": 2292000000.0,
      "Insurance And Claims": 901000000.0,
      "Rent And Landing Fees": 161000000.0,
      "Total Revenue": 21037000000.0,
      "Operating Revenue": 21037000000.0
    },
    "2021-12-31T00:00:00": {
      "Tax Effect Of Unusual Items": -396240000.0,
      "Tax Rate For Calcs": 0.24,
      "Total Unusual Items": -1651000000.0,
      "Total Unusual Items Excluding Goodwill": -1651000000.0,
      "Net Income From Continuing Operation Net Minority Interest": 2092000000.0,
      "Reconciled Depreciation": 1490000000.0,
      "Net Interest Income": 9091000000.0,
      "Interest Expense": 3612000000.0,
      "Interest Income": 12703000000.0,
      "Normalized Income": 3346760000.0,
      "Net Income From Continuing And Discontinued Operation": 2096000000.0,
      "Diluted Average Shares": null,
      "Basic Average Shares": null,
      "Diluted EPS": null,
      "Basic EPS": null,
      "Diluted NI Availto Com Stockholders": 2066000000.0,
      "Net Income Common Stockholders": 2066000000.0,
      "Otherunder Preferred Stock Dividend": 30000000.0,
      "Net Income": 2096000000.0,
      "Minority Interests": -30000000.0,
      "Net Income Including Noncontrolling Interests": 2126000000.0,
      "Net Income Discontinuous Operations": 4000000.0,
      "Net Income Continuous Operations": 2122000000.0,
      "Tax Provision": -343000000.0,
      "Pretax Income": 1779000000.0,
      "Special Income Charges": -1665000000.0,
      "Other Special Charges": 281000000.0,
      "Impairment Of Capital Assets": 19000000.0,
      "Restructuring And Mergern Acquisition": 1365000000.0,
      "Gain On Sale Of Security": -278000000.0,
      "Operating Expense": 12108000000.0,
      "Other Operating Expenses": -161000000.0,
      "Depreciation And Amortization In Income Statement": 1560000000.0,
      "Amortization": 621000000.0,
      "Depreciation Income Statement": 939000000.0,
      "Selling General And Administration": 2558000000.0,
      "Selling And Marketing Expense": 153000000.0,
      "General And Administrative Expense": 2405000000.0,
      "Insurance And Claims": 910000000.0,
      "Rent And Landing Fees": 169000000.0,
      "Total Revenue": 18674000000.0,
      "Operating Revenue": 18674000000.0
    }
  },
  "quarterly_income": {
    "2025-12-31T00:00:00": {
      "Tax Effect Of Unusual Items": null,
      "Tax Rate For Calcs": null,
      "Total Unusual Items": null,
      "Total Unusual Items Excluding Goodwill": null,
      "Net Income From Continuing Operation Net Minority Interest": null,
      "Reconciled Depreciation": null,
      "Net Interest Income": null,
      "Interest Income": null,
      "Normalized Income": null,
      "Net Income From Continuing And Discontinued Operation": null,
      "Diluted Average Shares": 1503078777.0,
      "Basic Average Shares": 1503078777.0,
      "Diluted EPS": 1.441708,
      "Basic EPS": 1.441708,
      "Diluted NI Availto Com Stockholders": null,
      "Net Income Common Stockholders": null,
      "Net Income": null,
      "Minority Interests": null,
      "Net Income Including Noncontrolling Interests": null,
      "Net Income Discontinuous Operations": null,
      "Net Income Continuous Operations": null,
      "Tax Provision": null,
      "Pretax Income": null,
      "Special Income Charges": null,
      "Restructuring And Mergern Acquisition": null,
      "Gain On Sale Of Security": null,
      "Operating Expense": null,
      "Other Operating Expenses": null,
      "Depreciation And Amortization In Income Statement": null,
      "Depreciation Income Statement": null,
      "Selling General And Administration": null,
      "General And Administrative Expense": null,
      "Total Revenue": null,
      "Operating Revenue": null
    },
    "2025-09-30T00:00:00": {
      "Tax Effect Of Unusual Items": null,
      "Tax Rate For Calcs": null,
      "Total Unusual Items": null,
      "Total Unusual Items Excluding Goodwill": null,
      "Net Income From Continuing Operation Net Minority Interest": null,
      "Reconciled Depreciation": null,
      "Net Interest Income": null,
      "Interest Income": null,
      "Normalized Income": null,
      "Net Income From Continuing And Discontinued Operation": null,
      "Diluted Average Shares": 1539766082.0,
      "Basic Average Shares": 1539766082.0,
      "Diluted EPS": 1.71,
      "Basic EPS": 1.71,
      "Diluted NI Availto Com Stockholders": null,
      "Net Income Common Stockholders": null,
      "Net Income": null,
      "Minority Interests": null,
      "Net Income Including Noncontrolling Interests": null,
      "Net Income Discontinuous Operations": null,
      "Net Income Continuous Operations": null,
      "Tax Provision": null,
      "Pretax Income": null,
      "Special Income Charges": null,
      "Restructuring And Mergern Acquisition": null,
      "Gain On Sale Of Security": null,
      "Operating Expense": null,
      "Other Operating Expenses": null,
      "Depreciation And Amortization In Income Statement": null,
      "Depreciation Income Statement": null,
      "Selling General And Administration": null,
      "General And Administrative Expense": null,
      "Total Revenue": null,
      "Operating Revenue": null
    },
    "2025-06-30T00:00:00": {
      "Tax Effect Of Unusual Items": -8702539.017004,
      "Tax Rate For Calcs": 0.217563,
      "Total Unusual Items": -40000000.0,
      "Total Unusual Items Excluding Goodwill": -40000000.0,
      "Net Income From Continuing Operation Net Minority Interest": 3344000000.0,
      "Reconciled Depreciation": 254000000.0,
      "Net Interest Income": 3461000000.0,
      "Interest Income": 3461000000.0,
      "Normalized Income": 3375297460.982996,
      "Net Income From Continuing And Discontinued Operation": 3344000000.0,
      "Diluted Average Shares": 1547999536.0,
      "Basic Average Shares": 1547999536.0,
      "Diluted EPS": 2.160207,
      "Basic EPS": 2.160207,
      "Diluted NI Availto Com Stockholders": 3344000000.0,
      "Net Income Common Stockholders": 3344000000.0,
      "Net Income": 3344000000.0,
      "Minority Interests": -15000000.0,
      "Net Income Including Noncontrolling Interests": 3359000000.0,
      "Net Income Discontinuous Operations": 0.0,
      "Net Income Continuous Operations": 3359000000.0,
      "Tax Provision": 934000000.0,
      "Pretax Income": 4293000000.0,
      "Special Income Charges": -40000000.0,
      "Restructuring And Mergern Acquisition": 40000000.0,
      "Gain On Sale Of Security": 865000000.0,
      "Operating Expense": 2549000000.0,
      "Other Operating Expenses": 866000000.0,
      "Depreciation And Amortization In Income Statement": 254000000.0,
      "Depreciation Income Statement": 254000000.0,
      "Selling General And Administration": null,
      "General And Administrative Expense": null,
      "Total Revenue": 6993000000.0,
      "Operating Revenue": 6993000000.0
    },
    "2025-03-31T00:00:00": {
      "Tax Effect Of Unusual Items": -8610000.0,
      "Tax Rate For Calcs": 0.287,
      "Total Unusual Items": -30000000.0,
      "Total Unusual Items Excluding Goodwill": -30000000.0,
      "Net Income From Continuing Operation Net Minority Interest": 2771000000.0,
      "Reconciled Depreciation": 259000000.0,
      "Net Interest Income": 3473000000.0,
      "Interest Income": 3473000000.0,
      "Normalized Income": 2792390000.0,
      "Net Income From Continuing And Discontinued Operation": 2771000000.0,
      "Diluted Average Shares": 1548044693.0,
      "Basic Average Shares": 1548044693.0,
      "Diluted EPS": 1.79,
      "Basic EPS": 1.79,
      "Diluted NI Availto Com Stockholders": 2771000000.0,
      "Net Income Common Stockholders": 2771000000.0,
      "Net Income": 2771000000.0,
      "Minority Interests": -19000000.0,
      "Net Income Including Noncontrolling Interests": 2790000000.0,
      "Net Income Discontinuous Operations": 0.0,
      "Net Income Continuous Operations": 2789000000.0,
      "Tax Provision": 1124000000.0,
      "Pretax Income": 3913000000.0,
      "Special Income Charges": -30000000.0,
      "Restructuring And Mergern Acquisition": 30000000.0,
      "Gain On Sale Of Security": null,
      "Operating Expense": 2524000000.0,
      "Other Operating Expenses": 829000000.0,
      "Depreciation And Amortization In Income Statement": 259000000.0,
      "Depreciation Income Statement": 259000000.0,
      "Selling General And Administration": null,
      "General And Administrative Expense": null,
      "Total Revenue": 6550000000.0,
      "Operating Revenue": 6550000000.0
    },
    "2024-12-31T00:00:00": {
      "Tax Effect Of Unusual Items": -2622388.059701,
      "Tax Rate For Calcs": 0.003483,
      "Total Unusual Items": -753000000.0,
      "Total Unusual Items Excluding Goodwill": -753000000.0,
      "Net Income From Continuing Operation Net Minority Interest": 1969000000.0,
      "Reconciled Depreciation": 272000000.0,
      "Net Interest Income": 3652000000.0,
      "Interest Income": 3652000000.0,
      "Normalized Income": 2719377611.940299,
      "Net Income From Continuing And Discontinued Operation": 1969000000.0,
      "Diluted Average Shares": 1911650485.0,
      "Basic Average Shares": 1911650485.0,
      "Diluted EPS": 1.03,
      "Basic EPS": 1.03,
      "Diluted NI Availto Com Stockholders": 1969000000.0,
      "Net Income Common Stockholders": 1969000000.0,
      "Net Income": 1969000000.0,
      "Minority Interests": -34000000.0,
      "Net Income Including Noncontrolling Interests": 2003000000.0,
      "Net Income Discontinuous Operations": 0.0,
      "Net Income Continuous Operations": 2003000000.0,
      "Tax Provision": 7000000.0,
      "Pretax Income": 2010000000.0,
      "Special Income Charges": -753000000.0,
      "Restructuring And Mergern Acquisition": 753000000.0,
      "Gain On Sale Of Security": 13000000.0,
      "Operating Expense": 2895000000.0,
      "Other Operating Expenses": 1051000000.0,
      "Depreciation And Amortization In Income Statement": 272000000.0,
      "Depreciation Income Statement": 272000000.0,
      "Selling General And Administration": null,
      "General And Administrative Expense": null,
      "Total Revenue": 6016000000.0,
      "Operating Revenue": 6016000000.0
    },
    "2024-09-30T00:00:00": {
      "Tax Effect Of Unusual Items": -9679818.336645,
      "Tax Rate For Calcs": 0.284701,
      "Total Unusual Items": -34000000.0,
      "Total Unusual Items Excluding Goodwill": -34000000.0,
      "Net Income From Continuing Operation Net Minority Interest": 2513000000.0,
      "Reconciled Depreciation": 261000000.0,
      "Net Interest Income": 3561000000.0,
      "Interest Income": 3561000000.0,
      "Normalized Income": 2537320181.663355,
      "Net Income From Continuing And Discontinued Operation": 2513000000.0,
      "Diluted Average Shares": null,
      "Basic Average Shares": null,
      "Diluted EPS": null,
      "Basic EPS": null,
      "Diluted NI Availto Com Stockholders": 2513000000.0,
      "Net Income Common Stockholders": 2513000000.0,
      "Net Income": 2513000000.0,
      "Minority Interests": -7000000.0,
      "Net Income Including Noncontrolling Interests": 2520000000.0,
      "Net Income Discontinuous Operations": 0.0,
      "Net Income Continuous Operations": 2520000000.0,
      "Tax Provision": 1003000000.0,
      "Pretax Income": 3523000000.0,
      "Special Income Charges": -34000000.0,
      "Restructuring And Mergern Acquisition": 34000000.0,
      "Gain On Sale Of Security": -19000000.0,
      "Operating Expense": 2408000000.0,
      "Other Operating Expenses": 720000000.0,
      "Depreciation And Amortization In Income Statement": 261000000.0,
      "Depreciation Income Statement": 261000000.0,
      "Selling General And Administration": null,
      "General And Administrative Expense": null,
      "Total Revenue": 6130000000.0,
      "Operating Revenue": 6130000000.0
    },
    "2024-06-30T00:00:00": {
      "Tax Effect Of Unusual Items": -9792113.733906,
      "Tax Rate For Calcs": 0.279775,
      "Total Unusual Items": -35000000.0,
      "Total Unusual Items Excluding Goodwill": -35000000.0,
      "Net Income From Continuing Operation Net Minority Interest": 2679000000.0,
      "Reconciled Depreciation": 260000000.0,
      "Net Interest Income": 3562000000.0,
      "Interest Income": 3562000000.0,
      "Normalized Income": 2704207886.266094,
      "Net Income From Continuing And Discontinued Operation": 2679000000.0,
      "Diluted Average Shares": null,
      "Basic Average Shares": null,
      "Diluted EPS": null,
      "Basic EPS": null,
      "Diluted NI Availto Com Stockholders": 2679000000.0,
      "Net Income Common Stockholders": 2679000000.0,
      "Net Income": 2679000000.0,
      "Minority Interests": -7000000.0,
      "Net Income Including Noncontrolling Interests": 2685000000.0,
      "Net Income Discontinuous Operations": 0.0,
      "Net Income Continuous Operations": 2685000000.0,
      "Tax Provision": 1043000000.0,
      "Pretax Income": 3728000000.0,
      "Special Income Charges": -35000000.0,
      "Restructuring And Mergern Acquisition": 35000000.0,
      "Gain On Sale Of Security": -24000000.0,
      "Operating Expense": 2529000000.0,
      "Other Operating Expenses": 845000000.0,
      "Depreciation And Amortization In Income Statement": 260000000.0,
      "Depreciation Income Statement": 260000000.0,
      "Selling General And Administration": 649000000.0,
      "General And Administrative Expense": 649000000.0,
      "Total Revenue": 6308000000.0,
      "Operating Revenue": 6308000000.0
    }
  },
  "balance_sheet": {
    "2024-12-31T00:00:00": {
      "Treasury Shares Number": 9675640.0,
      "Ordinary Shares Number": 1541744210.0,
      "Share Issued": 1551419850.0,
      "Net Debt": 66925000000.0,
      "Total Debt": 122724000000.0,
      "Tangible Book Value": 60212000000.0,
      "Invested Capital": 183683000000.0,
      "Net Tangible Assets": 60212000000.0,
      "Common Stock Equity": 62441000000.0,
      "Total Capitalization": 183683000000.0,
      "Total Equity Gross Minority Interest": 62841000000.0,
      "Minority Interest": 400000000.0,
      "Stockholders Equity": 62441000000.0,
      "Other Equity Interest": 4958000000.0,
      "Treasury Stock": 0.0,
      "Retained Earnings": 9719000000.0,
      "Additional Paid In Capital": 23000000.0,
      "Capital Stock": 21368000000.0,
      "Common Stock": 21368000000.0,
      "Total Liabilities Net Minority Interest": 721163000000.0,
      "Derivative Product Liabilities": 17032000000.0,
      "Long Term Debt And Capital Lease Obligation": 122724000000.0,
      "Payables": 11505000000.0,
      "Other Payable": 7202000000.0,
      "Total Tax Payable": 3157000000.0,
      "Accounts Payable": 1146000000.0,
      "Total Assets": 784004000000.0,
      "Investments And Advances": 228788000000.0,
      "Investmentin Financial Assets": 224395000000.0,
      "Available For Sale Securities": 173652000000.0,
      "Financial Assets Designatedas Fair Value Through Profitor Loss Total": 4960000000.0,
      "Trading Securities": 16615000000.0,
      "Long Term Equity Investment": 4393000000.0,
      "Investment Properties": 1363000000.0,
      "Goodwill And Other Intangible Assets": 2229000000.0,
      "Other Intangible Assets": 2191000000.0,
      "Goodwill": 38000000.0,
      "Net PPE": 7431000000.0,
      "Gross PPE": 7431000000.0,
      "Other Properties": 1419000000.0,
      "Machinery Furniture Equipment": 127000000.0,
      "Buildings And Improvements": 3867000000.0,
      "Land And Improvements": 2018000000.0,
      "Receivables": 5339000000.0,
      "Taxes Receivable": 8731000000.0,
      "Cash And Cash Equivalents": 54317000000.0,
      "Cash Equivalents": 0.0,
      "Cash Financial": 3853000000.0,
      "Cash Cash Equivalents And Federal Funds Sold": 98552000000.0
    },
    "2023-12-31T00:00:00": {
      "Treasury Shares Number": 72239501.0,
      "Ordinary Shares Number": 1712423579.0,
      "Share Issued": 1784663080.0,
      "Net Debt": 48477000000.0,
      "Total Debt": 122522000000.0,
      "Tangible Book Value": 61807000000.0,
      "Invested Capital": 184897000000.0,
      "Net Tangible Assets": 61807000000.0,
      "Common Stock Equity": 64079000000.0,
      "Total Capitalization": 184897000000.0,
      "Total Equity Gross Minority Interest": 64243000000.0,
      "Minority Interest": 164000000.0,
      "Stockholders Equity": 64079000000.0,
      "Other Equity Interest": 4863000000.0,
      "Treasury Stock": 1727000000.0,
      "Retained Earnings": 9507000000.0,
      "Additional Paid In Capital": 23000000.0,
      "Capital Stock": 21278000000.0,
      "Common Stock": 21278000000.0,
      "Total Liabilities Net Minority Interest": 720731000000.0,
      "Derivative Product Liabilities": 17117000000.0,
      "Long Term Debt And Capital Lease Obligation": 122522000000.0,
      "Payables": 10635000000.0,
      "Other Payable": 6913000000.0,
      "Total Tax Payable": 2504000000.0,
      "Accounts Payable": 1218000000.0,
      "Total Assets": 784974000000.0,
      "Investments And Advances": 211789000000.0,
      "Investmentin Financial Assets": 207764000000.0,
      "Available For Sale Securities": 152847000000.0,
      "Financial Assets Designatedas Fair Value Through Profitor Loss Total": 5993000000.0,
      "Trading Securities": 20953000000.0,
      "Long Term Equity Investment": 4025000000.0,
      "Investment Properties": 864000000.0,
      "Goodwill And Other Intangible Assets": 2272000000.0,
      "Other Intangible Assets": 2272000000.0,
      "Goodwill": 0.0,
      "Net PPE": 7764000000.0,
      "Gross PPE": 7764000000.0,
      "Other Properties": 1372000000.0,
      "Machinery Furniture Equipment": 136000000.0,
      "Buildings And Improvements": 4208000000.0,
      "Land And Improvements": 2048000000.0,
      "Receivables": 1296000000.0,
      "Taxes Receivable": 7813000000.0,
      "Cash And Cash Equivalents": 72341000000.0,
      "Cash Equivalents": 0.0,
      "Cash Financial": 3477000000.0,
      "Cash Cash Equivalents And Federal Funds Sold": 115369000000.0
    },
    "2022-12-31T00:00:00": {
      "Treasury Shares Number": null,
      "Ordinary Shares Number": 1935269741.0,
      "Share Issued": 1935269741.0,
      "Net Debt": null,
      "Total Debt": 115462000000.0,
      "Tangible Book Value": 60985000000.0,
      "Invested Capital": 176953000000.0,
      "Net Tangible Assets": 60985000000.0,
      "Common Stock Equity": 63339000000.0,
      "Total Capitalization": 176953000000.0,
      "Total Equity Gross Minority Interest": 63497000000.0,
      "Minority Interest": 158000000.0,
      "Stockholders Equity": 63339000000.0,
      "Other Equity Interest": 6100000000.0,
      "Treasury Stock": 0.0,
      "Retained Earnings": 6458000000.0,
      "Additional Paid In Capital": 2516000000.0,
      "Capital Stock": 21220000000.0,
      "Common Stock": 21220000000.0,
      "Total Liabilities Net Minority Interest": 794276000000.0,
      "Derivative Product Liabilities": 22240000000.0,
      "Long Term Debt And Capital Lease Obligation": 115462000000.0,
      "Payables": 12373000000.0,
      "Other Payable": 8787000000.0,
      "Total Tax Payable": 2102000000.0,
      "Accounts Payable": 1484000000.0,
      "Total Assets": 857773000000.0,
      "Investments And Advances": 202079000000.0,
      "Investmentin Financial Assets": 198536000000.0,
      "Available For Sale Securities": 137990000000.0,
      "Financial Assets Designatedas Fair Value Through Profitor Loss Total": 6753000000.0,
      "Trading Securities": 17874000000.0,
      "Long Term Equity Investment": 3543000000.0,
      "Investment Properties": 901000000.0,
      "Goodwill And Other Intangible Assets": 2354000000.0,
      "Other Intangible Assets": 2354000000.0,
      "Goodwill": 0.0,
      "Net PPE": 8591000000.0,
      "Gross PPE": 8591000000.0,
      "Other Properties": 1476000000.0,
      "Machinery Furniture Equipment": 144000000.0,
      "Buildings And Improvements": 4781000000.0,
      "Land And Improvements": 2190000000.0,
      "Receivables": 1204000000.0,
      "Taxes Receivable": 4804000000.0,
      "Cash And Cash Equivalents": 134240000000.0,
      "Cash Equivalents": 0.0,
      "Cash Financial": 3671000000.0,
      "Cash Cash Equivalents And Federal Funds Sold": 173749000000.0
    },
    "2021-12-31T00:00:00": {
      "Treasury Shares Number": 15048642.0,
      "Ordinary Shares Number": 2211080878.0,
      "Share Issued": 2226129520.0,
      "Net Debt": null,
      "Total Debt": 125915000000.0,
      "Tangible Book Value": 59951000000.0,
      "Invested Capital": 186038000000.0,
      "Net Tangible Assets": 59951000000.0,
      "Common Stock Equity": 62185000000.0,
      "Total Capitalization": 186038000000.0,
      "Total Equity Gross Minority Interest": 62650000000.0,
      "Minority Interest": 465000000.0,
      "Stockholders Equity": 62185000000.0,
      "Other Equity Interest": 6595000000.0,
      "Treasury Stock": 200000000.0,
      "Retained Earnings": 2096000000.0,
      "Additional Paid In Capital": 5446000000.0,
      "Capital Stock": 21133000000.0,
      "Common Stock": 21133000000.0,
      "Total Liabilities Net Minority Interest": 854577000000.0,
      "Derivative Product Liabilities": 42376000000.0,
      "Long Term Debt And Capital Lease Obligation": 125915000000.0,
      "Payables": 9379000000.0,
      "Other Payable": 5738000000.0,
      "Total Tax Payable": 2286000000.0,
      "Accounts Payable": 1355000000.0,
      "Total Assets": 917227000000.0,
      "Investments And Advances": 227207000000.0,
      "Investmentin Financial Assets": 223134000000.0,
      "Available For Sale Securities": 143571000000.0,
      "Financial Assets Designatedas Fair Value Through Profitor Loss Total": 10220000000.0,
      "Trading Securities": 23854000000.0,
      "Long Term Equity Investment": 4073000000.0,
      "Investment Properties": 986000000.0,
      "Goodwill And Other Intangible Assets": 2234000000.0,
      "Other Intangible Assets": 2234000000.0,
      "Goodwill": 0.0,
      "Net PPE": 8524000000.0,
      "Gross PPE": 8524000000.0,
      "Other Properties": 1210000000.0,
      "Machinery Furniture Equipment": 147000000.0,
      "Buildings And Improvements": 5033000000.0,
      "Land And Improvements": 2134000000.0,
      "Receivables": 788000000.0,
      "Taxes Receivable": 4005000000.0,
      "Cash And Cash Equivalents": 162502000000.0,
      "Cash Equivalents": 0.0,
      "Cash Financial": 8950000000.0,
      "Cash Cash Equivalents And Federal Funds Sold": 196962000000.0
    }
  },
  "cashflow": {
    "2024-12-31T00:00:00": {
      "Free Cash Flow": -8816000000.0,
      "Capital Expenditure": -1740000000.0,
      "End Cash Position": 41442000000.0,
      "Beginning Cash Position": 61000000000.0,
      "Effect Of Exchange Rate Changes": -427000000.0,
      "Changes In Cash": -19131000000.0,
      "Financing Cash Flow": -10990000000.0,
      "Net Other Financing Charges": null,
      "Cash Dividends Paid": -4950000000.0,
      "Common Stock Dividend Paid": -4950000000.0,
      "Net Common Stock Issuance": -6040000000.0,
      "Investing Cash Flow": -1065000000.0,
      "Dividends Received Cfi": 167000000.0,
      "Net Business Purchase And Sale": 224000000.0,
      "Sale Of Business": 226000000.0,
      "Purchase Of Business": -2000000.0,
      "Net Intangibles Purchase And Sale": -488000000.0,
      "Sale Of Intangibles": 2000000.0,
      "Purchase Of Intangibles": -490000000.0,
      "Net PPE Purchase And Sale": -968000000.0,
      "Sale Of PPE": 282000000.0,
      "Purchase Of PPE": -1250000000.0,
      "Operating Cash Flow": -7076000000.0,
      "Change In Working Capital": -28174000000.0,
      "Change In Other Current Liabilities": null,
      "Change In Other Current Assets": 0.0,
      "Other Non Cash Items": 1660000000.0,
      "Provisionand Write Offof Assets": 2757000000.0,
      "Deferred Tax": 2633000000.0,
      "Depreciation And Amortization": 1306000000.0,
      "Depreciation": 1306000000.0,
      "Gain Loss On Investment Securities": 2968000000.0,
      "Net Income From Continuing Operations": 9774000000.0
    },
    "2023-12-31T00:00:00": {
      "Free Cash Flow": -42280000000.0,
      "Capital Expenditure": -1152000000.0,
      "End Cash Position": 61000000000.0,
      "Beginning Cash Position": 111776000000.0,
      "Effect Of Exchange Rate Changes": -408000000.0,
      "Changes In Cash": -50368000000.0,
      "Financing Cash Flow": -8453000000.0,
      "Net Other Financing Charges": null,
      "Cash Dividends Paid": -2440000000.0,
      "Common Stock Dividend Paid": -2440000000.0,
      "Net Common Stock Issuance": -6013000000.0,
      "Investing Cash Flow": -787000000.0,
      "Dividends Received Cfi": 106000000.0,
      "Net Business Purchase And Sale": -15000000.0,
      "Sale Of Business": 92000000.0,
      "Purchase Of Business": -107000000.0,
      "Net Intangibles Purchase And Sale": -561000000.0,
      "Sale Of Intangibles": 2000000.0,
      "Purchase Of Intangibles": -563000000.0,
      "Net PPE Purchase And Sale": -317000000.0,
      "Sale Of PPE": 272000000.0,
      "Purchase Of PPE": -589000000.0,
      "Operating Cash Flow": -41128000000.0,
      "Change In Working Capital": -59297000000.0,
      "Change In Other Current Liabilities": null,
      "Change In Other Current Assets": 0.0,
      "Other Non Cash Items": 1764000000.0,
      "Provisionand Write Offof Assets": 2744000000.0,
      "Deferred Tax": 1595000000.0,
      "Depreciation And Amortization": 1625000000.0,
      "Depreciation": 1625000000.0,
      "Gain Loss On Investment Securities": 907000000.0,
      "Net Income From Continuing Operations": 9534000000.0
    },
    "2022-12-31T00:00:00": {
      "Free Cash Flow": 9094000000.0,
      "Capital Expenditure": -1170000000.0,
      "End Cash Position": 111776000000.0,
      "Beginning Cash Position": 107407000000.0,
      "Effect Of Exchange Rate Changes": -107000000.0,
      "Changes In Cash": 4476000000.0,
      "Financing Cash Flow": -5551000000.0,
      "Net Other Financing Charges": -306000000.0,
      "Cash Dividends Paid": -1702000000.0,
      "Common Stock Dividend Paid": -1702000000.0,
      "Net Common Stock Issuance": -3543000000.0,
      "Investing Cash Flow": -237000000.0,
      "Dividends Received Cfi": 136000000.0,
      "Net Business Purchase And Sale": 404000000.0,
      "Sale Of Business": 528000000.0,
      "Purchase Of Business": -124000000.0,
      "Net Intangibles Purchase And Sale": -653000000.0,
      "Sale Of Intangibles": 0.0,
      "Purchase Of Intangibles": -653000000.0,
      "Net PPE Purchase And Sale": -124000000.0,
      "Sale Of PPE": 393000000.0,
      "Purchase Of PPE": -517000000.0,
      "Operating Cash Flow": 10264000000.0,
      "Change In Working Capital": 1484000000.0,
      "Change In Other Current Liabilities": -1966000000.0,
      "Change In Other Current Assets": -17799000000.0,
      "Other Non Cash Items": 1166000000.0,
      "Provisionand Write Offof Assets": 4140000000.0,
      "Deferred Tax": 587000000.0,
      "Depreciation And Amortization": 1303000000.0,
      "Depreciation": 1303000000.0,
      "Gain Loss On Investment Securities": -4889000000.0,
      "Net Income From Continuing Operations": 6473000000.0
    },
    "2021-12-31T00:00:00": {
      "Free Cash Flow": -8758000000.0,
      "Capital Expenditure": -1237000000.0,
      "End Cash Position": 107407000000.0,
      "Beginning Cash Position": 117003000000.0,
      "Effect Of Exchange Rate Changes": 32000000.0,
      "Changes In Cash": -9628000000.0,
      "Financing Cash Flow": -1408000000.0,
      "Net Other Financing Charges": null,
      "Cash Dividends Paid": -774000000.0,
      "Common Stock Dividend Paid": -774000000.0,
      "Net Common Stock Issuance": -634000000.0,
      "Investing Cash Flow": -699000000.0,
      "Dividends Received Cfi": 150000000.0,
      "Net Business Purchase And Sale": -4000000.0,
      "Sale Of Business": 96000000.0,
      "Purchase Of Business": -100000000.0,
      "Net Intangibles Purchase And Sale": -715000000.0,
      "Sale Of Intangibles": 0.0,
      "Purchase Of Intangibles": -715000000.0,
      "Net PPE Purchase And Sale": -130000000.0,
      "Sale Of PPE": 392000000.0,
      "Purchase Of PPE": -522000000.0,
      "Operating Cash Flow": -7521000000.0,
      "Change In Working Capital": -14942000000.0,
      "Change In Other Current Liabilities": 305000000.0,
      "Change In Other Current Assets": -5744000000.0,
      "Other Non Cash Items": 1921000000.0,
      "Provisionand Write Offof Assets": 5191000000.0,
      "Deferred Tax": -440000000.0,
      "Depreciation And Amortization": 1490000000.0,
      "Depreciation": 1490000000.0,
      "Gain Loss On Investment Securities": -2867000000.0,
      "Net Income From Continuing Operations": 2126000000.0
    }
  },
  "earnings_estimate": {
    "avg": {
      "0q": 1.8239,
      "+1q": 1.85516,
      "0y": 7.2481,
      "+1y": 8.16525
    },
    "low": {
      "0q": 1.8239,
      "+1q": 1.85516,
      "0y": 6.90038,
      "+1y": 7.80774
    },
    "high": {
      "0q": 1.8239,
      "+1q": 1.85516,
      "0y": 7.78,
      "+1y": 8.61
    },
    "yearAgoEps": {
      "0q": 1.745,
      "+1q": 2.0276,
      "0y": 6.5086,
      "+1y": 7.2481
    },
    "numberOfAnalysts": {
      "0q": 1,
      "+1q": 1,
      "0y": 15,
      "+1y": 14
    },
    "growth": {
      "0q": 0.0452,
      "+1q": -0.085,
      "0y": 0.11359999,
      "+1y": 0.1265
    }
  },
  "revenue_estimate": {
    "avg": {
      "0q": 0,
      "+1q": 0,
      "0y": 25857324130,
      "+1y": 27044678370
    },
    "low": {
      "0q": 0,
      "+1q": 0,
      "0y": 24274000000,
      "+1y": 25399000000
    },
    "high": {
      "0q": 0,
      "+1q": 0,
      "0y": 26376356180,
      "+1y": 27594036100
    },
    "numberOfAnalysts": {
      "0q": 0,
      "+1q": 0,
      "0y": 15,
      "+1y": 14
    },
    "yearAgoRevenue": {
      "0q": null,
      "+1q": null,
      "0y": 24536000000.0,
      "+1y": 25857324130.0
    },
    "growth": {
      "0q": null,
      "+1q": null,
      "0y": 0.0539,
      "+1y": 0.045900002
    }
  },
  "growth_estimates": {
    "stockTrend": {
      "0q": 0.0452,
      "+1q": -0.085,
      "0y": 0.11359999,
      "+1y": 0.1265,
      "LTG": null
    },
    "indexTrend": {
      "0q": 0.1273,
      "+1q": 0.103599995,
      "0y": 0.14310001,
      "+1y": 0.1557,
      "LTG": 0.122
    }
  },
  "revenue_forecasts": null,
  "dividend_rate": 3.15,
  "trailing_dividend_rate": 3.149
}