{
  "ticker": "V",
  "name": "Visa",
  "country": "usa",
  "currency": "USD",
  "last_fetched": "2026-02-26T20:45:12.621237",
  "market_cap": 610128166912,
  "revenue": 41391001600,
  "net_income": 20592001024,
  "pe_ratio": 29.74154,
  "forward_pe": 21.775497,
  "dividend_yield": 0.86,
  "profit_margin": 0.50233,
  "roe": 0.53954,
  "debt_to_equity": 54.612,
  "beta": 0.78,
  "ev_to_ebitda": 20.767,
  "sector": "Financial Services",
  "industry": "Credit Services",
  "summary": "Visa Inc. operates as a payment technology company in the United States and internationally. The company operates VisaNet, a transaction processing network that enables authorization, clearing, and settlement of payment transactions. It also offers credit, debit, and prepaid card products; tap to pay, tokenization, and click to pay services; Visa Direct, a platform which facilitates money movement, enabling clients to collect, hold, convert, and send funds across its network; and issuing solutions, such as airport lounge access, dining reservations, shopping experiences, event tickets, and seller offers. In addition, the company provides acceptance solutions, an omnichannel payment integration with e-commerce platforms; risk detection and prevention solutions; and advisory and other services comprising consulting practice, proprietary analytics models, data scientists and economists, marketing services, and managed services. It provides its services under the Visa, Visa Electron, V PAY, Interlink, and PLUS brands. The company serves consumers, sellers, financial institutions, and government entities. Visa Inc. was founded in 1958 and is headquartered in San Francisco, California.",
  "website": "https://www.visa.com",
  "employees": null,
  "target_high": 450.0,
  "target_low": 323.0,
  "target_mean": 400.81107,
  "target_median": 400.6,
  "recommendation": "strong_buy",
  "num_analysts": 37,
  "income_stmt": {
    "2025-09-30T00:00:00": {
      "Tax Effect Of Unusual Items": -303096966.189964,
      "Tax Rate For Calcs": 0.170951,
      "Normalized EBITDA": 27776000000.0,
      "Total Unusual Items": -1773000000.0,
      "Total Unusual Items Excluding Goodwill": -1773000000.0,
      "Net Income From Continuing Operation Net Minority Interest": 20058000000.0,
      "Reconciled Depreciation": 1220000000.0,
      "Reconciled Cost Of Revenue": 7855000000.0,
      "EBITDA": 26003000000.0,
      "EBIT": 24783000000.0,
      "Net Interest Income": -589000000.0,
      "Interest Expense": 589000000.0,
      "Normalized Income": 21527903033.810036,
      "Net Income From Continuing And Discontinued Operation": 20058000000.0,
      "Total Expenses": 13444000000.0,
      "Total Operating Income As Reported": 23994000000.0,
      "Diluted Average Shares": 2196000000.0,
      "Basic Average Shares": 1944000000.0,
      "Diluted EPS": 10.2,
      "Basic EPS": 10.22,
      "Diluted NI Availto Com Stockholders": 19853000000.0,
      "Net Income Common Stockholders": 19853000000.0,
      "Otherunder Preferred Stock Dividend": 205000000.0,
      "Net Income": 20058000000.0,
      "Net Income Including Noncontrolling Interests": 20058000000.0,
      "Net Income Continuous Operations": 20058000000.0,
      "Tax Provision": 4136000000.0,
      "Pretax Income": 24194000000.0,
      "Other Income Expense": -1773000000.0,
      "Special Income Charges": -2562000000.0,
      "Other Special Charges": 2562000000.0,
      "Gain On Sale Of Security": 789000000.0,
      "Net Non Operating Interest Income Expense": -589000000.0,
      "Interest Expense Non Operating": 589000000.0,
      "Operating Income": 26556000000.0,
      "Operating Expense": 5589000000.0,
      "Depreciation Amortization Depletion Income Statement": 1220000000.0,
      "Depreciation And Amortization In Income Statement": 1220000000.0,
      "Selling General And Administration": 4369000000.0,
      "Selling And Marketing Expense": 1684000000.0,
      "General And Administrative Expense": 2685000000.0,
      "Other Gand A": 2685000000.0,
      "Gross Profit": 32145000000.0,
      "Cost Of Revenue": 7855000000.0,
      "Total Revenue": 40000000000.0,
      "Operating Revenue": 51698000000.0
    },
    "2024-09-30T00:00:00": {
      "Tax Effect Of Unusual Items": 87242849.974912,
      "Tax Rate For Calcs": 0.174486,
      "Normalized EBITDA": 25091000000.0,
      "Total Unusual Items": 500000000.0,
      "Total Unusual Items Excluding Goodwill": 500000000.0,
      "Net Income From Continuing Operation Net Minority Interest": 19743000000.0,
      "Reconciled Depreciation": 1034000000.0,
      "Reconciled Cost Of Revenue": 7042000000.0,
      "EBITDA": 25591000000.0,
      "EBIT": 24557000000.0,
      "Net Interest Income": -641000000.0,
      "Interest Expense": 641000000.0,
      "Normalized Income": 19330242849.97491,
      "Net Income From Continuing And Discontinued Operation": 19743000000.0,
      "Total Expenses": 11869000000.0,
      "Total Operating Income As Reported": 23595000000.0,
      "Diluted Average Shares": 2405000000.0,
      "Basic Average Shares": 1997000000.0,
      "Diluted EPS": 9.73,
      "Basic EPS": 9.74,
      "Diluted NI Availto Com Stockholders": 19457000000.0,
      "Net Income Common Stockholders": 19457000000.0,
      "Otherunder Preferred Stock Dividend": 286000000.0,
      "Net Income": 19743000000.0,
      "Net Income Including Noncontrolling Interests": 19743000000.0,
      "Net Income Continuous Operations": 19743000000.0,
      "Tax Provision": 4173000000.0,
      "Pretax Income": 23916000000.0,
      "Other Income Expense": 500000000.0,
      "Special Income Charges": -462000000.0,
      "Other Special Charges": 462000000.0,
      "Gain On Sale Of Security": 962000000.0,
      "Net Non Operating Interest Income Expense": -641000000.0,
      "Interest Expense Non Operating": 641000000.0,
      "Operating Income": 24057000000.0,
      "Operating Expense": 4827000000.0,
      "Depreciation Amortization Depletion Income Statement": 1034000000.0,
      "Depreciation And Amortization In Income Statement": 1034000000.0,
      "Selling General And Administration": 3793000000.0,
      "Selling And Marketing Expense": 1560000000.0,
      "General And Administrative Expense": 2233000000.0,
      "Other Gand A": 2233000000.0,
      "Gross Profit": 28884000000.0,
      "Cost Of Revenue": 7042000000.0,
      "Total Revenue": 35926000000.0,
      "Operating Revenue": 46493000000.0
    },
    "2023-09-30T00:00:00": {
      "Tax Effect Of Unusual Items": -44034000.0,
      "Tax Rate For Calcs": 0.179,
      "Normalized EBITDA": 22870000000.0,
      "Total Unusual Items": -246000000.0,
      "Total Unusual Items Excluding Goodwill": -246000000.0,
      "Net Income From Continuing Operation Net Minority Interest": 17273000000.0,
      "Reconciled Depreciation": 943000000.0,
      "Reconciled Cost Of Revenue": 6567000000.0,
      "EBITDA": 22624000000.0,
      "EBIT": 21681000000.0,
      "Net Interest Income": -644000000.0,
      "Interest Expense": 644000000.0,
      "Normalized Income": 17474966000.0,
      "Net Income From Continuing And Discontinued Operation": 17273000000.0,
      "Total Expenses": 10726000000.0,
      "Total Operating Income As Reported": 21000000000.0,
      "Diluted Average Shares": 2507000000.0,
      "Basic Average Shares": 2040000000.0,
      "Diluted EPS": 8.28,
      "Basic EPS": 8.29,
      "Diluted NI Availto Com Stockholders": 16989000000.0,
      "Net Income Common Stockholders": 16989000000.0,
      "Otherunder Preferred Stock Dividend": 284000000.0,
      "Net Income": 17273000000.0,
      "Net Income Including Noncontrolling Interests": 17273000000.0,
      "Net Income Continuous Operations": 17273000000.0,
      "Tax Provision": 3764000000.0,
      "Pretax Income": 21037000000.0,
      "Other Income Expense": -246000000.0,
      "Special Income Charges": -927000000.0,
      "Other Special Charges": 927000000.0,
      "Gain On Sale Of Security": 681000000.0,
      "Net Non Operating Interest Income Expense": -644000000.0,
      "Interest Expense Non Operating": 644000000.0,
      "Operating Income": 21927000000.0,
      "Operating Expense": 4159000000.0,
      "Depreciation Amortization Depletion Income Statement": 943000000.0,
      "Depreciation And Amortization In Income Statement": 943000000.0,
      "Selling General And Administration": 3216000000.0,
      "Selling And Marketing Expense": 1341000000.0,
      "General And Administrative Expense": 1875000000.0,
      "Other Gand A": 1875000000.0,
      "Gross Profit": 26086000000.0,
      "Cost Of Revenue": 6567000000.0,
      "Total Revenue": 32653000000.0,
      "Operating Revenue": 42471000000.0
    },
    "2022-09-30T00:00:00": {
      "Tax Effect Of Unusual Items": -176225000.0,
      "Tax Rate For Calcs": 0.175,
      "Normalized EBITDA": 20542000000.0,
      "Total Unusual Items": -1007000000.0,
      "Total Unusual Items Excluding Goodwill": -1007000000.0,
      "Net Income From Continuing Operation Net Minority Interest": 14957000000.0,
      "Reconciled Depreciation": 861000000.0,
      "Reconciled Cost Of Revenue": 5733000000.0,
      "EBITDA": 19535000000.0,
      "EBIT": 18674000000.0,
      "Net Interest Income": -538000000.0,
      "Interest Expense": 538000000.0,
      "Normalized Income": 15787775000.0,
      "Net Income From Continuing And Discontinued Operation": 14957000000.0,
      "Total Expenses": 9629000000.0,
      "Total Operating Income As Reported": 18813000000.0,
      "Diluted Average Shares": 2558000000.0,
      "Basic Average Shares": 2073000000.0,
      "Diluted EPS": 7.0,
      "Basic EPS": 7.01,
      "Diluted NI Availto Com Stockholders": 14630000000.0,
      "Net Income Common Stockholders": 14630000000.0,
      "Otherunder Preferred Stock Dividend": 327000000.0,
      "Net Income": 14957000000.0,
      "Net Income Including Noncontrolling Interests": 14957000000.0,
      "Net Income Continuous Operations": 14957000000.0,
      "Tax Provision": 3179000000.0,
      "Pretax Income": 18136000000.0,
      "Other Income Expense": -1007000000.0,
      "Special Income Charges": -868000000.0,
      "Other Special Charges": 868000000.0,
      "Gain On Sale Of Security": -139000000.0,
      "Net Non Operating Interest Income Expense": -538000000.0,
      "Interest Expense Non Operating": 538000000.0,
      "Operating Income": 19681000000.0,
      "Operating Expense": 3896000000.0,
      "Depreciation Amortization Depletion Income Statement": 861000000.0,
      "Depreciation And Amortization In Income Statement": 861000000.0,
      "Selling General And Administration": 3035000000.0,
      "Selling And Marketing Expense": 1336000000.0,
      "General And Administrative Expense": 1699000000.0,
      "Other Gand A": 1699000000.0,
      "Gross Profit": 23577000000.0,
      "Cost Of Revenue": 5733000000.0,
      "Total Revenue": 29310000000.0,
      "Operating Revenue": 37614000000.0
    }
  },
  "quarterly_income": {
    "2025-12-31T00:00:00": {
      "Tax Effect Of Unusual Items": -68250000.0,
      "Tax Rate For Calcs": 0.13,
      "Normalized EBITDA": 7771000000.0,
      "Total Unusual Items": -525000000.0,
      "Total Unusual Items Excluding Goodwill": -525000000.0,
      "Net Income From Continuing Operation Net Minority Interest": 5853000000.0,
      "Reconciled Depreciation": 326000000.0,
      "Reconciled Cost Of Revenue": 1997000000.0,
      "EBITDA": 7246000000.0,
      "EBIT": 6920000000.0,
      "Net Interest Income": -194000000.0,
      "Interest Expense": 194000000.0,
      "Normalized Income": 6309750000.0,
      "Net Income From Continuing And Discontinued Operation": 5853000000.0,
      "Total Expenses": 3456000000.0,
      "Total Operating Income As Reported": 6737000000.0,
      "Diluted Average Shares": 2159451000.0,
      "Basic Average Shares": 1913451000.0,
      "Diluted EPS": 3.03,
      "Basic EPS": 3.03,
      "Diluted NI Availto Com Stockholders": 5803000000.0,
      "Net Income Common Stockholders": 5803000000.0,
      "Otherunder Preferred Stock Dividend": 50000000.0,
      "Net Income": 5853000000.0,
      "Net Income Including Noncontrolling Interests": 5853000000.0,
      "Net Income Continuous Operations": 5853000000.0,
      "Tax Provision": 873000000.0,
      "Pretax Income": 6726000000.0,
      "Other Income Expense": -525000000.0,
      "Special Income Charges": -708000000.0,
      "Other Special Charges": 708000000.0,
      "Gain On Sale Of Security": 183000000.0,
      "Net Non Operating Interest Income Expense": -194000000.0,
      "Interest Expense Non Operating": 194000000.0,
      "Operating Income": 7445000000.0,
      "Operating Expense": 1459000000.0,
      "Depreciation Amortization Depletion Income Statement": 326000000.0,
      "Depreciation And Amortization In Income Statement": 326000000.0,
      "Selling General And Administration": 1133000000.0,
      "Selling And Marketing Expense": 410000000.0,
      "General And Administrative Expense": 723000000.0,
      "Other Gand A": 723000000.0,
      "Gross Profit": 8904000000.0,
      "Cost Of Revenue": 1997000000.0,
      "Total Revenue": 10901000000.0,
      "Operating Revenue": 13956000000.0
    },
    "2025-09-30T00:00:00": {
      "Tax Effect Of Unusual Items": -112517113.932187,
      "Tax Rate For Calcs": 0.182067,
      "Normalized EBITDA": 7367000000.0,
      "Total Unusual Items": -618000000.0,
      "Total Unusual Items Excluding Goodwill": -618000000.0,
      "Net Income From Continuing Operation Net Minority Interest": 5090000000.0,
      "Reconciled Depreciation": 316000000.0,
      "Reconciled Cost Of Revenue": 1981000000.0,
      "EBITDA": 6749000000.0,
      "EBIT": 6433000000.0,
      "Net Interest Income": -210000000.0,
      "Interest Expense": 210000000.0,
      "Normalized Income": 5595482886.067813,
      "Net Income From Continuing And Discontinued Operation": 5090000000.0,
      "Total Expenses": 3673000000.0,
      "Total Operating Income As Reported": 6148000000.0,
      "Diluted Average Shares": 2173000000.0,
      "Basic Average Shares": 1924000000.0,
      "Diluted EPS": 2.62,
      "Basic EPS": 2.62,
      "Diluted NI Availto Com Stockholders": 5041000000.0,
      "Net Income Common Stockholders": 5041000000.0,
      "Otherunder Preferred Stock Dividend": 49000000.0,
      "Net Income": 5090000000.0,
      "Net Income Including Noncontrolling Interests": 5090000000.0,
      "Net Income Continuous Operations": 5090000000.0,
      "Tax Provision": 1133000000.0,
      "Pretax Income": 6223000000.0,
      "Other Income Expense": -618000000.0,
      "Special Income Charges": -903000000.0,
      "Other Special Charges": 903000000.0,
      "Gain On Sale Of Security": 285000000.0,
      "Net Non Operating Interest Income Expense": -210000000.0,
      "Interest Expense Non Operating": 210000000.0,
      "Operating Income": 7051000000.0,
      "Operating Expense": 1692000000.0,
      "Depreciation Amortization Depletion Income Statement": 316000000.0,
      "Depreciation And Amortization In Income Statement": 316000000.0,
      "Selling General And Administration": 1376000000.0,
      "Selling And Marketing Expense": 576000000.0,
      "General And Administrative Expense": 800000000.0,
      "Other Gand A": 800000000.0,
      "Gross Profit": 8743000000.0,
      "Cost Of Revenue": 1981000000.0,
      "Total Revenue": 10724000000.0,
      "Operating Revenue": 13796000000.0
    },
    "2025-06-30T00:00:00": {
      "Tax Effect Of Unusual Items": -70364756.039792,
      "Tax Rate For Calcs": 0.167535,
      "Normalized EBITDA": 7109000000.0,
      "Total Unusual Items": -420000000.0,
      "Total Unusual Items Excluding Goodwill": -420000000.0,
      "Net Income From Continuing Operation Net Minority Interest": 5272000000.0,
      "Reconciled Depreciation": 317000000.0,
      "Reconciled Cost Of Revenue": 1973000000.0,
      "EBITDA": 6689000000.0,
      "EBIT": 6372000000.0,
      "Net Interest Income": -39000000.0,
      "Interest Expense": 39000000.0,
      "Normalized Income": 5621635243.960208,
      "Net Income From Continuing And Discontinued Operation": 5272000000.0,
      "Total Expenses": 3380000000.0,
      "Total Operating Income As Reported": 6177000000.0,
      "Diluted Average Shares": 2188000000.0,
      "Basic Average Shares": 1938000000.0,
      "Diluted EPS": 2.69,
      "Basic EPS": 2.69,
      "Diluted NI Availto Com Stockholders": 5219000000.0,
      "Net Income Common Stockholders": 5219000000.0,
      "Otherunder Preferred Stock Dividend": 53000000.0,
      "Net Income": 5272000000.0,
      "Net Income Including Noncontrolling Interests": 5272000000.0,
      "Net Income Continuous Operations": 5272000000.0,
      "Tax Provision": 1061000000.0,
      "Pretax Income": 6333000000.0,
      "Other Income Expense": -420000000.0,
      "Special Income Charges": -615000000.0,
      "Other Special Charges": 615000000.0,
      "Gain On Sale Of Security": 195000000.0,
      "Net Non Operating Interest Income Expense": -39000000.0,
      "Interest Expense Non Operating": 39000000.0,
      "Operating Income": 6792000000.0,
      "Operating Expense": 1407000000.0,
      "Depreciation Amortization Depletion Income Statement": 317000000.0,
      "Depreciation And Amortization In Income Statement": 317000000.0,
      "Selling General And Administration": 1090000000.0,
      "Selling And Marketing Expense": 421000000.0,
      "General And Administrative Expense": 669000000.0,
      "Other Gand A": 669000000.0,
      "Gross Profit": 8199000000.0,
      "Cost Of Revenue": 1973000000.0,
      "Total Revenue": 10172000000.0,
      "Operating Revenue": 13116000000.0
    },
    "2025-03-31T00:00:00": {
      "Tax Effect Of Unusual Items": -132562000.0,
      "Tax Rate For Calcs": 0.158,
      "Normalized EBITDA": 6740000000.0,
      "Total Unusual Items": -839000000.0,
      "Total Unusual Items Excluding Goodwill": -839000000.0,
      "Net Income From Continuing Operation Net Minority Interest": 4577000000.0,
      "Reconciled Depreciation": 305000000.0,
      "Reconciled Cost Of Revenue": 1881000000.0,
      "EBITDA": 5901000000.0,
      "EBIT": 5596000000.0,
      "Net Interest Income": -158000000.0,
      "Interest Expense": 158000000.0,
      "Normalized Income": 5283438000.0,
      "Net Income From Continuing And Discontinued Operation": 4577000000.0,
      "Total Expenses": 3159000000.0,
      "Total Operating Income As Reported": 5435000000.0,
      "Diluted Average Shares": 2205000000.0,
      "Basic Average Shares": 1952000000.0,
      "Diluted EPS": 2.32,
      "Basic EPS": 2.32,
      "Diluted NI Availto Com Stockholders": 4530000000.0,
      "Net Income Common Stockholders": 4530000000.0,
      "Otherunder Preferred Stock Dividend": 47000000.0,
      "Net Income": 4577000000.0,
      "Net Income Including Noncontrolling Interests": 4577000000.0,
      "Net Income Continuous Operations": 4577000000.0,
      "Tax Provision": 861000000.0,
      "Pretax Income": 5438000000.0,
      "Other Income Expense": -839000000.0,
      "Special Income Charges": -1000000000.0,
      "Other Special Charges": 1000000000.0,
      "Gain On Sale Of Security": 161000000.0,
      "Net Non Operating Interest Income Expense": -158000000.0,
      "Interest Expense Non Operating": 158000000.0,
      "Operating Income": 6435000000.0,
      "Operating Expense": 1278000000.0,
      "Depreciation Amortization Depletion Income Statement": 305000000.0,
      "Depreciation And Amortization In Income Statement": 305000000.0,
      "Selling General And Administration": 973000000.0,
      "Selling And Marketing Expense": 381000000.0,
      "General And Administrative Expense": 592000000.0,
      "Other Gand A": 592000000.0,
      "Gross Profit": 7713000000.0,
      "Cost Of Revenue": 1881000000.0,
      "Total Revenue": 9594000000.0,
      "Operating Revenue": 12391000000.0
    },
    "2024-12-31T00:00:00": {
      "Tax Effect Of Unusual Items": 18096000.0,
      "Tax Rate For Calcs": 0.174,
      "Normalized EBITDA": 6560000000.0,
      "Total Unusual Items": 104000000.0,
      "Total Unusual Items Excluding Goodwill": 104000000.0,
      "Net Income From Continuing Operation Net Minority Interest": 5119000000.0,
      "Reconciled Depreciation": 282000000.0,
      "Reconciled Cost Of Revenue": 2020000000.0,
      "EBITDA": 6664000000.0,
      "EBIT": 6382000000.0,
      "Net Interest Income": -182000000.0,
      "Interest Expense": 182000000.0,
      "Normalized Income": 5033096000.0,
      "Net Income From Continuing And Discontinued Operation": 5119000000.0,
      "Total Expenses": 3232000000.0,
      "Total Operating Income As Reported": 6234000000.0,
      "Diluted Average Shares": 2215451000.0,
      "Basic Average Shares": 1959451000.0,
      "Diluted EPS": 2.58,
      "Basic EPS": 2.58,
      "Diluted NI Availto Com Stockholders": 5064000000.0,
      "Net Income Common Stockholders": 5064000000.0,
      "Otherunder Preferred Stock Dividend": 55000000.0,
      "Net Income": 5119000000.0,
      "Net Income Including Noncontrolling Interests": 5119000000.0,
      "Net Income Continuous Operations": 5119000000.0,
      "Tax Provision": 1081000000.0,
      "Pretax Income": 6200000000.0,
      "Other Income Expense": 104000000.0,
      "Special Income Charges": -44000000.0,
      "Other Special Charges": 44000000.0,
      "Gain On Sale Of Security": 148000000.0,
      "Net Non Operating Interest Income Expense": -182000000.0,
      "Interest Expense Non Operating": 182000000.0,
      "Operating Income": 6278000000.0,
      "Operating Expense": 1212000000.0,
      "Depreciation Amortization Depletion Income Statement": 282000000.0,
      "Depreciation And Amortization In Income Statement": 282000000.0,
      "Selling General And Administration": 930000000.0,
      "Selling And Marketing Expense": 306000000.0,
      "General And Administrative Expense": 624000000.0,
      "Other Gand A": 624000000.0,
      "Gross Profit": 7490000000.0,
      "Cost Of Revenue": 2020000000.0,
      "Total Revenue": 9510000000.0,
      "Operating Revenue": 12395000000.0
    }
  },
  "balance_sheet": {
    "2025-09-30T00:00:00": {
      "Ordinary Shares Number": 1933259368.0,
      "Share Issued": 1933259368.0,
      "Net Debt": 8007000000.0,
      "Total Debt": 25171000000.0,
      "Tangible Book Value": -10361000000.0,
      "Invested Capital": 62335000000.0,
      "Working Capital": 2718000000.0,
      "Net Tangible Assets": -9616000000.0,
      "Common Stock Equity": 37164000000.0,
      "Preferred Stock Equity": 745000000.0,
      "Total Capitalization": 57511000000.0,
      "Total Equity Gross Minority Interest": 37909000000.0,
      "Stockholders Equity": 37909000000.0,
      "Other Equity Interest": -124000000.0,
      "Gains Losses Not Affecting Retained Earnings": 248000000.0,
      "Other Equity Adjustments": -307000000.0,
      "Foreign Currency Translation Adjustments": 575000000.0,
      "Minimum Pension Liabilities": -32000000.0,
      "Unrealized Gain Loss": 12000000.0,
      "Retained Earnings": 15106000000.0,
      "Additional Paid In Capital": 21934000000.0,
      "Capital Stock": 745000000.0,
      "Common Stock": 0.0,
      "Preferred Stock": 745000000.0,
      "Total Liabilities Net Minority Interest": 61718000000.0,
      "Total Non Current Liabilities Net Minority Interest": 26670000000.0,
      "Other Non Current Liabilities": 1519000000.0,
      "Non Current Deferred Liabilities": 5549000000.0,
      "Non Current Deferred Taxes Liabilities": 5549000000.0,
      "Long Term Debt And Capital Lease Obligation": 19602000000.0,
      "Long Term Debt": 19602000000.0,
      "Current Liabilities": 35048000000.0,
      "Other Current Liabilities": 13994000000.0,
      "Current Debt And Capital Lease Obligation": 5569000000.0,
      "Current Debt": 5569000000.0,
      "Other Current Borrowings": 5569000000.0,
      "Pensionand Other Post Retirement Benefit Plans Current": 1863000000.0,
      "Payables And Accrued Expenses": 13622000000.0,
      "Current Accrued Expenses": 8499000000.0,
      "Payables": 5123000000.0,
      "Other Payable": 4568000000.0,
      "Accounts Payable": 555000000.0,
      "Total Assets": 99627000000.0,
      "Total Non Current Assets": 61861000000.0,
      "Other Non Current Assets": 9101000000.0,
      "Investments And Advances": 999000000.0,
      "Investmentin Financial Assets": 999000000.0,
      "Goodwill And Other Intangible Assets": 47525000000.0,
      "Other Intangible Assets": 27646000000.0,
      "Goodwill": 19879000000.0,
      "Net PPE": 4236000000.0,
      "Accumulated Depreciation": -5870000000.0,
      "Gross PPE": 10106000000.0,
      "Construction In Progress": 191000000.0,
      "Machinery Furniture Equipment": 8839000000.0,
      "Buildings And Improvements": 1004000000.0,
      "Land And Improvements": 72000000.0,
      "Properties": 0.0,
      "Current Assets": 37766000000.0,
      "Other Current Assets": 4837000000.0,
      "Restricted Cash": 6615000000.0,
      "Prepaid Assets": null,
      "Receivables": 7317000000.0,
      "Other Receivables": 4191000000.0,
      "Accounts Receivable": 3126000000.0,
      "Cash Cash Equivalents And Short Term Investments": 18997000000.0,
      "Other Short Term Investments": 1833000000.0,
      "Cash And Cash Equivalents": 17164000000.0
    },
    "2024-09-30T00:00:00": {
      "Ordinary Shares Number": 1980512564.0,
      "Share Issued": 1980512564.0,
      "Net Debt": 8861000000.0,
      "Total Debt": 20836000000.0,
      "Tangible Book Value": -7724000000.0,
      "Invested Capital": 58942000000.0,
      "Working Capital": 7516000000.0,
      "Net Tangible Assets": -6693000000.0,
      "Common Stock Equity": 38106000000.0,
      "Preferred Stock Equity": 1031000000.0,
      "Total Capitalization": 59973000000.0,
      "Total Equity Gross Minority Interest": 39137000000.0,
      "Stockholders Equity": 39137000000.0,
      "Other Equity Interest": -104000000.0,
      "Gains Losses Not Affecting Retained Earnings": -308000000.0,
      "Other Equity Adjustments": -213000000.0,
      "Foreign Currency Translation Adjustments": -109000000.0,
      "Minimum Pension Liabilities": -16000000.0,
      "Unrealized Gain Loss": 30000000.0,
      "Retained Earnings": 17289000000.0,
      "Additional Paid In Capital": 21229000000.0,
      "Capital Stock": 1031000000.0,
      "Common Stock": 0.0,
      "Preferred Stock": 1031000000.0,
      "Total Liabilities Net Minority Interest": 55374000000.0,
      "Total Non Current Liabilities Net Minority Interest": 28857000000.0,
      "Other Non Current Liabilities": 2720000000.0,
      "Non Current Deferred Liabilities": 5301000000.0,
      "Non Current Deferred Taxes Liabilities": 5301000000.0,
      "Long Term Debt And Capital Lease Obligation": 20836000000.0,
      "Long Term Debt": 20836000000.0,
      "Current Liabilities": 26517000000.0,
      "Other Current Liabilities": 12599000000.0,
      "Current Debt And Capital Lease Obligation": null,
      "Current Debt": null,
      "Other Current Borrowings": null,
      "Pensionand Other Post Retirement Benefit Plans Current": 1538000000.0,
      "Payables And Accrued Expenses": 12380000000.0,
      "Current Accrued Expenses": 6636000000.0,
      "Payables": 5744000000.0,
      "Other Payable": 5265000000.0,
      "Accounts Payable": 479000000.0,
      "Total Assets": 94511000000.0,
      "Total Non Current Assets": 60478000000.0,
      "Other Non Current Assets": 8279000000.0,
      "Investments And Advances": 2545000000.0,
      "Investmentin Financial Assets": 2545000000.0,
      "Goodwill And Other Intangible Assets": 45830000000.0,
      "Other Intangible Assets": 26889000000.0,
      "Goodwill": 18941000000.0,
      "Net PPE": 3824000000.0,
      "Accumulated Depreciation": -5473000000.0,
      "Gross PPE": 9297000000.0,
      "Construction In Progress": 222000000.0,
      "Machinery Furniture Equipment": 7961000000.0,
      "Buildings And Improvements": 1042000000.0,
      "Land And Improvements": 72000000.0,
      "Properties": 0.0,
      "Current Assets": 34033000000.0,
      "Other Current Assets": 5230000000.0,
      "Restricted Cash": 6613000000.0,
      "Prepaid Assets": null,
      "Receivables": 7015000000.0,
      "Other Receivables": 4454000000.0,
      "Accounts Receivable": 2561000000.0,
      "Cash Cash Equivalents And Short Term Investments": 15175000000.0,
      "Other Short Term Investments": 3200000000.0,
      "Cash And Cash Equivalents": 11975000000.0
    },
    "2023-09-30T00:00:00": {
      "Ordinary Shares Number": 2031761500.0,
      "Share Issued": 2031761500.0,
      "Net Debt": 4177000000.0,
      "Total Debt": 20463000000.0,
      "Tangible Book Value": -7066000000.0,
      "Invested Capital": 57498000000.0,
      "Working Capital": 10434000000.0,
      "Net Tangible Assets": -5368000000.0,
      "Common Stock Equity": 37035000000.0,
      "Preferred Stock Equity": 1698000000.0,
      "Total Capitalization": 59196000000.0,
      "Total Equity Gross Minority Interest": 38733000000.0,
      "Stockholders Equity": 38733000000.0,
      "Other Equity Interest": -140000000.0,
      "Gains Losses Not Affecting Retained Earnings": -1317000000.0,
      "Other Equity Adjustments": -177000000.0,
      "Foreign Currency Translation Adjustments": -921000000.0,
      "Minimum Pension Liabilities": -155000000.0,
      "Unrealized Gain Loss": -64000000.0,
      "Retained Earnings": 18040000000.0,
      "Additional Paid In Capital": 20452000000.0,
      "Capital Stock": 1698000000.0,
      "Common Stock": 0.0,
      "Preferred Stock": 1698000000.0,
      "Total Liabilities Net Minority Interest": 51766000000.0,
      "Total Non Current Liabilities Net Minority Interest": 28668000000.0,
      "Other Non Current Liabilities": 3091000000.0,
      "Non Current Deferred Liabilities": 5114000000.0,
      "Non Current Deferred Taxes Liabilities": 5114000000.0,
      "Long Term Debt And Capital Lease Obligation": 20463000000.0,
      "Long Term Debt": 20463000000.0,
      "Current Liabilities": 23098000000.0,
      "Other Current Liabilities": 11182000000.0,
      "Current Debt And Capital Lease Obligation": null,
      "Current Debt": null,
      "Other Current Borrowings": null,
      "Pensionand Other Post Retirement Benefit Plans Current": 1506000000.0,
      "Payables And Accrued Expenses": 10410000000.0,
      "Current Accrued Expenses": 6766000000.0,
      "Payables": 3644000000.0,
      "Other Payable": 3269000000.0,
      "Accounts Payable": 375000000.0,
      "Total Assets": 90499000000.0,
      "Total Non Current Assets": 56967000000.0,
      "Other Non Current Assets": 7520000000.0,
      "Investments And Advances": 1921000000.0,
      "Investmentin Financial Assets": 1921000000.0,
      "Goodwill And Other Intangible Assets": 44101000000.0,
      "Other Intangible Assets": 26104000000.0,
      "Goodwill": 17997000000.0,
      "Net PPE": 3425000000.0,
      "Accumulated Depreciation": -5355000000.0,
      "Gross PPE": 8780000000.0,
      "Construction In Progress": 344000000.0,
      "Machinery Furniture Equipment": 7343000000.0,
      "Buildings And Improvements": 1022000000.0,
      "Land And Improvements": 71000000.0,
      "Properties": 0.0,
      "Current Assets": 33532000000.0,
      "Other Current Assets": 4161000000.0,
      "Restricted Cash": 4769000000.0,
      "Prepaid Assets": null,
      "Receivables": 4474000000.0,
      "Other Receivables": 2183000000.0,
      "Accounts Receivable": 2291000000.0,
      "Cash Cash Equivalents And Short Term Investments": 20128000000.0,
      "Other Short Term Investments": 3842000000.0,
      "Cash And Cash Equivalents": 16286000000.0
    },
    "2022-09-30T00:00:00": {
      "Ordinary Shares Number": 2086435000.0,
      "Share Issued": 2086435000.0,
      "Net Debt": 6761000000.0,
      "Total Debt": 22450000000.0,
      "Tangible Book Value": -9595000000.0,
      "Invested Capital": 55707000000.0,
      "Working Capital": 9352000000.0,
      "Net Tangible Assets": -7271000000.0,
      "Common Stock Equity": 33257000000.0,
      "Preferred Stock Equity": 2324000000.0,
      "Total Capitalization": 55781000000.0,
      "Total Equity Gross Minority Interest": 35581000000.0,
      "Stockholders Equity": 35581000000.0,
      "Other Equity Interest": -35000000.0,
      "Gains Losses Not Affecting Retained Earnings": -2369000000.0,
      "Other Equity Adjustments": 418000000.0,
      "Foreign Currency Translation Adjustments": -2512000000.0,
      "Minimum Pension Liabilities": -169000000.0,
      "Unrealized Gain Loss": -106000000.0,
      "Retained Earnings": 16116000000.0,
      "Additional Paid In Capital": 19545000000.0,
      "Capital Stock": 2324000000.0,
      "Common Stock": 0.0,
      "Preferred Stock": 2324000000.0,
      "Total Liabilities Net Minority Interest": 49920000000.0,
      "Total Non Current Liabilities Net Minority Interest": 29067000000.0,
      "Other Non Current Liabilities": 3535000000.0,
      "Non Current Deferred Liabilities": 5332000000.0,
      "Non Current Deferred Taxes Liabilities": 5332000000.0,
      "Long Term Debt And Capital Lease Obligation": 20200000000.0,
      "Long Term Debt": 20200000000.0,
      "Current Liabilities": 20853000000.0,
      "Other Current Liabilities": 8441000000.0,
      "Current Debt And Capital Lease Obligation": 2250000000.0,
      "Current Debt": 2250000000.0,
      "Other Current Borrowings": 2250000000.0,
      "Pensionand Other Post Retirement Benefit Plans Current": 1359000000.0,
      "Payables And Accrued Expenses": 8803000000.0,
      "Current Accrued Expenses": 5182000000.0,
      "Payables": 3621000000.0,
      "Other Payable": 3281000000.0,
      "Accounts Payable": 340000000.0,
      "Total Assets": 85501000000.0,
      "Total Non Current Assets": 55296000000.0,
      "Other Non Current Assets": 7085000000.0,
      "Investments And Advances": 2136000000.0,
      "Investmentin Financial Assets": 2136000000.0,
      "Goodwill And Other Intangible Assets": 42852000000.0,
      "Other Intangible Assets": 25065000000.0,
      "Goodwill": 17787000000.0,
      "Net PPE": 3223000000.0,
      "Accumulated Depreciation": -5658000000.0,
      "Gross PPE": 8881000000.0,
      "Construction In Progress": 285000000.0,
      "Machinery Furniture Equipment": 7521000000.0,
      "Buildings And Improvements": 1003000000.0,
      "Land And Improvements": 72000000.0,
      "Properties": 0.0,
      "Current Assets": 30205000000.0,
      "Other Current Assets": 3940000000.0,
      "Restricted Cash": 3791000000.0,
      "Prepaid Assets": 2668000000.0,
      "Receivables": 3952000000.0,
      "Other Receivables": 1932000000.0,
      "Accounts Receivable": 2020000000.0,
      "Cash Cash Equivalents And Short Term Investments": 18522000000.0,
      "Other Short Term Investments": 2833000000.0,
      "Cash And Cash Equivalents": 15689000000.0
    },
    "2021-09-30T00:00:00": {
      "Ordinary Shares Number": null,
      "Share Issued": null,
      "Net Debt": null,
      "Total Debt": null,
      "Tangible Book Value": null,
      "Invested Capital": null,
      "Working Capital": null,
      "Net Tangible Assets": null,
      "Common Stock Equity": null,
      "Preferred Stock Equity": null,
      "Total Capitalization": null,
      "Total Equity Gross Minority Interest": null,
      "Stockholders Equity": null,
      "Other Equity Interest": null,
      "Gains Losses Not Affecting Retained Earnings": null,
      "Other Equity Adjustments": null,
      "Foreign Currency Translation Adjustments": null,
      "Minimum Pension Liabilities": null,
      "Unrealized Gain Loss": null,
      "Retained Earnings": null,
      "Additional Paid In Capital": null,
      "Capital Stock": null,
      "Common Stock": null,
      "Preferred Stock": null,
      "Total Liabilities Net Minority Interest": null,
      "Total Non Current Liabilities Net Minority Interest": null,
      "Other Non Current Liabilities": null,
      "Non Current Deferred Liabilities": null,
      "Non Current Deferred Taxes Liabilities": null,
      "Long Term Debt And Capital Lease Obligation": null,
      "Long Term Debt": null,
      "Current Liabilities": null,
      "Other Current Liabilities": null,
      "Current Debt And Capital Lease Obligation": 999000000.0,
      "Current Debt": 999000000.0,
      "Other Current Borrowings": 999000000.0,
      "Pensionand Other Post Retirement Benefit Plans Current": null,
      "Payables And Accrued Expenses": null,
      "Current Accrued Expenses": null,
      "Payables": null,
      "Other Payable": null,
      "Accounts Payable": null,
      "Total Assets": null,
      "Total Non Current Assets": null,
      "Other Non Current Assets": null,
      "Investments And Advances": null,
      "Investmentin Financial Assets": null,
      "Goodwill And Other Intangible Assets": null,
      "Other Intangible Assets": null,
      "Goodwill": null,
      "Net PPE": null,
      "Accumulated Depreciation": null,
      "Gross PPE": null,
      "Construction In Progress": null,
      "Machinery Furniture Equipment": null,
      "Buildings And Improvements": null,
      "Land And Improvements": null,
      "Properties": null,
      "Current Assets": null,
      "Other Current Assets": null,
      "Restricted Cash": null,
      "Prepaid Assets": 856000000.0,
      "Receivables": null,
      "Other Receivables": null,
      "Accounts Receivable": null,
      "Cash Cash Equivalents And Short Term Investments": null,
      "Other Short Term Investments": null,
      "Cash And Cash Equivalents": null
    }
  },
  "cashflow": {
    "2025-09-30T00:00:00": {
      "Free Cash Flow": 21577000000.0,
      "Repurchase Of Capital Stock": -18316000000.0,
      "Repayment Of Debt": 0.0,
      "Issuance Of Debt": 3924000000.0,
      "Capital Expenditure": -1482000000.0,
      "Interest Paid Supplemental Data": 587000000.0,
      "Income Tax Paid Supplemental Data": 4541000000.0,
      "End Cash Position": 24987000000.0,
      "Beginning Cash Position": 19763000000.0,
      "Effect Of Exchange Rate Changes": 420000000.0,
      "Changes In Cash": 4804000000.0,
      "Financing Cash Flow": -18963000000.0,
      "Cash Flow From Continuing Financing Activities": -18963000000.0,
      "Net Other Financing Charges": -333000000.0,
      "Proceeds From Stock Option Exercised": 396000000.0,
      "Cash Dividends Paid": -4634000000.0,
      "Common Stock Dividend Paid": null,
      "Net Common Stock Issuance": -18316000000.0,
      "Common Stock Payments": -18316000000.0,
      "Net Issuance Payments Of Debt": 3924000000.0,
      "Net Long Term Debt Issuance": 3924000000.0,
      "Long Term Debt Payments": 0.0,
      "Long Term Debt Issuance": 3924000000.0,
      "Investing Cash Flow": 708000000.0,
      "Cash Flow From Continuing Investing Activities": 708000000.0,
      "Net Other Investing Changes": 121000000.0,
      "Net Investment Purchase And Sale": 2956000000.0,
      "Sale Of Investment": 3024000000.0,
      "Purchase Of Investment": -68000000.0,
      "Net Business Purchase And Sale": -887000000.0,
      "Purchase Of Business": -887000000.0,
      "Net PPE Purchase And Sale": -1482000000.0,
      "Purchase Of PPE": -1482000000.0,
      "Operating Cash Flow": 23059000000.0,
      "Cash Flow From Continuing Operating Activities": 23059000000.0,
      "Change In Working Capital": -15172000000.0,
      "Change In Other Working Capital": -15314000000.0,
      "Change In Other Current Assets": 160000000.0,
      "Change In Payables And Accrued Expense": 150000000.0,
      "Change In Accrued Expense": 930000000.0,
      "Change In Payable": -780000000.0,
      "Change In Account Payable": 67000000.0,
      "Change In Receivables": -168000000.0,
      "Changes In Account Receivables": -542000000.0,
      "Other Non Cash Items": 15817000000.0,
      "Stock Based Compensation": 897000000.0,
      "Deferred Tax": 152000000.0,
      "Deferred Income Tax": 152000000.0,
      "Depreciation Amortization Depletion": 1220000000.0,
      "Depreciation And Amortization": 1220000000.0,
      "Amortization Cash Flow": null,
      "Amortization Of Intangibles": null,
      "Depreciation": null,
      "Operating Gains Losses": 87000000.0,
      "Earnings Losses From Equity Investments": 87000000.0,
      "Net Income From Continuing Operations": 20058000000.0
    },
    "2024-09-30T00:00:00": {
      "Free Cash Flow": 18693000000.0,
      "Repurchase Of Capital Stock": -16713000000.0,
      "Repayment Of Debt": 0.0,
      "Issuance Of Debt": 0.0,
      "Capital Expenditure": -1257000000.0,
      "Interest Paid Supplemental Data": 583000000.0,
      "Income Tax Paid Supplemental Data": 5775000000.0,
      "End Cash Position": 19763000000.0,
      "Beginning Cash Position": 21990000000.0,
      "Effect Of Exchange Rate Changes": 382000000.0,
      "Changes In Cash": -2609000000.0,
      "Financing Cash Flow": -20633000000.0,
      "Cash Flow From Continuing Financing Activities": -20633000000.0,
      "Net Other Financing Charges": -38000000.0,
      "Proceeds From Stock Option Exercised": 335000000.0,
      "Cash Dividends Paid": -4217000000.0,
      "Common Stock Dividend Paid": null,
      "Net Common Stock Issuance": -16713000000.0,
      "Common Stock Payments": -16713000000.0,
      "Net Issuance Payments Of Debt": 0.0,
      "Net Long Term Debt Issuance": 0.0,
      "Long Term Debt Payments": 0.0,
      "Long Term Debt Issuance": 0.0,
      "Investing Cash Flow": -1926000000.0,
      "Cash Flow From Continuing Investing Activities": -1926000000.0,
      "Net Other Investing Changes": -93000000.0,
      "Net Investment Purchase And Sale": 339000000.0,
      "Sale Of Investment": 5013000000.0,
      "Purchase Of Investment": -4674000000.0,
      "Net Business Purchase And Sale": -915000000.0,
      "Purchase Of Business": -915000000.0,
      "Net PPE Purchase And Sale": -1257000000.0,
      "Purchase Of PPE": -1257000000.0,
      "Operating Cash Flow": 19950000000.0,
      "Cash Flow From Continuing Operating Activities": 19950000000.0,
      "Change In Working Capital": -15432000000.0,
      "Change In Other Working Capital": -14067000000.0,
      "Change In Other Current Assets": -199000000.0,
      "Change In Payables And Accrued Expense": 1246000000.0,
      "Change In Accrued Expense": -704000000.0,
      "Change In Payable": 1950000000.0,
      "Change In Account Payable": 109000000.0,
      "Change In Receivables": -2412000000.0,
      "Changes In Account Receivables": -237000000.0,
      "Other Non Cash Items": 13761000000.0,
      "Stock Based Compensation": 850000000.0,
      "Deferred Tax": -100000000.0,
      "Deferred Income Tax": -100000000.0,
      "Depreciation Amortization Depletion": 1034000000.0,
      "Depreciation And Amortization": 1034000000.0,
      "Amortization Cash Flow": 79000000.0,
      "Amortization Of Intangibles": 79000000.0,
      "Depreciation": 955000000.0,
      "Operating Gains Losses": 94000000.0,
      "Earnings Losses From Equity Investments": 94000000.0,
      "Net Income From Continuing Operations": 19743000000.0
    },
    "2023-09-30T00:00:00": {
      "Free Cash Flow": 19696000000.0,
      "Repurchase Of Capital Stock": -12101000000.0,
      "Repayment Of Debt": -2250000000.0,
      "Issuance Of Debt": 0.0,
      "Capital Expenditure": -1059000000.0,
      "Interest Paid Supplemental Data": 617000000.0,
      "Income Tax Paid Supplemental Data": 3433000000.0,
      "End Cash Position": 21990000000.0,
      "Beginning Cash Position": 20377000000.0,
      "Effect Of Exchange Rate Changes": 636000000.0,
      "Changes In Cash": 977000000.0,
      "Financing Cash Flow": -17772000000.0,
      "Cash Flow From Continuing Financing Activities": -17772000000.0,
      "Net Other Financing Charges": 70000000.0,
      "Proceeds From Stock Option Exercised": 260000000.0,
      "Cash Dividends Paid": -3751000000.0,
      "Common Stock Dividend Paid": -3751000000.0,
      "Net Common Stock Issuance": -12101000000.0,
      "Common Stock Payments": -12101000000.0,
      "Net Issuance Payments Of Debt": -2250000000.0,
      "Net Long Term Debt Issuance": -2250000000.0,
      "Long Term Debt Payments": -2250000000.0,
      "Long Term Debt Issuance": 0.0,
      "Investing Cash Flow": -2006000000.0,
      "Cash Flow From Continuing Investing Activities": -2006000000.0,
      "Net Other Investing Changes": -25000000.0,
      "Net Investment Purchase And Sale": -922000000.0,
      "Sale Of Investment": 3562000000.0,
      "Purchase Of Investment": -4484000000.0,
      "Net Business Purchase And Sale": 0.0,
      "Purchase Of Business": 0.0,
      "Net PPE Purchase And Sale": -1059000000.0,
      "Purchase Of PPE": -1059000000.0,
      "Operating Cash Flow": 20755000000.0,
      "Cash Flow From Continuing Operating Activities": 20755000000.0,
      "Change In Working Capital": -10022000000.0,
      "Change In Other Working Capital": -11014000000.0,
      "Change In Other Current Assets": -24000000.0,
      "Change In Payables And Accrued Expense": 1426000000.0,
      "Change In Accrued Expense": 1586000000.0,
      "Change In Payable": -160000000.0,
      "Change In Account Payable": 34000000.0,
      "Change In Receivables": -410000000.0,
      "Changes In Account Receivables": -250000000.0,
      "Other Non Cash Items": 12175000000.0,
      "Stock Based Compensation": 765000000.0,
      "Deferred Tax": -483000000.0,
      "Deferred Income Tax": -483000000.0,
      "Depreciation Amortization Depletion": 943000000.0,
      "Depreciation And Amortization": 943000000.0,
      "Amortization Cash Flow": 76000000.0,
      "Amortization Of Intangibles": 76000000.0,
      "Depreciation": 867000000.0,
      "Operating Gains Losses": 104000000.0,
      "Earnings Losses From Equity Investments": 104000000.0,
      "Net Income From Continuing Operations": 17273000000.0
    },
    "2022-09-30T00:00:00": {
      "Free Cash Flow": 17879000000.0,
      "Repurchase Of Capital Stock": -11589000000.0,
      "Repayment Of Debt": -1000000000.0,
      "Issuance Of Debt": 3218000000.0,
      "Capital Expenditure": -970000000.0,
      "Interest Paid Supplemental Data": 607000000.0,
      "Income Tax Paid Supplemental Data": 3741000000.0,
      "End Cash Position": 20377000000.0,
      "Beginning Cash Position": 19799000000.0,
      "Effect Of Exchange Rate Changes": -1287000000.0,
      "Changes In Cash": 1865000000.0,
      "Financing Cash Flow": -12696000000.0,
      "Cash Flow From Continuing Financing Activities": -12696000000.0,
      "Net Other Financing Charges": -318000000.0,
      "Proceeds From Stock Option Exercised": 196000000.0,
      "Cash Dividends Paid": -3203000000.0,
      "Common Stock Dividend Paid": -3203000000.0,
      "Net Common Stock Issuance": -11589000000.0,
      "Common Stock Payments": -11589000000.0,
      "Net Issuance Payments Of Debt": 2218000000.0,
      "Net Long Term Debt Issuance": 2218000000.0,
      "Long Term Debt Payments": -1000000000.0,
      "Long Term Debt Issuance": 3218000000.0,
      "Investing Cash Flow": -4288000000.0,
      "Cash Flow From Continuing Investing Activities": -4288000000.0,
      "Net Other Investing Changes": 128000000.0,
      "Net Investment Purchase And Sale": -1498000000.0,
      "Sale Of Investment": 4585000000.0,
      "Purchase Of Investment": -6083000000.0,
      "Net Business Purchase And Sale": -1948000000.0,
      "Purchase Of Business": -1948000000.0,
      "Net PPE Purchase And Sale": -970000000.0,
      "Purchase Of PPE": -970000000.0,
      "Operating Cash Flow": 18849000000.0,
      "Cash Flow From Continuing Operating Activities": 18849000000.0,
      "Change In Working Capital": -7657000000.0,
      "Change In Other Working Capital": -9351000000.0,
      "Change In Other Current Assets": -666000000.0,
      "Change In Payables And Accrued Expense": 2854000000.0,
      "Change In Accrued Expense": 1531000000.0,
      "Change In Payable": 1323000000.0,
      "Change In Account Payable": 67000000.0,
      "Change In Receivables": -494000000.0,
      "Changes In Account Receivables": -97000000.0,
      "Other Non Cash Items": 10158000000.0,
      "Stock Based Compensation": 602000000.0,
      "Deferred Tax": -336000000.0,
      "Deferred Income Tax": -336000000.0,
      "Depreciation Amortization Depletion": 861000000.0,
      "Depreciation And Amortization": 861000000.0,
      "Amortization Cash Flow": 90000000.0,
      "Amortization Of Intangibles": 90000000.0,
      "Depreciation": 771000000.0,
      "Operating Gains Losses": 264000000.0,
      "Earnings Losses From Equity Investments": 264000000.0,
      "Net Income From Continuing Operations": 14957000000.0
    },
    "2021-09-30T00:00:00": {
      "Free Cash Flow": null,
      "Repurchase Of Capital Stock": null,
      "Repayment Of Debt": null,
      "Issuance Of Debt": null,
      "Capital Expenditure": null,
      "Interest Paid Supplemental Data": null,
      "Income Tax Paid Supplemental Data": null,
      "End Cash Position": null,
      "Beginning Cash Position": null,
      "Effect Of Exchange Rate Changes": null,
      "Changes In Cash": null,
      "Financing Cash Flow": null,
      "Cash Flow From Continuing Financing Activities": null,
      "Net Other Financing Charges": null,
      "Proceeds From Stock Option Exercised": null,
      "Cash Dividends Paid": null,
      "Common Stock Dividend Paid": -2798000000.0,
      "Net Common Stock Issuance": null,
      "Common Stock Payments": null,
      "Net Issuance Payments Of Debt": null,
      "Net Long Term Debt Issuance": null,
      "Long Term Debt Payments": null,
      "Long Term Debt Issuance": null,
      "Investing Cash Flow": null,
      "Cash Flow From Continuing Investing Activities": null,
      "Net Other Investing Changes": null,
      "Net Investment Purchase And Sale": null,
      "Sale Of Investment": null,
      "Purchase Of Investment": null,
      "Net Business Purchase And Sale": null,
      "Purchase Of Business": null,
      "Net PPE Purchase And Sale": null,
      "Purchase Of PPE": null,
      "Operating Cash Flow": null,
      "Cash Flow From Continuing Operating Activities": null,
      "Change In Working Capital": null,
      "Change In Other Working Capital": null,
      "Change In Other Current Assets": null,
      "Change In Payables And Accrued Expense": null,
      "Change In Accrued Expense": null,
      "Change In Payable": null,
      "Change In Account Payable": null,
      "Change In Receivables": null,
      "Changes In Account Receivables": null,
      "Other Non Cash Items": null,
      "Stock Based Compensation": null,
      "Deferred Tax": null,
      "Deferred Income Tax": null,
      "Depreciation Amortization Depletion": null,
      "Depreciation And Amortization": null,
      "Amortization Cash Flow": null,
      "Amortization Of Intangibles": null,
      "Depreciation": null,
      "Operating Gains Losses": null,
      "Earnings Losses From Equity Investments": null,
      "Net Income From Continuing Operations": null
    }
  },
  "earnings_estimate": {
    "avg": {
      "0q": 3.09224,
      "+1q": 3.16923,
      "0y": 12.85104,
      "+1y": 14.53239
    },
    "low": {
      "0q": 3.02,
      "+1q": 3.07,
      "0y": 12.66,
      "+1y": 14.11
    },
    "high": {
      "0q": 3.14,
      "+1q": 3.26,
      "0y": 13.2,
      "+1y": 15.06
    },
    "yearAgoEps": {
      "0q": 2.76,
      "+1q": 2.98,
      "0y": 11.47,
      "+1y": 12.85104
    },
    "numberOfAnalysts": {
      "0q": 28,
      "+1q": 27,
      "0y": 37,
      "+1y": 38
    },
    "growth": {
      "0q": 0.1204,
      "+1q": 0.0635,
      "0y": 0.1204,
      "+1y": 0.1308
    }
  },
  "revenue_estimate": {
    "avg": {
      "0q": 10729545630,
      "+1q": 11103152550,
      "0y": 44611177270,
      "+1y": 49270522380
    },
    "low": {
      "0q": 10602800000,
      "+1q": 10913416000,
      "0y": 44127000000,
      "+1y": 48370303000
    },
    "high": {
      "0q": 10800000000,
      "+1q": 11302599080,
      "0y": 44988000000,
      "+1y": 50501000000
    },
    "numberOfAnalysts": {
      "0q": 25,
      "+1q": 25,
      "0y": 34,
      "+1y": 34
    },
    "yearAgoRevenue": {
      "0q": 9594000000,
      "+1q": 10172000000,
      "0y": 40000000000,
      "+1y": 44611177270
    },
    "growth": {
      "0q": 0.1184,
      "+1q": 0.0915,
      "0y": 0.1153,
      "+1y": 0.104399994
    }
  },
  "growth_estimates": {
    "stockTrend": {
      "0q": 0.1204,
      "+1q": 0.0635,
      "0y": 0.1204,
      "+1y": 0.1308,
      "LTG": null
    },
    "indexTrend": {
      "0q": 0.1273,
      "+1q": 0.103599995,
      "0y": 0.14310001,
      "+1y": 0.1557,
      "LTG": 0.122
    }
  },
  "revenue_forecasts": null,
  "dividend_rate": 2.68,
  "trailing_dividend_rate": 2.52
}