{
  "ticker": "VOW3.DE",
  "name": "Volkswagen",
  "country": "germany",
  "currency": "EUR",
  "last_fetched": "2026-02-26T20:47:48.630796",
  "market_cap": 51701641216,
  "revenue": 326045990912,
  "net_income": 6735000064,
  "pe_ratio": 7.572707,
  "forward_pe": 4.696827,
  "dividend_yield": 6.36,
  "profit_margin": 0.02261,
  "roe": 0.03577,
  "debt_to_equity": 130.129,
  "beta": 1.019,
  "ev_to_ebitda": 12.638,
  "sector": "Consumer Cyclical",
  "industry": "Auto Manufacturers",
  "summary": "Volkswagen AG manufactures and sells automobiles in Germany, other European countries, North America, South America, the Asia-Pacific, and internationally. It operates through four segments: Passenger Cars and Light Commercial Vehicles, Commercial Vehicles, Power Engineering, and Financial Services. The Passenger Cars and Light Commercial Vehicles segment engages in the development of vehicles, engines, motors, vehicle software, and batteries; produces and sells passenger cars and light commercial vehicles, and related parts; and offers motorcycles. The Commercial Vehicles segment develops vehicles, engines, motors, vehicle; develops, produces, and sells trucks and buses; and offers parts and related services. The Power Engineering segment offers large-bore diesel engines, turbomachinery, and propulsion components. The Financial Services segment provides dealership and customer financing, leasing, direct banking and insurance, fleet management, and mobility services. The company sells its products under the Volkswagen Passenger Cars, ÂŠkoda, SEAT/CUPRA, Volkswagen Commercial Vehicles, Audi, Lamborghini, Bentley, Ducati, Porsche, Scania, MAN, Volkswagen Truck & Bus, International commercial vehicles, TRATON, and Bugatti Rimac brands. Volkswagen AG was founded in 1937 and is headquartered in Wolfsburg, Germany. Volkswagen AG is a subsidiary of Porsche Automobil Holding SE.",
  "website": "https://www.volkswagen-group.com",
  "employees": 632552,
  "target_high": 151.0,
  "target_low": 92.6,
  "target_mean": 116.61818,
  "target_median": 115.0,
  "recommendation": "buy",
  "num_analysts": 22,
  "income_stmt": {
    "2024-12-31T00:00:00": {
      "Tax Effect Of Unusual Items": -1022807000.0,
      "Tax Rate For Calcs": 0.263,
      "Normalized EBITDA": 55487000000.0,
      "Total Unusual Items": -3889000000.0,
      "Total Unusual Items Excluding Goodwill": -3889000000.0,
      "Net Income From Continuing Operation Net Minority Interest": 11351000000.0,
      "Reconciled Depreciation": 31346000000.0,
      "Reconciled Cost Of Revenue": 265184000000.0,
      "EBITDA": 51598000000.0,
      "EBIT": 20252000000.0,
      "Net Interest Income": -1198000000.0,
      "Interest Expense": 3446000000.0,
      "Interest Income": 2418000000.0,
      "Normalized Income": 14217193000.0,
      "Net Income From Continuing And Discontinued Operation": 11351000000.0,
      "Total Expenses": 302991000000.0,
      "Total Operating Income As Reported": 19060000000.0,
      "Diluted Average Shares": 501295263.0,
      "Basic Average Shares": 501295263.0,
      "Diluted EPS": 21.36,
      "Basic EPS": 21.36,
      "Diluted NI Availto Com Stockholders": 10721000000.0,
      "Net Income Common Stockholders": 10721000000.0,
      "Otherunder Preferred Stock Dividend": 630000000.0,
      "Preferred Stock Dividends": 0.0,
      "Net Income": 11351000000.0,
      "Minority Interests": -1043000000.0,
      "Net Income Including Noncontrolling Interests": 12394000000.0,
      "Net Income Continuous Operations": 12395000000.0,
      "Tax Provision": 4411000000.0,
      "Pretax Income": 16806000000.0,
      "Special Income Charges": -2474000000.0,
      "Other Special Charges": -36000000.0,
      "Restructuring And Mergern Acquisition": 2510000000.0,
      "Net Non Operating Interest Income Expense": -1198000000.0,
      "Total Other Finance Cost": 170000000.0,
      "Interest Expense Non Operating": 3446000000.0,
      "Interest Income Non Operating": 2418000000.0,
      "Operating Income": 21664000000.0,
      "Operating Expense": 37807000000.0,
      "Other Operating Expenses": 7568000000.0,
      "Selling General And Administration": 35074000000.0,
      "Selling And Marketing Expense": 22320000000.0,
      "General And Administrative Expense": 12754000000.0,
      "Gross Profit": 59471000000.0,
      "Cost Of Revenue": 265184000000.0,
      "Total Revenue": 324655000000.0,
      "Operating Revenue": 324655000000.0
    },
    "2023-12-31T00:00:00": {
      "Tax Effect Of Unusual Items": -654441000.0,
      "Tax Rate For Calcs": 0.227,
      "Normalized EBITDA": 57188000000.0,
      "Total Unusual Items": -2883000000.0,
      "Total Unusual Items Excluding Goodwill": -2883000000.0,
      "Net Income From Continuing Operation Net Minority Interest": 16532000000.0,
      "Reconciled Depreciation": 27566000000.0,
      "Reconciled Cost Of Revenue": 261299000000.0,
      "EBITDA": 54305000000.0,
      "EBIT": 26739000000.0,
      "Net Interest Income": -1017000000.0,
      "Interest Expense": 3640000000.0,
      "Interest Income": 2658000000.0,
      "Normalized Income": 18760559000.0,
      "Net Income From Continuing And Discontinued Operation": 16532000000.0,
      "Total Expenses": 296585000000.0,
      "Total Operating Income As Reported": 22528000000.0,
      "Diluted Average Shares": 501295263.0,
      "Basic Average Shares": 501295263.0,
      "Diluted EPS": 31.79,
      "Basic EPS": 31.79,
      "Diluted NI Availto Com Stockholders": 15947000000.0,
      "Net Income Common Stockholders": 15947000000.0,
      "Otherunder Preferred Stock Dividend": 585000000.0,
      "Preferred Stock Dividends": 0.0,
      "Net Income": 16532000000.0,
      "Minority Interests": -1329000000.0,
      "Net Income Including Noncontrolling Interests": 17861000000.0,
      "Net Income Continuous Operations": 17862000000.0,
      "Tax Provision": 5237000000.0,
      "Pretax Income": 23099000000.0,
      "Special Income Charges": 118000000.0,
      "Other Special Charges": -180000000.0,
      "Restructuring And Mergern Acquisition": 62000000.0,
      "Net Non Operating Interest Income Expense": -1017000000.0,
      "Total Other Finance Cost": 35000000.0,
      "Interest Expense Non Operating": 3640000000.0,
      "Interest Income Non Operating": 2658000000.0,
      "Operating Income": 25699000000.0,
      "Operating Expense": 35286000000.0,
      "Other Operating Expenses": 5355000000.0,
      "Selling General And Administration": 34074000000.0,
      "Selling And Marketing Expense": 21345000000.0,
      "General And Administrative Expense": 12729000000.0,
      "Gross Profit": 60985000000.0,
      "Cost Of Revenue": 261299000000.0,
      "Total Revenue": 322284000000.0,
      "Operating Revenue": 322284000000.0
    },
    "2022-12-31T00:00:00": {
      "Tax Effect Of Unusual Items": 623502000.0,
      "Tax Rate For Calcs": 0.282,
      "Normalized EBITDA": 49988000000.0,
      "Total Unusual Items": 2211000000.0,
      "Total Unusual Items Excluding Goodwill": 2211000000.0,
      "Net Income From Continuing Operation Net Minority Interest": 15457000000.0,
      "Reconciled Depreciation": 28485000000.0,
      "Reconciled Cost Of Revenue": 226866000000.0,
      "EBITDA": 52199000000.0,
      "EBIT": 23714000000.0,
      "Net Interest Income": 920000000.0,
      "Interest Expense": 1644000000.0,
      "Interest Income": 2561000000.0,
      "Normalized Income": 13869502000.0,
      "Net Income From Continuing And Discontinued Operation": 15457000000.0,
      "Total Expenses": 260562000000.0,
      "Total Operating Income As Reported": 22109000000.0,
      "Diluted Average Shares": 501295263.0,
      "Basic Average Shares": 501295263.0,
      "Diluted EPS": 29.66,
      "Basic EPS": 29.66,
      "Diluted NI Availto Com Stockholders": 14881000000.0,
      "Net Income Common Stockholders": 14881000000.0,
      "Otherunder Preferred Stock Dividend": 576000000.0,
      "Preferred Stock Dividends": 0.0,
      "Net Income": 15457000000.0,
      "Minority Interests": -395000000.0,
      "Net Income Including Noncontrolling Interests": 15852000000.0,
      "Net Income Continuous Operations": 15853000000.0,
      "Tax Provision": 6217000000.0,
      "Pretax Income": 22070000000.0,
      "Special Income Charges": 123000000.0,
      "Other Special Charges": -403000000.0,
      "Restructuring And Mergern Acquisition": 280000000.0,
      "Net Non Operating Interest Income Expense": 920000000.0,
      "Total Other Finance Cost": -3000000.0,
      "Interest Expense Non Operating": 1644000000.0,
      "Interest Income Non Operating": 2561000000.0,
      "Operating Income": 18488000000.0,
      "Operating Expense": 33696000000.0,
      "Other Operating Expenses": 6254000000.0,
      "Selling General And Administration": 31495000000.0,
      "Selling And Marketing Expense": 19840000000.0,
      "General And Administrative Expense": 11655000000.0,
      "Gross Profit": 52184000000.0,
      "Cost Of Revenue": 226866000000.0,
      "Total Revenue": 279050000000.0,
      "Operating Revenue": 279050000000.0
    },
    "2021-12-31T00:00:00": {
      "Tax Effect Of Unusual Items": 448525000.0,
      "Tax Rate For Calcs": 0.233,
      "Normalized EBITDA": 47535000000.0,
      "Total Unusual Items": 1925000000.0,
      "Total Unusual Items Excluding Goodwill": 1925000000.0,
      "Net Income From Continuing Operation Net Minority Interest": 15382000000.0,
      "Reconciled Depreciation": 27336000000.0,
      "Reconciled Cost Of Revenue": 202959000000.0,
      "EBITDA": 49460000000.0,
      "EBIT": 22124000000.0,
      "Net Interest Income": -1046000000.0,
      "Interest Expense": 1998000000.0,
      "Interest Income": 990000000.0,
      "Normalized Income": 13905525000.0,
      "Net Income From Continuing And Discontinued Operation": 15382000000.0,
      "Total Expenses": 233914000000.0,
      "Total Operating Income As Reported": 19275000000.0,
      "Diluted Average Shares": 501295263.0,
      "Basic Average Shares": 501295263.0,
      "Diluted EPS": 29.59,
      "Basic EPS": 29.59,
      "Diluted NI Availto Com Stockholders": 14843000000.0,
      "Net Income Common Stockholders": 14843000000.0,
      "Otherunder Preferred Stock Dividend": 539000000.0,
      "Preferred Stock Dividends": 0.0,
      "Net Income": 15382000000.0,
      "Minority Interests": -46000000.0,
      "Net Income Including Noncontrolling Interests": 15428000000.0,
      "Net Income Continuous Operations": 15428000000.0,
      "Tax Provision": 4698000000.0,
      "Pretax Income": 20126000000.0,
      "Special Income Charges": 185000000.0,
      "Other Special Charges": -518000000.0,
      "Restructuring And Mergern Acquisition": 333000000.0,
      "Net Non Operating Interest Income Expense": -1046000000.0,
      "Total Other Finance Cost": 38000000.0,
      "Interest Expense Non Operating": 1998000000.0,
      "Interest Income Non Operating": 990000000.0,
      "Operating Income": 16285000000.0,
      "Operating Expense": 30955000000.0,
      "Other Operating Expenses": 5200000000.0,
      "Selling General And Administration": 29648000000.0,
      "Selling And Marketing Expense": 19228000000.0,
      "General And Administrative Expense": 10420000000.0,
      "Gross Profit": 47240000000.0,
      "Cost Of Revenue": 202959000000.0,
      "Total Revenue": 250199000000.0,
      "Operating Revenue": 250199000000.0
    }
  },
  "quarterly_income": {
    "2025-06-30T00:00:00": {
      "Tax Effect Of Unusual Items": 0.0,
      "Tax Rate For Calcs": 0.30869,
      "Normalized EBITDA": 12133000000.0,
      "Total Unusual Items": null,
      "Total Unusual Items Excluding Goodwill": null,
      "Net Income From Continuing Operation Net Minority Interest": 2335000000.0,
      "Reconciled Depreciation": 8298000000.0,
      "Reconciled Cost Of Revenue": 67204000000.0,
      "EBITDA": 12133000000.0,
      "EBIT": 3835000000.0,
      "Net Interest Income": -716000000.0,
      "Normalized Income": 2335000000.0,
      "Net Income From Continuing And Discontinued Operation": 2335000000.0,
      "Total Expenses": 76971000000.0,
      "Total Operating Income As Reported": 3834000000.0,
      "Diluted Average Shares": 501295263.0,
      "Basic Average Shares": 501295263.0,
      "Diluted EPS": 4.34,
      "Basic EPS": 4.34,
      "Diluted NI Availto Com Stockholders": 2175000000.0,
      "Net Income Common Stockholders": 2175000000.0,
      "Otherunder Preferred Stock Dividend": 160000000.0,
      "Preferred Stock Dividends": null,
      "Net Income": 2335000000.0,
      "Minority Interests": 44000000.0,
      "Net Income Including Noncontrolling Interests": 2291000000.0,
      "Net Income Continuous Operations": 2291000000.0,
      "Tax Provision": 1023000000.0,
      "Pretax Income": 3314000000.0,
      "Special Income Charges": null,
      "Restructuring And Mergern Acquisition": null,
      "Net Non Operating Interest Income Expense": -716000000.0,
      "Operating Income": 3835000000.0,
      "Operating Expense": 9767000000.0,
      "Other Operating Expenses": 1042000000.0,
      "Selling General And Administration": 8725000000.0,
      "Selling And Marketing Expense": 5455000000.0,
      "General And Administrative Expense": 3270000000.0,
      "Gross Profit": 13602000000.0,
      "Cost Of Revenue": 67204000000.0,
      "Total Revenue": 80806000000.0,
      "Operating Revenue": 80806000000.0
    },
    "2025-03-31T00:00:00": {
      "Tax Effect Of Unusual Items": -118752010.292699,
      "Tax Rate For Calcs": 0.29688,
      "Normalized EBITDA": 11473000000.0,
      "Total Unusual Items": -400000000.0,
      "Total Unusual Items Excluding Goodwill": -400000000.0,
      "Net Income From Continuing Operation Net Minority Interest": 1982000000.0,
      "Reconciled Depreciation": 7798000000.0,
      "Reconciled Cost Of Revenue": 64758000000.0,
      "EBITDA": 11073000000.0,
      "EBIT": 3275000000.0,
      "Net Interest Income": 116000000.0,
      "Normalized Income": 2263247989.707301,
      "Net Income From Continuing And Discontinued Operation": 1982000000.0,
      "Total Expenses": 74284000000.0,
      "Total Operating Income As Reported": 2873000000.0,
      "Diluted Average Shares": 501295263.0,
      "Basic Average Shares": 501295263.0,
      "Diluted EPS": 3.69,
      "Basic EPS": 3.69,
      "Diluted NI Availto Com Stockholders": 1831000000.0,
      "Net Income Common Stockholders": 1831000000.0,
      "Otherunder Preferred Stock Dividend": 151000000.0,
      "Preferred Stock Dividends": null,
      "Net Income": 1982000000.0,
      "Minority Interests": -204000000.0,
      "Net Income Including Noncontrolling Interests": 2186000000.0,
      "Net Income Continuous Operations": 2186000000.0,
      "Tax Provision": 923000000.0,
      "Pretax Income": 3109000000.0,
      "Special Income Charges": -400000000.0,
      "Restructuring And Mergern Acquisition": 400000000.0,
      "Net Non Operating Interest Income Expense": 116000000.0,
      "Operating Income": 3275000000.0,
      "Operating Expense": 9526000000.0,
      "Other Operating Expenses": 757000000.0,
      "Selling General And Administration": 8769000000.0,
      "Selling And Marketing Expense": 5425000000.0,
      "General And Administrative Expense": 3344000000.0,
      "Gross Profit": 12801000000.0,
      "Cost Of Revenue": 64758000000.0,
      "Total Revenue": 77559000000.0,
      "Operating Revenue": 77559000000.0
    },
    "2024-12-31T00:00:00": {
      "Tax Effect Of Unusual Items": 0.0,
      "Tax Rate For Calcs": 0.187719,
      "Normalized EBITDA": 15961000000.0,
      "Total Unusual Items": null,
      "Total Unusual Items Excluding Goodwill": null,
      "Net Income From Continuing Operation Net Minority Interest": 3286000000.0,
      "Reconciled Depreciation": 8614000000.0,
      "Reconciled Cost Of Revenue": 70290000000.0,
      "EBITDA": 15961000000.0,
      "EBIT": 7347000000.0,
      "Net Interest Income": -332000000.0,
      "Normalized Income": 3286000000.0,
      "Net Income From Continuing And Discontinued Operation": 3286000000.0,
      "Total Expenses": 78619000000.0,
      "Total Operating Income As Reported": 6153000000.0,
      "Diluted Average Shares": null,
      "Basic Average Shares": null,
      "Diluted EPS": null,
      "Basic EPS": null,
      "Diluted NI Availto Com Stockholders": 3131000000.0,
      "Net Income Common Stockholders": 3131000000.0,
      "Otherunder Preferred Stock Dividend": 155000000.0,
      "Preferred Stock Dividends": 0.0,
      "Net Income": 3286000000.0,
      "Minority Interests": -191000000.0,
      "Net Income Including Noncontrolling Interests": 3477000000.0,
      "Net Income Continuous Operations": 3479000000.0,
      "Tax Provision": 804000000.0,
      "Pretax Income": 4283000000.0,
      "Special Income Charges": null,
      "Restructuring And Mergern Acquisition": null,
      "Net Non Operating Interest Income Expense": -332000000.0,
      "Operating Income": 8759000000.0,
      "Operating Expense": 8329000000.0,
      "Other Operating Expenses": 3464000000.0,
      "Selling General And Administration": 9700000000.0,
      "Selling And Marketing Expense": 6313000000.0,
      "General And Administrative Expense": 3387000000.0,
      "Gross Profit": 17088000000.0,
      "Cost Of Revenue": 70290000000.0,
      "Total Revenue": 87378000000.0,
      "Operating Revenue": 87378000000.0
    },
    "2024-09-30T00:00:00": {
      "Tax Effect Of Unusual Items": 0.0,
      "Tax Rate For Calcs": 0.331617,
      "Normalized EBITDA": 10967000000.0,
      "Total Unusual Items": null,
      "Total Unusual Items Excluding Goodwill": null,
      "Net Income From Continuing Operation Net Minority Interest": 1348000000.0,
      "Reconciled Depreciation": 8134000000.0,
      "Reconciled Cost Of Revenue": 65440000000.0,
      "EBITDA": 10967000000.0,
      "EBIT": 2833000000.0,
      "Net Interest Income": -919000000.0,
      "Normalized Income": 1348000000.0,
      "Net Income From Continuing And Discontinued Operation": 1348000000.0,
      "Total Expenses": 75645000000.0,
      "Total Operating Income As Reported": 2833000000.0,
      "Diluted Average Shares": 501295263.0,
      "Basic Average Shares": 501295263.0,
      "Diluted EPS": 2.38,
      "Basic EPS": 2.38,
      "Diluted NI Availto Com Stockholders": 1193000000.0,
      "Net Income Common Stockholders": 1193000000.0,
      "Otherunder Preferred Stock Dividend": 155000000.0,
      "Preferred Stock Dividends": 0.0,
      "Net Income": 1348000000.0,
      "Minority Interests": -210000000.0,
      "Net Income Including Noncontrolling Interests": 1558000000.0,
      "Net Income Continuous Operations": 1558000000.0,
      "Tax Provision": 773000000.0,
      "Pretax Income": 2331000000.0,
      "Special Income Charges": null,
      "Restructuring And Mergern Acquisition": null,
      "Net Non Operating Interest Income Expense": -919000000.0,
      "Operating Income": 2833000000.0,
      "Operating Expense": 10205000000.0,
      "Other Operating Expenses": 1954000000.0,
      "Selling General And Administration": 8251000000.0,
      "Selling And Marketing Expense": 5497000000.0,
      "General And Administrative Expense": 2754000000.0,
      "Gross Profit": 13038000000.0,
      "Cost Of Revenue": 65440000000.0,
      "Total Revenue": 78478000000.0,
      "Operating Revenue": 78478000000.0
    },
    "2024-06-30T00:00:00": {
      "Tax Effect Of Unusual Items": 0.0,
      "Tax Rate For Calcs": 0.271605,
      "Normalized EBITDA": 12770000000.0,
      "Total Unusual Items": null,
      "Total Unusual Items Excluding Goodwill": null,
      "Net Income From Continuing Operation Net Minority Interest": 3238000000.0,
      "Reconciled Depreciation": 7343000000.0,
      "Reconciled Cost Of Revenue": 67591000000.0,
      "EBITDA": 12770000000.0,
      "EBIT": 5427000000.0,
      "Net Interest Income": -293000000.0,
      "Normalized Income": 3238000000.0,
      "Net Income From Continuing And Discontinued Operation": 3238000000.0,
      "Total Expenses": 77912000000.0,
      "Total Operating Income As Reported": 5427000000.0,
      "Diluted Average Shares": 501295263.0,
      "Basic Average Shares": 501295263.0,
      "Diluted EPS": 6.15,
      "Basic EPS": 6.15,
      "Diluted NI Availto Com Stockholders": 3081000000.0,
      "Net Income Common Stockholders": 3081000000.0,
      "Otherunder Preferred Stock Dividend": 157000000.0,
      "Preferred Stock Dividends": 0.0,
      "Net Income": 3238000000.0,
      "Minority Interests": -361000000.0,
      "Net Income Including Noncontrolling Interests": 3599000000.0,
      "Net Income Continuous Operations": 3599000000.0,
      "Tax Provision": 1342000000.0,
      "Pretax Income": 4941000000.0,
      "Special Income Charges": null,
      "Restructuring And Mergern Acquisition": null,
      "Net Non Operating Interest Income Expense": -293000000.0,
      "Operating Income": 5427000000.0,
      "Operating Expense": 10321000000.0,
      "Other Operating Expenses": 1653000000.0,
      "Selling General And Administration": 8668000000.0,
      "Selling And Marketing Expense": 5411000000.0,
      "General And Administrative Expense": 3257000000.0,
      "Gross Profit": 15748000000.0,
      "Cost Of Revenue": 67591000000.0,
      "Total Revenue": 83339000000.0,
      "Operating Revenue": 83339000000.0
    }
  },
  "balance_sheet": {
    "2024-12-31T00:00:00": {
      "Ordinary Shares Number": 501295263.0,
      "Share Issued": 501295263.0,
      "Net Debt": 149048000000.0,
      "Total Debt": 196520000000.0,
      "Tangible Book Value": 88961000000.0,
      "Invested Capital": 371638000000.0,
      "Working Capital": 28192000000.0,
      "Net Tangible Assets": 88961000000.0,
      "Capital Lease Obligations": 7176000000.0,
      "Common Stock Equity": 182294000000.0,
      "Total Capitalization": 309503000000.0,
      "Total Equity Gross Minority Interest": 196731000000.0,
      "Minority Interest": 14437000000.0,
      "Stockholders Equity": 182294000000.0,
      "Other Equity Interest": 13890000000.0,
      "Retained Earnings": 155130000000.0,
      "Additional Paid In Capital": 14551000000.0,
      "Capital Stock": 1283000000.0,
      "Common Stock": 1283000000.0,
      "Total Liabilities Net Minority Interest": 436174000000.0,
      "Total Non Current Liabilities Net Minority Interest": 219135000000.0,
      "Other Non Current Liabilities": 1763000000.0,
      "Derivative Product Liabilities": 4144000000.0,
      "Non Current Pension And Other Postretirement Benefit Plans": 27670000000.0,
      "Non Current Accrued Expenses": 863000000.0,
      "Tradeand Other Payables Non Current": 461000000.0,
      "Non Current Deferred Revenue": 7684000000.0,
      "Non Current Deferred Taxes Liabilities": 14984000000.0,
      "Long Term Debt And Capital Lease Obligation": 133133000000.0,
      "Long Term Capital Lease Obligation": 5924000000.0,
      "Long Term Debt": 127209000000.0,
      "Long Term Provisions": 22355000000.0,
      "Current Liabilities": 217039000000.0,
      "Other Current Liabilities": 2392000000.0,
      "Current Deferred Taxes Liabilities": 1698000000.0,
      "Current Debt And Capital Lease Obligation": 63387000000.0,
      "Current Capital Lease Obligation": 1252000000.0,
      "Current Debt": 62135000000.0,
      "Pensionand Other Post Retirement Benefit Plans Current": 1032000000.0,
      "Current Provisions": 28709000000.0,
      "Payables": 35984000000.0,
      "Other Payable": 1407000000.0,
      "Total Tax Payable": 4805000000.0,
      "Accounts Payable": 29772000000.0,
      "Total Assets": 632905000000.0,
      "Total Non Current Assets": 387674000000.0,
      "Other Non Current Assets": 1000000.0,
      "Non Current Deferred Taxes Assets": 16581000000.0,
      "Financial Assets": 3814000000.0,
      "Investmentin Financial Assets": 7242000000.0,
      "Available For Sale Securities": 7242000000.0,
      "Long Term Equity Investment": 10269000000.0,
      "Investment Properties": 622000000.0,
      "Goodwill And Other Intangible Assets": 93333000000.0,
      "Other Intangible Assets": 66957000000.0,
      "Goodwill": 26376000000.0,
      "Net PPE": 144644000000.0,
      "Accumulated Depreciation": -176882000000.0,
      "Gross PPE": 321526000000.0,
      "Construction In Progress": 13007000000.0,
      "Other Properties": 96333000000.0,
      "Machinery Furniture Equipment": 156251000000.0,
      "Properties": 55935000000.0,
      "Current Assets": 245231000000.0,
      "Other Current Assets": 2000000.0,
      "Hedging Assets Current": 3425000000.0,
      "Assets Held For Sale Current": 0.0,
      "Prepaid Assets": 3587000000.0,
      "Inventory": 53132000000.0,
      "Other Inventories": 6201000000.0,
      "Finished Goods": 32905000000.0,
      "Work In Process": 5100000000.0,
      "Raw Materials": 8926000000.0,
      "Other Receivables": 13478000000.0,
      "Taxes Receivable": 8177000000.0,
      "Accounts Receivable": 67687000000.0,
      "Cash Cash Equivalents And Short Term Investments": 73446000000.0,
      "Other Short Term Investments": 33150000000.0,
      "Cash And Cash Equivalents": 40296000000.0,
      "Cash Financial": 40296000000.0
    },
    "2023-12-31T00:00:00": {
      "Ordinary Shares Number": 501295263.0,
      "Share Issued": 501295263.0,
      "Net Debt": 144030000000.0,
      "Total Debt": 193972000000.0,
      "Tangible Book Value": 85859000000.0,
      "Invested Capital": 362447000000.0,
      "Working Capital": 33608000000.0,
      "Net Tangible Assets": 85859000000.0,
      "Capital Lease Obligations": 6493000000.0,
      "Common Stock Equity": 174968000000.0,
      "Total Capitalization": 288672000000.0,
      "Total Equity Gross Minority Interest": 189186000000.0,
      "Minority Interest": 14218000000.0,
      "Stockholders Equity": 174968000000.0,
      "Other Equity Interest": 15155000000.0,
      "Retained Earnings": 147104000000.0,
      "Additional Paid In Capital": 14551000000.0,
      "Capital Stock": 1283000000.0,
      "Common Stock": 1283000000.0,
      "Total Liabilities Net Minority Interest": 411463000000.0,
      "Total Non Current Liabilities Net Minority Interest": 205427000000.0,
      "Other Non Current Liabilities": 1793000000.0,
      "Derivative Product Liabilities": 4680000000.0,
      "Non Current Pension And Other Postretirement Benefit Plans": 29746000000.0,
      "Non Current Accrued Expenses": 799000000.0,
      "Tradeand Other Payables Non Current": 500000000.0,
      "Non Current Deferred Revenue": 7001000000.0,
      "Non Current Deferred Taxes Liabilities": 14068000000.0,
      "Long Term Debt And Capital Lease Obligation": 119085000000.0,
      "Long Term Capital Lease Obligation": 5381000000.0,
      "Long Term Debt": 113704000000.0,
      "Long Term Provisions": 22511000000.0,
      "Current Liabilities": 206036000000.0,
      "Other Current Liabilities": 2299000000.0,
      "Current Deferred Taxes Liabilities": 1663000000.0,
      "Current Debt And Capital Lease Obligation": 74887000000.0,
      "Current Capital Lease Obligation": 1112000000.0,
      "Current Debt": 73775000000.0,
      "Pensionand Other Post Retirement Benefit Plans Current": 881000000.0,
      "Current Provisions": 24042000000.0,
      "Payables": 36643000000.0,
      "Other Payable": 1256000000.0,
      "Total Tax Payable": 4486000000.0,
      "Accounts Payable": 30901000000.0,
      "Total Assets": 600649000000.0,
      "Total Non Current Assets": 361005000000.0,
      "Other Non Current Assets": -2000000.0,
      "Non Current Deferred Taxes Assets": 14251000000.0,
      "Financial Assets": 4629000000.0,
      "Investmentin Financial Assets": 5358000000.0,
      "Available For Sale Securities": 5358000000.0,
      "Long Term Equity Investment": 12239000000.0,
      "Investment Properties": 632000000.0,
      "Goodwill And Other Intangible Assets": 89109000000.0,
      "Other Intangible Assets": 62817000000.0,
      "Goodwill": 26292000000.0,
      "Net PPE": 130975000000.0,
      "Accumulated Depreciation": -168741000000.0,
      "Gross PPE": 299716000000.0,
      "Construction In Progress": 11001000000.0,
      "Other Properties": 86093000000.0,
      "Machinery Furniture Equipment": 149808000000.0,
      "Properties": 52814000000.0,
      "Current Assets": 239644000000.0,
      "Other Current Assets": -1000000.0,
      "Hedging Assets Current": 3289000000.0,
      "Assets Held For Sale Current": 190000000.0,
      "Prepaid Assets": 1649000000.0,
      "Inventory": 51953000000.0,
      "Other Inventories": 6167000000.0,
      "Finished Goods": 30994000000.0,
      "Work In Process": 5005000000.0,
      "Raw Materials": 9787000000.0,
      "Other Receivables": 12340000000.0,
      "Taxes Receivable": 7080000000.0,
      "Accounts Receivable": 67203000000.0,
      "Cash Cash Equivalents And Short Term Investments": 74913000000.0,
      "Other Short Term Investments": 31464000000.0,
      "Cash And Cash Equivalents": 43449000000.0,
      "Cash Financial": 43449000000.0
    },
    "2022-12-31T00:00:00": {
      "Ordinary Shares Number": 501295263.0,
      "Share Issued": 501295263.0,
      "Net Debt": 142879000000.0,
      "Total Debt": 178436000000.0,
      "Tangible Book Value": 82135000000.0,
      "Invested Capital": 337427000000.0,
      "Working Capital": 41436000000.0,
      "Net Tangible Assets": 82135000000.0,
      "Capital Lease Obligations": 6385000000.0,
      "Common Stock Equity": 165376000000.0,
      "Total Capitalization": 279188000000.0,
      "Total Equity Gross Minority Interest": 178328000000.0,
      "Minority Interest": 12952000000.0,
      "Stockholders Equity": 165376000000.0,
      "Other Equity Interest": 14121000000.0,
      "Retained Earnings": 137272000000.0,
      "Additional Paid In Capital": 14551000000.0,
      "Capital Stock": 1283000000.0,
      "Common Stock": 1283000000.0,
      "Total Liabilities Net Minority Interest": 385685000000.0,
      "Total Non Current Liabilities Net Minority Interest": 202962000000.0,
      "Other Non Current Liabilities": 1657000000.0,
      "Derivative Product Liabilities": 5565000000.0,
      "Non Current Pension And Other Postretirement Benefit Plans": 27702000000.0,
      "Non Current Accrued Expenses": 878000000.0,
      "Tradeand Other Payables Non Current": 374000000.0,
      "Non Current Deferred Revenue": 6301000000.0,
      "Non Current Deferred Taxes Liabilities": 15056000000.0,
      "Long Term Debt And Capital Lease Obligation": 119095000000.0,
      "Long Term Capital Lease Obligation": 5283000000.0,
      "Long Term Debt": 113812000000.0,
      "Long Term Provisions": 21283000000.0,
      "Current Liabilities": 182723000000.0,
      "Other Current Liabilities": 2232000000.0,
      "Current Deferred Taxes Liabilities": 2586000000.0,
      "Current Debt And Capital Lease Obligation": 59341000000.0,
      "Current Capital Lease Obligation": 1102000000.0,
      "Current Debt": 58239000000.0,
      "Pensionand Other Post Retirement Benefit Plans Current": 806000000.0,
      "Current Provisions": 24596000000.0,
      "Payables": 33845000000.0,
      "Other Payable": 837000000.0,
      "Total Tax Payable": 4270000000.0,
      "Accounts Payable": 28738000000.0,
      "Total Assets": 564013000000.0,
      "Total Non Current Assets": 339853000000.0,
      "Other Non Current Assets": -1000000.0,
      "Non Current Deferred Taxes Assets": 12929000000.0,
      "Financial Assets": 7545000000.0,
      "Investmentin Financial Assets": 4522000000.0,
      "Available For Sale Securities": 4522000000.0,
      "Long Term Equity Investment": 12668000000.0,
      "Investment Properties": 610000000.0,
      "Goodwill And Other Intangible Assets": 83241000000.0,
      "Other Intangible Assets": 57039000000.0,
      "Goodwill": 26202000000.0,
      "Net PPE": 123271000000.0,
      "Accumulated Depreciation": -163574000000.0,
      "Gross PPE": 286845000000.0,
      "Construction In Progress": 9991000000.0,
      "Other Properties": 80919000000.0,
      "Machinery Furniture Equipment": 145146000000.0,
      "Properties": 50789000000.0,
      "Current Assets": 224159000000.0,
      "Other Current Assets": -1000000.0,
      "Hedging Assets Current": 3916000000.0,
      "Assets Held For Sale Current": 733000000.0,
      "Prepaid Assets": 1165000000.0,
      "Inventory": 51109000000.0,
      "Other Inventories": 5144000000.0,
      "Finished Goods": 29466000000.0,
      "Work In Process": 6041000000.0,
      "Raw Materials": 10458000000.0,
      "Other Receivables": 9804000000.0,
      "Taxes Receivable": 6584000000.0,
      "Accounts Receivable": 60202000000.0,
      "Cash Cash Equivalents And Short Term Investments": 70767000000.0,
      "Other Short Term Investments": 41595000000.0,
      "Cash And Cash Equivalents": 29172000000.0,
      "Cash Financial": 29172000000.0
    },
    "2021-12-31T00:00:00": {
      "Ordinary Shares Number": 501295263.0,
      "Share Issued": 501295263.0,
      "Net Debt": 137401000000.0,
      "Total Debt": 183370000000.0,
      "Tangible Book Value": 66760000000.0,
      "Invested Capital": 321574000000.0,
      "Working Capital": 35954000000.0,
      "Net Tangible Assets": 66760000000.0,
      "Capital Lease Obligations": 6245000000.0,
      "Common Stock Equity": 144449000000.0,
      "Total Capitalization": 268341000000.0,
      "Total Equity Gross Minority Interest": 146154000000.0,
      "Minority Interest": 1705000000.0,
      "Stockholders Equity": 144449000000.0,
      "Other Equity Interest": 14440000000.0,
      "Retained Earnings": 117342000000.0,
      "Additional Paid In Capital": 14551000000.0,
      "Capital Stock": 1283000000.0,
      "Common Stock": 1283000000.0,
      "Total Liabilities Net Minority Interest": 382455000000.0,
      "Total Non Current Liabilities Net Minority Interest": 218062000000.0,
      "Other Non Current Liabilities": 1577000000.0,
      "Derivative Product Liabilities": 2047000000.0,
      "Non Current Pension And Other Postretirement Benefit Plans": 41676000000.0,
      "Non Current Accrued Expenses": 815000000.0,
      "Tradeand Other Payables Non Current": 230000000.0,
      "Non Current Deferred Revenue": 5792000000.0,
      "Non Current Deferred Taxes Liabilities": 8523000000.0,
      "Long Term Debt And Capital Lease Obligation": 129029000000.0,
      "Long Term Capital Lease Obligation": 5137000000.0,
      "Long Term Debt": 123892000000.0,
      "Long Term Provisions": 23474000000.0,
      "Current Liabilities": 164393000000.0,
      "Other Current Liabilities": 2234000000.0,
      "Current Deferred Taxes Liabilities": 2863000000.0,
      "Current Debt And Capital Lease Obligation": 54341000000.0,
      "Current Capital Lease Obligation": 1108000000.0,
      "Current Debt": 53233000000.0,
      "Pensionand Other Post Retirement Benefit Plans Current": 674000000.0,
      "Current Provisions": 25578000000.0,
      "Payables": 27834000000.0,
      "Other Payable": 638000000.0,
      "Total Tax Payable": 3572000000.0,
      "Accounts Payable": 23624000000.0,
      "Total Assets": 528609000000.0,
      "Total Non Current Assets": 328261000000.0,
      "Other Non Current Assets": -2000000.0,
      "Non Current Deferred Taxes Assets": 13393000000.0,
      "Financial Assets": 3532000000.0,
      "Investmentin Financial Assets": 4086000000.0,
      "Available For Sale Securities": 4086000000.0,
      "Long Term Equity Investment": 12531000000.0,
      "Investment Properties": 615000000.0,
      "Goodwill And Other Intangible Assets": 77689000000.0,
      "Other Intangible Assets": 51515000000.0,
      "Goodwill": 26174000000.0,
      "Net PPE": 123394000000.0,
      "Accumulated Depreciation": -151933000000.0,
      "Gross PPE": 275327000000.0,
      "Construction In Progress": 7645000000.0,
      "Other Properties": 79146000000.0,
      "Machinery Furniture Equipment": 140255000000.0,
      "Properties": 48281000000.0,
      "Current Assets": 200347000000.0,
      "Other Current Assets": -1000000.0,
      "Hedging Assets Current": 1787000000.0,
      "Assets Held For Sale Current": 674000000.0,
      "Prepaid Assets": 344000000.0,
      "Inventory": 43380000000.0,
      "Other Inventories": 5289000000.0,
      "Finished Goods": 22201000000.0,
      "Work In Process": 6559000000.0,
      "Raw Materials": 9331000000.0,
      "Other Receivables": 9266000000.0,
      "Taxes Receivable": 5999000000.0,
      "Accounts Receivable": 52750000000.0,
      "Cash Cash Equivalents And Short Term Investments": 66879000000.0,
      "Other Short Term Investments": 27155000000.0,
      "Cash And Cash Equivalents": 39724000000.0,
      "Cash Financial": 39724000000.0
    }
  },
  "cashflow": {
    "2024-12-31T00:00:00": {
      "Free Cash Flow": -10295000000.0,
      "Repayment Of Debt": -40958000000.0,
      "Issuance Of Debt": 51542000000.0,
      "Capital Expenditure": -27446000000.0,
      "End Cash Position": 40296000000.0,
      "Other Cash Adjustment Outside Changein Cash": null,
      "Beginning Cash Position": 43522000000.0,
      "Effect Of Exchange Rate Changes": 55000000.0,
      "Changes In Cash": -3281000000.0,
      "Other Cash Adjustment Inside Changein Cash": 1000000.0,
      "Financing Cash Flow": 11140000000.0,
      "Net Other Financing Charges": 8813000000.0,
      "Cash Dividends Paid": -5779000000.0,
      "Net Common Stock Issuance": -1144000000.0,
      "Net Issuance Payments Of Debt": 10584000000.0,
      "Net Long Term Debt Issuance": 10584000000.0,
      "Long Term Debt Payments": -40958000000.0,
      "Long Term Debt Issuance": 51542000000.0,
      "Investing Cash Flow": -31573000000.0,
      "Net Other Investing Changes": -1000000.0,
      "Net Investment Purchase And Sale": -203000000.0,
      "Purchase Of Investment": null,
      "Net Business Purchase And Sale": -2353000000.0,
      "Sale Of Business": 231000000.0,
      "Purchase Of Business": -2584000000.0,
      "Net Intangibles Purchase And Sale": -16255000000.0,
      "Sale Of Intangibles": 947000000.0,
      "Purchase Of Intangibles": -17202000000.0,
      "Capital Expenditure Reported": -10244000000.0,
      "Operating Cash Flow": 17151000000.0,
      "Taxes Refund Paid": -6187000000.0,
      "Change In Working Capital": -28898000000.0,
      "Change In Other Current Liabilities": 52000000.0,
      "Change In Other Current Assets": -19358000000.0,
      "Change In Inventory": -2695000000.0,
      "Change In Receivables": -11144000000.0,
      "Other Non Cash Items": 903000000.0,
      "Depreciation And Amortization": 31346000000.0,
      "Amortization Cash Flow": 7209000000.0,
      "Depreciation": 24137000000.0,
      "Gain Loss On Investment Securities": 110000000.0,
      "Gain Loss On Sale Of PPE": null,
      "Net Income From Continuing Operations": 16806000000.0
    },
    "2023-12-31T00:00:00": {
      "Free Cash Flow": -6439000000.0,
      "Repayment Of Debt": -41563000000.0,
      "Issuance Of Debt": 53530000000.0,
      "Capital Expenditure": -25795000000.0,
      "End Cash Position": 43522000000.0,
      "Other Cash Adjustment Outside Changein Cash": -2000000.0,
      "Beginning Cash Position": 29738000000.0,
      "Effect Of Exchange Rate Changes": -1764000000.0,
      "Changes In Cash": 15550000000.0,
      "Other Cash Adjustment Inside Changein Cash": -2000000.0,
      "Financing Cash Flow": 16008000000.0,
      "Net Other Financing Charges": 15960000000.0,
      "Cash Dividends Paid": -11732000000.0,
      "Net Common Stock Issuance": 1003000000.0,
      "Net Issuance Payments Of Debt": 11967000000.0,
      "Net Long Term Debt Issuance": 11967000000.0,
      "Long Term Debt Payments": -41563000000.0,
      "Long Term Debt Issuance": 53530000000.0,
      "Investing Cash Flow": -19812000000.0,
      "Net Other Investing Changes": 1000000.0,
      "Net Investment Purchase And Sale": 11273000000.0,
      "Purchase Of Investment": null,
      "Net Business Purchase And Sale": -2738000000.0,
      "Sale Of Business": 41000000.0,
      "Purchase Of Business": -2779000000.0,
      "Net Intangibles Purchase And Sale": -14152000000.0,
      "Sale Of Intangibles": 501000000.0,
      "Purchase Of Intangibles": -14653000000.0,
      "Capital Expenditure Reported": -11142000000.0,
      "Operating Cash Flow": 19356000000.0,
      "Taxes Refund Paid": -7716000000.0,
      "Change In Working Capital": -28741000000.0,
      "Change In Other Current Liabilities": 5272000000.0,
      "Change In Other Current Assets": -14964000000.0,
      "Change In Inventory": -2071000000.0,
      "Change In Receivables": -17693000000.0,
      "Other Non Cash Items": 3953000000.0,
      "Depreciation And Amortization": 27566000000.0,
      "Amortization Cash Flow": 5184000000.0,
      "Depreciation": 22382000000.0,
      "Gain Loss On Investment Securities": 208000000.0,
      "Gain Loss On Sale Of PPE": null,
      "Net Income From Continuing Operations": 23099000000.0
    },
    "2022-12-31T00:00:00": {
      "Free Cash Flow": 5825000000.0,
      "Repayment Of Debt": -25638000000.0,
      "Issuance Of Debt": 23876000000.0,
      "Capital Expenditure": -22671000000.0,
      "End Cash Position": 29738000000.0,
      "Other Cash Adjustment Outside Changein Cash": null,
      "Beginning Cash Position": 39123000000.0,
      "Effect Of Exchange Rate Changes": -285000000.0,
      "Changes In Cash": -9100000000.0,
      "Other Cash Adjustment Inside Changein Cash": 1000000.0,
      "Financing Cash Flow": 4225000000.0,
      "Net Other Financing Charges": 11832000000.0,
      "Cash Dividends Paid": -4362000000.0,
      "Net Common Stock Issuance": -235000000.0,
      "Net Issuance Payments Of Debt": -1762000000.0,
      "Net Long Term Debt Issuance": -1762000000.0,
      "Long Term Debt Payments": -25638000000.0,
      "Long Term Debt Issuance": 23876000000.0,
      "Investing Cash Flow": -41822000000.0,
      "Net Other Investing Changes": -1000000.0,
      "Net Investment Purchase And Sale": -14885000000.0,
      "Purchase Of Investment": null,
      "Net Business Purchase And Sale": -3219000000.0,
      "Sale Of Business": 407000000.0,
      "Purchase Of Business": -3626000000.0,
      "Net Intangibles Purchase And Sale": -12511000000.0,
      "Sale Of Intangibles": 437000000.0,
      "Purchase Of Intangibles": -12948000000.0,
      "Capital Expenditure Reported": -9723000000.0,
      "Operating Cash Flow": 28496000000.0,
      "Taxes Refund Paid": -4416000000.0,
      "Change In Working Capital": -19886000000.0,
      "Change In Other Current Liabilities": 8713000000.0,
      "Change In Other Current Assets": -8711000000.0,
      "Change In Inventory": -8385000000.0,
      "Change In Receivables": -9359000000.0,
      "Other Non Cash Items": -539000000.0,
      "Depreciation And Amortization": 28485000000.0,
      "Amortization Cash Flow": 5144000000.0,
      "Depreciation": 23341000000.0,
      "Gain Loss On Investment Securities": 30000000.0,
      "Gain Loss On Sale Of PPE": 30000000.0,
      "Net Income From Continuing Operations": 22070000000.0
    },
    "2021-12-31T00:00:00": {
      "Free Cash Flow": 20135000000.0,
      "Repayment Of Debt": -30557000000.0,
      "Issuance Of Debt": 32659000000.0,
      "Capital Expenditure": -18498000000.0,
      "End Cash Position": 39123000000.0,
      "Other Cash Adjustment Outside Changein Cash": -1000000.0,
      "Beginning Cash Position": 33432000000.0,
      "Effect Of Exchange Rate Changes": 942000000.0,
      "Changes In Cash": 4750000000.0,
      "Other Cash Adjustment Inside Changein Cash": -1000000.0,
      "Financing Cash Flow": -7754000000.0,
      "Net Other Financing Charges": -4517000000.0,
      "Cash Dividends Paid": -3022000000.0,
      "Net Common Stock Issuance": -1071000000.0,
      "Net Issuance Payments Of Debt": 2102000000.0,
      "Net Long Term Debt Issuance": 2102000000.0,
      "Long Term Debt Payments": -30557000000.0,
      "Long Term Debt Issuance": 32659000000.0,
      "Investing Cash Flow": -26128000000.0,
      "Net Other Investing Changes": null,
      "Net Investment Purchase And Sale": -1281000000.0,
      "Purchase Of Investment": -1281000000.0,
      "Net Business Purchase And Sale": -6151000000.0,
      "Sale Of Business": 52000000.0,
      "Purchase Of Business": -6203000000.0,
      "Net Intangibles Purchase And Sale": -10186000000.0,
      "Sale Of Intangibles": 469000000.0,
      "Purchase Of Intangibles": -10655000000.0,
      "Capital Expenditure Reported": -7843000000.0,
      "Operating Cash Flow": 38633000000.0,
      "Taxes Refund Paid": -4216000000.0,
      "Change In Working Capital": -4063000000.0,
      "Change In Other Current Liabilities": 1856000000.0,
      "Change In Other Current Assets": -16205000000.0,
      "Change In Inventory": 2110000000.0,
      "Change In Receivables": 6233000000.0,
      "Other Non Cash Items": -1652000000.0,
      "Depreciation And Amortization": 27336000000.0,
      "Amortization Cash Flow": 5050000000.0,
      "Depreciation": 22286000000.0,
      "Gain Loss On Investment Securities": 180000000.0,
      "Gain Loss On Sale Of PPE": 180000000.0,
      "Net Income From Continuing Operations": 20126000000.0
    }
  },
  "earnings_estimate": {
    "avg": {
      "0q": 4.53333,
      "+1q": 4.61,
      "0y": 10.45541,
      "+1y": 21.62098
    },
    "low": {
      "0q": 3.2,
      "+1q": 4.32,
      "0y": 7.83,
      "+1y": 16.21
    },
    "high": {
      "0q": 5.24,
      "+1q": 4.9,
      "0y": 12.68,
      "+1y": 24.8
    },
    "numberOfAnalysts": {
      "0q": 3,
      "+1q": 2,
      "0y": 15,
      "+1y": 17
    },
    "yearAgoEps": {
      "0q": null,
      "+1q": 3.69,
      "0y": null,
      "+1y": 10.45541
    },
    "growth": {
      "0q": null,
      "+1q": 0.2493,
      "0y": null,
      "+1y": 1.0679001
    }
  },
  "revenue_estimate": {
    "avg": {
      "0q": 84864028170,
      "+1q": 77763997330,
      "0y": 324141492100,
      "+1y": 330241188040
    },
    "low": {
      "0q": 83012169000,
      "+1q": 75069735000,
      "0y": 317583171810,
      "+1y": 312780294470
    },
    "high": {
      "0q": 87441000000,
      "+1q": 80153000000,
      "0y": 328513041040,
      "+1y": 336498000000
    },
    "numberOfAnalysts": {
      "0q": 6,
      "+1q": 3,
      "0y": 20,
      "+1y": 20
    },
    "yearAgoRevenue": {
      "0q": 87377000000,
      "+1q": 77558000000,
      "0y": 324656000000,
      "+1y": 324141492100
    },
    "growth": {
      "0q": -0.028800001,
      "+1q": 0.0027,
      "0y": -0.0016,
      "+1y": 0.0188
    }
  },
  "growth_estimates": {
    "stockTrend": {
      "0q": null,
      "+1q": 0.2493,
      "0y": null,
      "+1y": 1.0679001,
      "LTG": null
    },
    "indexTrend": {
      "0q": 0.1273,
      "+1q": 0.103599995,
      "0y": 0.14310001,
      "+1y": 0.1557,
      "LTG": 0.122
    }
  },
  "revenue_forecasts": null,
  "dividend_rate": 6.36,
  "trailing_dividend_rate": 6.36
}