{
  "ticker": "WMT",
  "name": "Walmart",
  "country": "usa",
  "currency": "USD",
  "last_fetched": "2026-02-26T20:45:00.075432",
  "market_cap": 995649650688,
  "revenue": 713163014144,
  "net_income": 21892999168,
  "pe_ratio": 45.743587,
  "forward_pe": 37.9788,
  "dividend_yield": 0.79,
  "profit_margin": 0.0307,
  "roe": 0.21847,
  "debt_to_equity": 63.19,
  "beta": 0.671,
  "ev_to_ebitda": 24.113,
  "sector": "Consumer Defensive",
  "industry": "Discount Stores",
  "summary": "Walmart Inc. engages in the operation of retail and wholesale stores and clubs, eCommerce websites, and mobile applications worldwide. The company operates through three segments: Walmart U.S., Walmart International, and Sam's Club. It operates supercenters, supermarkets, warehouse clubs, cash and carry stores, and discount stores under Walmart and Walmart Neighborhood Market brands; membership-only warehouse clubs; and ecommerce websites, such as walmart.com.mx, walmart.ca, flipkart.com, PhonePe and other sites. The company also offers grocery items, including dry grocery, snacks, dairy, meat, produce, deli and bakery, frozen foods, alcoholic and nonalcoholic beverages, as well as consumables, such as health and beauty aids, pet supplies, household chemicals, paper goods, and baby products; and fuel and other categories. In addition, it is involved in the provision of health and wellness products covering pharmacy, optical and hearing services, over-the-counter drugs, and protein and nutrition products; and home, hardlines, and seasonal items, including home improvement, outdoor living, gardening, furniture, apparel, jewelry, tools and power equipment, housewares, toys, and mattresses. Further, the company offers consumer electronics and accessories, software, video games, office supplies, appliances, and third-party gift cards. Additionally, it operates digital payment platforms; offers financial services and related products, including money transfers, bill payments, money orders, check cashing, prepaid access, co-branded credit cards, installment lending, and earned wage access; and markets lines of merchandise under private and licensed brands. It also offers premium musical instrument shop that features guitars, amplifiers, pedals, drum accessories, strings, gig bags, and other music essentials. The company was formerly known as Wal-Mart Stores, Inc. and changed its name to Walmart Inc. in February 2018. Walmart Inc. was founded in 1945 and is based in Bentonville, Arkansas.",
  "website": "https://www.walmart.com",
  "employees": 2100000,
  "target_high": 150.0,
  "target_low": 62.0,
  "target_mean": 135.90244,
  "target_median": 138.0,
  "recommendation": "strong_buy",
  "num_analysts": 41,
  "income_stmt": {
    "2025-01-31T00:00:00": {
      "Tax Effect Of Unusual Items": 0.0,
      "Tax Rate For Calcs": 0.234,
      "Normalized EBITDA": 42010000000.0,
      "Total Unusual Items": null,
      "Total Unusual Items Excluding Goodwill": null,
      "Net Income From Continuing Operation Net Minority Interest": 19436000000.0,
      "Reconciled Depreciation": 12973000000.0,
      "Reconciled Cost Of Revenue": 511753000000.0,
      "EBITDA": 42010000000.0,
      "EBIT": 29037000000.0,
      "Net Interest Income": -2245000000.0,
      "Interest Expense": 2728000000.0,
      "Interest Income": 483000000.0,
      "Normalized Income": 19436000000.0,
      "Net Income From Continuing And Discontinued Operation": 19436000000.0,
      "Total Expenses": 651637000000.0,
      "Total Operating Income As Reported": 29348000000.0,
      "Diluted Average Shares": 8081000000.0,
      "Basic Average Shares": 8041000000.0,
      "Diluted EPS": 2.41,
      "Basic EPS": 2.42,
      "Diluted NI Availto Com Stockholders": 19436000000.0,
      "Net Income Common Stockholders": 19436000000.0,
      "Net Income": 19436000000.0,
      "Minority Interests": -721000000.0,
      "Net Income Including Noncontrolling Interests": 20157000000.0,
      "Net Income Continuous Operations": 20157000000.0,
      "Tax Provision": 6152000000.0,
      "Pretax Income": 26309000000.0,
      "Other Income Expense": -794000000.0,
      "Other Non Operating Income Expenses": -794000000.0,
      "Special Income Charges": null,
      "Other Special Charges": null,
      "Net Non Operating Interest Income Expense": -2245000000.0,
      "Interest Expense Non Operating": 2728000000.0,
      "Interest Income Non Operating": 483000000.0,
      "Operating Income": 29348000000.0,
      "Operating Expense": 139884000000.0,
      "Other Operating Expenses": 139884000000.0,
      "Selling General And Administration": 139884000000.0,
      "Gross Profit": 169232000000.0,
      "Cost Of Revenue": 511753000000.0,
      "Total Revenue": 680985000000.0,
      "Operating Revenue": 680985000000.0
    },
    "2024-01-31T00:00:00": {
      "Tax Effect Of Unusual Items": 0.0,
      "Tax Rate For Calcs": 0.255,
      "Normalized EBITDA": 36384000000.0,
      "Total Unusual Items": 0.0,
      "Total Unusual Items Excluding Goodwill": 0.0,
      "Net Income From Continuing Operation Net Minority Interest": 15511000000.0,
      "Reconciled Depreciation": 11853000000.0,
      "Reconciled Cost Of Revenue": 490142000000.0,
      "EBITDA": 36384000000.0,
      "EBIT": 24531000000.0,
      "Net Interest Income": -2137000000.0,
      "Interest Expense": 2683000000.0,
      "Interest Income": 546000000.0,
      "Normalized Income": 15511000000.0,
      "Net Income From Continuing And Discontinued Operation": 15511000000.0,
      "Total Expenses": 621113000000.0,
      "Total Operating Income As Reported": 27012000000.0,
      "Diluted Average Shares": 8109000000.0,
      "Basic Average Shares": 8076000000.0,
      "Diluted EPS": 1.913333,
      "Basic EPS": 1.92,
      "Diluted NI Availto Com Stockholders": 15511000000.0,
      "Net Income Common Stockholders": 15511000000.0,
      "Net Income": 15511000000.0,
      "Minority Interests": -759000000.0,
      "Net Income Including Noncontrolling Interests": 16270000000.0,
      "Net Income Continuous Operations": 16270000000.0,
      "Tax Provision": 5578000000.0,
      "Pretax Income": 21848000000.0,
      "Other Income Expense": -3027000000.0,
      "Other Non Operating Income Expenses": -3027000000.0,
      "Special Income Charges": 0.0,
      "Other Special Charges": null,
      "Net Non Operating Interest Income Expense": -2137000000.0,
      "Interest Expense Non Operating": 2683000000.0,
      "Interest Income Non Operating": 546000000.0,
      "Operating Income": 27012000000.0,
      "Operating Expense": 130971000000.0,
      "Other Operating Expenses": 130971000000.0,
      "Selling General And Administration": 130971000000.0,
      "Gross Profit": 157983000000.0,
      "Cost Of Revenue": 490142000000.0,
      "Total Revenue": 648125000000.0,
      "Operating Revenue": 648125000000.0
    },
    "2023-01-31T00:00:00": {
      "Tax Effect Of Unusual Items": 0.0,
      "Tax Rate For Calcs": 0.336,
      "Normalized EBITDA": 30089000000.0,
      "Total Unusual Items": 0.0,
      "Total Unusual Items Excluding Goodwill": 0.0,
      "Net Income From Continuing Operation Net Minority Interest": 11680000000.0,
      "Reconciled Depreciation": 10945000000.0,
      "Reconciled Cost Of Revenue": 463721000000.0,
      "EBITDA": 30089000000.0,
      "EBIT": 19144000000.0,
      "Net Interest Income": -1874000000.0,
      "Interest Expense": 2128000000.0,
      "Interest Income": 254000000.0,
      "Normalized Income": 11680000000.0,
      "Net Income From Continuing And Discontinued Operation": 11680000000.0,
      "Total Expenses": 590861000000.0,
      "Total Operating Income As Reported": 20428000000.0,
      "Diluted Average Shares": 8202000000.0,
      "Basic Average Shares": 8172000000.0,
      "Diluted EPS": 1.423333,
      "Basic EPS": 1.43,
      "Diluted NI Availto Com Stockholders": 11680000000.0,
      "Net Income Common Stockholders": 11680000000.0,
      "Net Income": 11680000000.0,
      "Minority Interests": 388000000.0,
      "Net Income Including Noncontrolling Interests": 11292000000.0,
      "Net Income Continuous Operations": 11292000000.0,
      "Tax Provision": 5724000000.0,
      "Pretax Income": 17016000000.0,
      "Other Income Expense": -1538000000.0,
      "Other Non Operating Income Expenses": -1538000000.0,
      "Special Income Charges": 0.0,
      "Other Special Charges": null,
      "Net Non Operating Interest Income Expense": -1874000000.0,
      "Interest Expense Non Operating": 2128000000.0,
      "Interest Income Non Operating": 254000000.0,
      "Operating Income": 20428000000.0,
      "Operating Expense": 127140000000.0,
      "Other Operating Expenses": 127140000000.0,
      "Selling General And Administration": 127140000000.0,
      "Gross Profit": 147568000000.0,
      "Cost Of Revenue": 463721000000.0,
      "Total Revenue": 611289000000.0,
      "Operating Revenue": 611289000000.0
    },
    "2022-01-31T00:00:00": {
      "Tax Effect Of Unusual Items": -612140000.0,
      "Tax Rate For Calcs": 0.254,
      "Normalized EBITDA": 33758000000.0,
      "Total Unusual Items": -2410000000.0,
      "Total Unusual Items Excluding Goodwill": -2410000000.0,
      "Net Income From Continuing Operation Net Minority Interest": 13673000000.0,
      "Reconciled Depreciation": 10658000000.0,
      "Reconciled Cost Of Revenue": 429000000000.0,
      "EBITDA": 31348000000.0,
      "EBIT": 20690000000.0,
      "Net Interest Income": -1836000000.0,
      "Interest Expense": 1994000000.0,
      "Interest Income": 158000000.0,
      "Normalized Income": 15470860000.0,
      "Net Income From Continuing And Discontinued Operation": 13673000000.0,
      "Total Expenses": 546812000000.0,
      "Total Operating Income As Reported": 25942000000.0,
      "Diluted Average Shares": 8415000000.0,
      "Basic Average Shares": 8376000000.0,
      "Diluted EPS": 1.623333,
      "Basic EPS": 1.633333,
      "Diluted NI Availto Com Stockholders": 13673000000.0,
      "Net Income Common Stockholders": 13673000000.0,
      "Net Income": 13673000000.0,
      "Minority Interests": -267000000.0,
      "Net Income Including Noncontrolling Interests": 13940000000.0,
      "Net Income Continuous Operations": 13940000000.0,
      "Tax Provision": 4756000000.0,
      "Pretax Income": 18696000000.0,
      "Other Income Expense": -5410000000.0,
      "Other Non Operating Income Expenses": -3000000000.0,
      "Special Income Charges": -2410000000.0,
      "Other Special Charges": 2410000000.0,
      "Net Non Operating Interest Income Expense": -1836000000.0,
      "Interest Expense Non Operating": 1994000000.0,
      "Interest Income Non Operating": 158000000.0,
      "Operating Income": 25942000000.0,
      "Operating Expense": 117812000000.0,
      "Other Operating Expenses": 117812000000.0,
      "Selling General And Administration": 117812000000.0,
      "Gross Profit": 143754000000.0,
      "Cost Of Revenue": 429000000000.0,
      "Total Revenue": 572754000000.0,
      "Operating Revenue": 572754000000.0
    }
  },
  "quarterly_income": {
    "2025-10-31T00:00:00": {
      "Tax Effect Of Unusual Items": 0.0,
      "Tax Rate For Calcs": 0.256291,
      "Normalized EBITDA": 12476000000.0,
      "Net Income From Continuing Operation Net Minority Interest": 6143000000.0,
      "Reconciled Depreciation": 3606000000.0,
      "Reconciled Cost Of Revenue": 134706000000.0,
      "EBITDA": 12476000000.0,
      "EBIT": 8870000000.0,
      "Net Interest Income": -591000000.0,
      "Interest Expense": 684000000.0,
      "Interest Income": 93000000.0,
      "Normalized Income": 6143000000.0,
      "Net Income From Continuing And Discontinued Operation": 6143000000.0,
      "Total Expenses": 172800000000.0,
      "Total Operating Income As Reported": 6696000000.0,
      "Diluted Average Shares": 8011000000.0,
      "Basic Average Shares": 7974000000.0,
      "Diluted EPS": 0.77,
      "Basic EPS": 0.77,
      "Diluted NI Availto Com Stockholders": 6143000000.0,
      "Net Income Common Stockholders": 6143000000.0,
      "Net Income": 6143000000.0,
      "Minority Interests": 55000000.0,
      "Net Income Including Noncontrolling Interests": 6088000000.0,
      "Net Income Continuous Operations": 6088000000.0,
      "Tax Provision": 2098000000.0,
      "Pretax Income": 8186000000.0,
      "Other Income Expense": 2081000000.0,
      "Other Non Operating Income Expenses": 2081000000.0,
      "Net Non Operating Interest Income Expense": -591000000.0,
      "Interest Expense Non Operating": 684000000.0,
      "Interest Income Non Operating": 93000000.0,
      "Operating Income": 6696000000.0,
      "Operating Expense": 38094000000.0,
      "Other Operating Expenses": 38094000000.0,
      "Selling General And Administration": null,
      "Gross Profit": 44790000000.0,
      "Cost Of Revenue": 134706000000.0,
      "Total Revenue": 179496000000.0,
      "Operating Revenue": 179496000000.0
    },
    "2025-07-31T00:00:00": {
      "Tax Effect Of Unusual Items": 0.0,
      "Tax Rate For Calcs": 0.232643,
      "Normalized EBITDA": 13575000000.0,
      "Net Income From Continuing Operation Net Minority Interest": 7026000000.0,
      "Reconciled Depreciation": 3487000000.0,
      "Reconciled Cost Of Revenue": 132771000000.0,
      "EBITDA": 13575000000.0,
      "EBIT": 10088000000.0,
      "Net Interest Income": -675000000.0,
      "Interest Expense": 769000000.0,
      "Interest Income": 94000000.0,
      "Normalized Income": 7026000000.0,
      "Net Income From Continuing And Discontinued Operation": 7026000000.0,
      "Total Expenses": 170116000000.0,
      "Total Operating Income As Reported": 7286000000.0,
      "Diluted Average Shares": 8016000000.0,
      "Basic Average Shares": 7978000000.0,
      "Diluted EPS": 0.88,
      "Basic EPS": 0.88,
      "Diluted NI Availto Com Stockholders": 7026000000.0,
      "Net Income Common Stockholders": 7026000000.0,
      "Net Income": 7026000000.0,
      "Minority Interests": -125000000.0,
      "Net Income Including Noncontrolling Interests": 7151000000.0,
      "Net Income Continuous Operations": 7151000000.0,
      "Tax Provision": 2168000000.0,
      "Pretax Income": 9319000000.0,
      "Other Income Expense": 2708000000.0,
      "Other Non Operating Income Expenses": 2708000000.0,
      "Net Non Operating Interest Income Expense": -675000000.0,
      "Interest Expense Non Operating": 769000000.0,
      "Interest Income Non Operating": 94000000.0,
      "Operating Income": 7286000000.0,
      "Operating Expense": 37345000000.0,
      "Other Operating Expenses": 37345000000.0,
      "Selling General And Administration": null,
      "Gross Profit": 44631000000.0,
      "Cost Of Revenue": 132771000000.0,
      "Total Revenue": 177402000000.0,
      "Operating Revenue": 177402000000.0
    },
    "2025-04-30T00:00:00": {
      "Tax Effect Of Unusual Items": 0.0,
      "Tax Rate For Calcs": 0.226,
      "Normalized EBITDA": 10000000000.0,
      "Net Income From Continuing Operation Net Minority Interest": 4487000000.0,
      "Reconciled Depreciation": 3369000000.0,
      "Reconciled Cost Of Revenue": 124303000000.0,
      "EBITDA": 10000000000.0,
      "EBIT": 6631000000.0,
      "Net Interest Income": -544000000.0,
      "Interest Expense": 637000000.0,
      "Interest Income": 93000000.0,
      "Normalized Income": 4487000000.0,
      "Net Income From Continuing And Discontinued Operation": 4487000000.0,
      "Total Expenses": 158474000000.0,
      "Total Operating Income As Reported": 7135000000.0,
      "Diluted Average Shares": 8051000000.0,
      "Basic Average Shares": 8011000000.0,
      "Diluted EPS": 0.56,
      "Basic EPS": 0.56,
      "Diluted NI Availto Com Stockholders": 4487000000.0,
      "Net Income Common Stockholders": 4487000000.0,
      "Net Income": 4487000000.0,
      "Minority Interests": -152000000.0,
      "Net Income Including Noncontrolling Interests": 4639000000.0,
      "Net Income Continuous Operations": 4639000000.0,
      "Tax Provision": 1355000000.0,
      "Pretax Income": 5994000000.0,
      "Other Income Expense": -597000000.0,
      "Other Non Operating Income Expenses": -597000000.0,
      "Net Non Operating Interest Income Expense": -544000000.0,
      "Interest Expense Non Operating": 637000000.0,
      "Interest Income Non Operating": 93000000.0,
      "Operating Income": 7135000000.0,
      "Operating Expense": 34171000000.0,
      "Other Operating Expenses": 34171000000.0,
      "Selling General And Administration": null,
      "Gross Profit": 41306000000.0,
      "Cost Of Revenue": 124303000000.0,
      "Total Revenue": 165609000000.0,
      "Operating Revenue": 165609000000.0
    },
    "2025-01-31T00:00:00": {
      "Tax Effect Of Unusual Items": 0.0,
      "Tax Rate For Calcs": 0.220882,
      "Normalized EBITDA": 11054000000.0,
      "Net Income From Continuing Operation Net Minority Interest": 5254000000.0,
      "Reconciled Depreciation": 3374000000.0,
      "Reconciled Cost Of Revenue": 136172000000.0,
      "EBITDA": 11054000000.0,
      "EBIT": 7680000000.0,
      "Net Interest Income": -602000000.0,
      "Interest Expense": 717000000.0,
      "Interest Income": 115000000.0,
      "Normalized Income": 5254000000.0,
      "Net Income From Continuing And Discontinued Operation": 5254000000.0,
      "Total Expenses": 172695000000.0,
      "Total Operating Income As Reported": 7859000000.0,
      "Diluted Average Shares": 8078000000.0,
      "Basic Average Shares": 8029000000.0,
      "Diluted EPS": 0.65,
      "Basic EPS": 0.65,
      "Diluted NI Availto Com Stockholders": 5254000000.0,
      "Net Income Common Stockholders": 5254000000.0,
      "Net Income": 5254000000.0,
      "Minority Interests": -171000000.0,
      "Net Income Including Noncontrolling Interests": 5425000000.0,
      "Net Income Continuous Operations": 5425000000.0,
      "Tax Provision": 1538000000.0,
      "Pretax Income": 6963000000.0,
      "Other Income Expense": -294000000.0,
      "Other Non Operating Income Expenses": -294000000.0,
      "Net Non Operating Interest Income Expense": -602000000.0,
      "Interest Expense Non Operating": 717000000.0,
      "Interest Income Non Operating": 115000000.0,
      "Operating Income": 7859000000.0,
      "Operating Expense": 36523000000.0,
      "Other Operating Expenses": 36523000000.0,
      "Selling General And Administration": 36523000000.0,
      "Gross Profit": 44382000000.0,
      "Cost Of Revenue": 136172000000.0,
      "Total Revenue": 180554000000.0,
      "Operating Revenue": 180554000000.0
    },
    "2024-10-31T00:00:00": {
      "Tax Effect Of Unusual Items": 0.0,
      "Tax Rate For Calcs": 0.22696,
      "Normalized EBITDA": 9976000000.0,
      "Net Income From Continuing Operation Net Minority Interest": 4577000000.0,
      "Reconciled Depreciation": 3260000000.0,
      "Reconciled Cost Of Revenue": 127340000000.0,
      "EBITDA": 9976000000.0,
      "EBIT": 6716000000.0,
      "Net Interest Income": -478000000.0,
      "Interest Expense": 618000000.0,
      "Interest Income": 140000000.0,
      "Normalized Income": 4577000000.0,
      "Net Income From Continuing And Discontinued Operation": 4577000000.0,
      "Total Expenses": 162880000000.0,
      "Total Operating Income As Reported": 6708000000.0,
      "Diluted Average Shares": 8082000000.0,
      "Basic Average Shares": 8038000000.0,
      "Diluted EPS": 0.57,
      "Basic EPS": 0.57,
      "Diluted NI Availto Com Stockholders": 4577000000.0,
      "Net Income Common Stockholders": 4577000000.0,
      "Net Income": 4577000000.0,
      "Minority Interests": -137000000.0,
      "Net Income Including Noncontrolling Interests": 4714000000.0,
      "Net Income Continuous Operations": 4714000000.0,
      "Tax Provision": 1384000000.0,
      "Pretax Income": 6098000000.0,
      "Other Income Expense": -132000000.0,
      "Other Non Operating Income Expenses": -132000000.0,
      "Net Non Operating Interest Income Expense": -478000000.0,
      "Interest Expense Non Operating": 618000000.0,
      "Interest Income Non Operating": 140000000.0,
      "Operating Income": 6708000000.0,
      "Operating Expense": 35540000000.0,
      "Other Operating Expenses": 35540000000.0,
      "Selling General And Administration": 35540000000.0,
      "Gross Profit": 42248000000.0,
      "Cost Of Revenue": 127340000000.0,
      "Total Revenue": 169588000000.0,
      "Operating Revenue": 169588000000.0
    },
    "2024-07-31T00:00:00": {
      "Tax Effect Of Unusual Items": null,
      "Tax Rate For Calcs": null,
      "Normalized EBITDA": null,
      "Net Income From Continuing Operation Net Minority Interest": null,
      "Reconciled Depreciation": null,
      "Reconciled Cost Of Revenue": null,
      "EBITDA": null,
      "EBIT": null,
      "Net Interest Income": null,
      "Interest Expense": null,
      "Interest Income": null,
      "Normalized Income": null,
      "Net Income From Continuing And Discontinued Operation": null,
      "Total Expenses": null,
      "Total Operating Income As Reported": null,
      "Diluted Average Shares": null,
      "Basic Average Shares": null,
      "Diluted EPS": null,
      "Basic EPS": null,
      "Diluted NI Availto Com Stockholders": null,
      "Net Income Common Stockholders": null,
      "Net Income": null,
      "Minority Interests": null,
      "Net Income Including Noncontrolling Interests": null,
      "Net Income Continuous Operations": null,
      "Tax Provision": null,
      "Pretax Income": null,
      "Other Income Expense": null,
      "Other Non Operating Income Expenses": null,
      "Net Non Operating Interest Income Expense": null,
      "Interest Expense Non Operating": null,
      "Interest Income Non Operating": null,
      "Operating Income": null,
      "Operating Expense": null,
      "Other Operating Expenses": null,
      "Selling General And Administration": 34585000000.0,
      "Gross Profit": null,
      "Cost Of Revenue": null,
      "Total Revenue": null,
      "Operating Revenue": null
    }
  },
  "balance_sheet": {
    "2025-01-31T00:00:00": {
      "Ordinary Shares Number": 8024000000.0,
      "Share Issued": 8024000000.0,
      "Net Debt": 30030000000.0,
      "Total Debt": 60114000000.0,
      "Tangible Book Value": 62221000000.0,
      "Invested Capital": 130080000000.0,
      "Working Capital": -17126000000.0,
      "Net Tangible Assets": 62221000000.0,
      "Capital Lease Obligations": 21047000000.0,
      "Common Stock Equity": 91013000000.0,
      "Total Capitalization": 124414000000.0,
      "Total Equity Gross Minority Interest": 97692000000.0,
      "Minority Interest": 6679000000.0,
      "Stockholders Equity": 91013000000.0,
      "Gains Losses Not Affecting Retained Earnings": -13605000000.0,
      "Other Equity Adjustments": -944000000.0,
      "Foreign Currency Translation Adjustments": -12661000000.0,
      "Minimum Pension Liabilities": null,
      "Retained Earnings": 98313000000.0,
      "Additional Paid In Capital": 5503000000.0,
      "Capital Stock": 802000000.0,
      "Common Stock": 802000000.0,
      "Total Liabilities Net Minority Interest": 163131000000.0,
      "Total Non Current Liabilities Net Minority Interest": 66547000000.0,
      "Other Non Current Liabilities": 14398000000.0,
      "Non Current Deferred Liabilities": null,
      "Non Current Deferred Taxes Liabilities": null,
      "Long Term Debt And Capital Lease Obligation": 52149000000.0,
      "Long Term Capital Lease Obligation": 18748000000.0,
      "Long Term Debt": 33401000000.0,
      "Current Liabilities": 96584000000.0,
      "Other Current Liabilities": null,
      "Current Deferred Liabilities": 2755000000.0,
      "Current Deferred Revenue": 2755000000.0,
      "Current Debt And Capital Lease Obligation": 7965000000.0,
      "Current Capital Lease Obligation": 2299000000.0,
      "Current Debt": 5666000000.0,
      "Other Current Borrowings": 5666000000.0,
      "Payables And Accrued Expenses": 85864000000.0,
      "Current Accrued Expenses": 23087000000.0,
      "Payables": 62777000000.0,
      "Total Tax Payable": 4111000000.0,
      "Income Tax Payable": 608000000.0,
      "Accounts Payable": 58666000000.0,
      "Total Assets": 260823000000.0,
      "Total Non Current Assets": 181365000000.0,
      "Other Non Current Assets": 12869000000.0,
      "Goodwill And Other Intangible Assets": 28792000000.0,
      "Goodwill": 28792000000.0,
      "Net PPE": 139704000000.0,
      "Accumulated Depreciation": -111624000000.0,
      "Gross PPE": 251328000000.0,
      "Construction In Progress": 15403000000.0,
      "Other Properties": 19711000000.0,
      "Machinery Furniture Equipment": 78899000000.0,
      "Buildings And Improvements": 117973000000.0,
      "Land And Improvements": 19342000000.0,
      "Properties": 0.0,
      "Current Assets": 79458000000.0,
      "Other Current Assets": 4011000000.0,
      "Prepaid Assets": null,
      "Inventory": 56435000000.0,
      "Receivables": 9975000000.0,
      "Accounts Receivable": 9975000000.0,
      "Cash Cash Equivalents And Short Term Investments": 9037000000.0,
      "Cash And Cash Equivalents": 9037000000.0
    },
    "2024-01-31T00:00:00": {
      "Ordinary Shares Number": 8054000001.0,
      "Share Issued": 8054000001.0,
      "Net Debt": 30590000000.0,
      "Total Debt": 61321000000.0,
      "Tangible Book Value": 55748000000.0,
      "Invested Capital": 124318000000.0,
      "Working Capital": -15538000000.0,
      "Net Tangible Assets": 55748000000.0,
      "Capital Lease Obligations": 20864000000.0,
      "Common Stock Equity": 83861000000.0,
      "Total Capitalization": 119993000000.0,
      "Total Equity Gross Minority Interest": 90571000000.0,
      "Minority Interest": 6710000000.0,
      "Stockholders Equity": 83861000000.0,
      "Gains Losses Not Affecting Retained Earnings": -11302000000.0,
      "Other Equity Adjustments": -895000000.0,
      "Foreign Currency Translation Adjustments": -10407000000.0,
      "Minimum Pension Liabilities": -18000000.0,
      "Retained Earnings": 89814000000.0,
      "Additional Paid In Capital": 4544000000.0,
      "Capital Stock": 805000000.0,
      "Common Stock": 805000000.0,
      "Total Liabilities Net Minority Interest": 161828000000.0,
      "Total Non Current Liabilities Net Minority Interest": 69413000000.0,
      "Other Non Current Liabilities": 14629000000.0,
      "Non Current Deferred Liabilities": null,
      "Non Current Deferred Taxes Liabilities": null,
      "Long Term Debt And Capital Lease Obligation": 54784000000.0,
      "Long Term Capital Lease Obligation": 18652000000.0,
      "Long Term Debt": 36132000000.0,
      "Current Liabilities": 92415000000.0,
      "Other Current Liabilities": null,
      "Current Deferred Liabilities": 2664000000.0,
      "Current Deferred Revenue": 2664000000.0,
      "Current Debt And Capital Lease Obligation": 6537000000.0,
      "Current Capital Lease Obligation": 2212000000.0,
      "Current Debt": 4325000000.0,
      "Other Current Borrowings": 4325000000.0,
      "Payables And Accrued Expenses": 83214000000.0,
      "Current Accrued Expenses": 22636000000.0,
      "Payables": 60578000000.0,
      "Total Tax Payable": 3766000000.0,
      "Income Tax Payable": 307000000.0,
      "Accounts Payable": 56812000000.0,
      "Total Assets": 252399000000.0,
      "Total Non Current Assets": 175522000000.0,
      "Other Non Current Assets": 17071000000.0,
      "Goodwill And Other Intangible Assets": 28113000000.0,
      "Goodwill": 28113000000.0,
      "Net PPE": 130338000000.0,
      "Accumulated Depreciation": -109049000000.0,
      "Gross PPE": 239387000000.0,
      "Construction In Progress": 13390000000.0,
      "Other Properties": 19528000000.0,
      "Machinery Furniture Equipment": 75140000000.0,
      "Buildings And Improvements": 111767000000.0,
      "Land And Improvements": 19562000000.0,
      "Properties": 0.0,
      "Current Assets": 76877000000.0,
      "Other Current Assets": 3322000000.0,
      "Prepaid Assets": null,
      "Inventory": 54892000000.0,
      "Receivables": 8796000000.0,
      "Accounts Receivable": 8796000000.0,
      "Cash Cash Equivalents And Short Term Investments": 9867000000.0,
      "Cash And Cash Equivalents": 9867000000.0
    },
    "2023-01-31T00:00:00": {
      "Ordinary Shares Number": 8100000000.0,
      "Share Issued": 8100000000.0,
      "Net Debt": 30587000000.0,
      "Total Debt": 58923000000.0,
      "Tangible Book Value": 48519000000.0,
      "Invested Capital": 115905000000.0,
      "Working Capital": -16543000000.0,
      "Net Tangible Assets": 48519000000.0,
      "Capital Lease Obligations": 19711000000.0,
      "Common Stock Equity": 76693000000.0,
      "Total Capitalization": 111342000000.0,
      "Total Equity Gross Minority Interest": 83991000000.0,
      "Minority Interest": 7298000000.0,
      "Stockholders Equity": 76693000000.0,
      "Gains Losses Not Affecting Retained Earnings": -11680000000.0,
      "Other Equity Adjustments": -857000000.0,
      "Foreign Currency Translation Adjustments": -10816000000.0,
      "Minimum Pension Liabilities": -7000000.0,
      "Retained Earnings": 83135000000.0,
      "Additional Paid In Capital": 4430000000.0,
      "Capital Stock": 808000000.0,
      "Common Stock": 808000000.0,
      "Total Liabilities Net Minority Interest": 159206000000.0,
      "Total Non Current Liabilities Net Minority Interest": 67008000000.0,
      "Other Non Current Liabilities": 14688000000.0,
      "Non Current Deferred Liabilities": 14688000000.0,
      "Non Current Deferred Taxes Liabilities": 14688000000.0,
      "Long Term Debt And Capital Lease Obligation": 52320000000.0,
      "Long Term Capital Lease Obligation": 17671000000.0,
      "Long Term Debt": 34649000000.0,
      "Current Liabilities": 92198000000.0,
      "Other Current Liabilities": null,
      "Current Deferred Liabilities": 2488000000.0,
      "Current Deferred Revenue": 2488000000.0,
      "Current Debt And Capital Lease Obligation": 6603000000.0,
      "Current Capital Lease Obligation": 2040000000.0,
      "Current Debt": 4563000000.0,
      "Other Current Borrowings": 4563000000.0,
      "Payables And Accrued Expenses": 83107000000.0,
      "Current Accrued Expenses": 25213000000.0,
      "Payables": 57894000000.0,
      "Total Tax Payable": 4152000000.0,
      "Income Tax Payable": 727000000.0,
      "Accounts Payable": 53742000000.0,
      "Total Assets": 243197000000.0,
      "Total Non Current Assets": 167542000000.0,
      "Other Non Current Assets": 20134000000.0,
      "Goodwill And Other Intangible Assets": 28174000000.0,
      "Goodwill": 28174000000.0,
      "Net PPE": 119234000000.0,
      "Accumulated Depreciation": -101610000000.0,
      "Gross PPE": 220844000000.0,
      "Construction In Progress": 10802000000.0,
      "Other Properties": 18474000000.0,
      "Machinery Furniture Equipment": 67697000000.0,
      "Buildings And Improvements": 104554000000.0,
      "Land And Improvements": 19317000000.0,
      "Properties": 0.0,
      "Current Assets": 75655000000.0,
      "Other Current Assets": 2521000000.0,
      "Prepaid Assets": null,
      "Inventory": 56576000000.0,
      "Receivables": 7933000000.0,
      "Accounts Receivable": 7933000000.0,
      "Cash Cash Equivalents And Short Term Investments": 8625000000.0,
      "Cash And Cash Equivalents": 8625000000.0
    },
    "2022-01-31T00:00:00": {
      "Ordinary Shares Number": 8283000000.0,
      "Share Issued": 8283000000.0,
      "Net Debt": 23317000000.0,
      "Total Debt": 57323000000.0,
      "Tangible Book Value": 54239000000.0,
      "Invested Capital": 121330000000.0,
      "Working Capital": -6309000000.0,
      "Net Tangible Assets": 54239000000.0,
      "Capital Lease Obligations": 19246000000.0,
      "Common Stock Equity": 83253000000.0,
      "Total Capitalization": 118117000000.0,
      "Total Equity Gross Minority Interest": 91891000000.0,
      "Minority Interest": 8638000000.0,
      "Stockholders Equity": 83253000000.0,
      "Gains Losses Not Affecting Retained Earnings": -8766000000.0,
      "Other Equity Adjustments": -654000000.0,
      "Foreign Currency Translation Adjustments": -8100000000.0,
      "Minimum Pension Liabilities": -12000000.0,
      "Retained Earnings": 86904000000.0,
      "Additional Paid In Capital": 4839000000.0,
      "Capital Stock": 276000000.0,
      "Common Stock": 276000000.0,
      "Total Liabilities Net Minority Interest": 152969000000.0,
      "Total Non Current Liabilities Net Minority Interest": 65590000000.0,
      "Other Non Current Liabilities": 13474000000.0,
      "Non Current Deferred Liabilities": 13474000000.0,
      "Non Current Deferred Taxes Liabilities": 13474000000.0,
      "Long Term Debt And Capital Lease Obligation": 52116000000.0,
      "Long Term Capital Lease Obligation": 17252000000.0,
      "Long Term Debt": 34864000000.0,
      "Current Liabilities": 87379000000.0,
      "Other Current Liabilities": 21000000.0,
      "Current Deferred Liabilities": 2559000000.0,
      "Current Deferred Revenue": 2559000000.0,
      "Current Debt And Capital Lease Obligation": 5207000000.0,
      "Current Capital Lease Obligation": 1994000000.0,
      "Current Debt": 3213000000.0,
      "Other Current Borrowings": 3213000000.0,
      "Payables And Accrued Expenses": 79613000000.0,
      "Current Accrued Expenses": 20254000000.0,
      "Payables": 59359000000.0,
      "Total Tax Payable": 4098000000.0,
      "Income Tax Payable": 851000000.0,
      "Accounts Payable": 55261000000.0,
      "Total Assets": 244860000000.0,
      "Total Non Current Assets": 163790000000.0,
      "Other Non Current Assets": 22152000000.0,
      "Goodwill And Other Intangible Assets": 29014000000.0,
      "Goodwill": 29014000000.0,
      "Net PPE": 112624000000.0,
      "Accumulated Depreciation": -94809000000.0,
      "Gross PPE": 207433000000.0,
      "Construction In Progress": 7199000000.0,
      "Other Properties": 18109000000.0,
      "Machinery Furniture Equipment": 62545000000.0,
      "Buildings And Improvements": 100376000000.0,
      "Land And Improvements": 19204000000.0,
      "Properties": 0.0,
      "Current Assets": 81070000000.0,
      "Other Current Assets": 1519000000.0,
      "Prepaid Assets": 1519000000.0,
      "Inventory": 56511000000.0,
      "Receivables": 8280000000.0,
      "Accounts Receivable": 8280000000.0,
      "Cash Cash Equivalents And Short Term Investments": 14760000000.0,
      "Cash And Cash Equivalents": 14760000000.0
    }
  },
  "cashflow": {
    "2025-01-31T00:00:00": {
      "Free Cash Flow": 12660000000.0,
      "Repurchase Of Capital Stock": -4494000000.0,
      "Repayment Of Debt": -3468000000.0,
      "Issuance Of Debt": 0.0,
      "Capital Expenditure": -23783000000.0,
      "Interest Paid Supplemental Data": 2739000000.0,
      "Income Tax Paid Supplemental Data": 5884000000.0,
      "End Cash Position": 9536000000.0,
      "Other Cash Adjustment Outside Changein Cash": null,
      "Beginning Cash Position": 9935000000.0,
      "Effect Of Exchange Rate Changes": -641000000.0,
      "Changes In Cash": 242000000.0,
      "Financing Cash Flow": -14822000000.0,
      "Cash Flow From Continuing Financing Activities": -14822000000.0,
      "Net Other Financing Charges": -2384000000.0,
      "Cash Dividends Paid": -6688000000.0,
      "Common Stock Dividend Paid": -6688000000.0,
      "Net Common Stock Issuance": -4494000000.0,
      "Common Stock Payments": -4494000000.0,
      "Net Issuance Payments Of Debt": -1256000000.0,
      "Net Short Term Debt Issuance": 2212000000.0,
      "Net Long Term Debt Issuance": -3468000000.0,
      "Long Term Debt Payments": -3468000000.0,
      "Long Term Debt Issuance": 0.0,
      "Investing Cash Flow": -21379000000.0,
      "Cash Flow From Continuing Investing Activities": -21379000000.0,
      "Net Other Investing Changes": -212000000.0,
      "Net Investment Purchase And Sale": 4080000000.0,
      "Sale Of Investment": 4080000000.0,
      "Net Business Purchase And Sale": -1896000000.0,
      "Sale Of Business": null,
      "Purchase Of Business": -1896000000.0,
      "Net PPE Purchase And Sale": -23351000000.0,
      "Sale Of PPE": 432000000.0,
      "Purchase Of PPE": -23783000000.0,
      "Operating Cash Flow": 36443000000.0,
      "Cash Flow From Continuing Operating Activities": 36443000000.0,
      "Change In Working Capital": 181000000.0,
      "Change In Payables And Accrued Expense": 4042000000.0,
      "Change In Accrued Expense": 379000000.0,
      "Change In Payable": 3663000000.0,
      "Change In Account Payable": 3228000000.0,
      "Change In Tax Payable": 435000000.0,
      "Change In Income Tax Payable": 435000000.0,
      "Change In Inventory": -2755000000.0,
      "Change In Receivables": -1106000000.0,
      "Other Non Cash Items": 2889000000.0,
      "Deferred Tax": -635000000.0,
      "Deferred Income Tax": -635000000.0,
      "Depreciation Amortization Depletion": 12973000000.0,
      "Depreciation And Amortization": 12973000000.0,
      "Operating Gains Losses": 878000000.0,
      "Pension And Employee Benefit Expense": null,
      "Gain Loss On Investment Securities": 878000000.0,
      "Gain Loss On Sale Of PPE": null,
      "Gain Loss On Sale Of Business": null,
      "Net Income From Continuing Operations": 20157000000.0
    },
    "2024-01-31T00:00:00": {
      "Free Cash Flow": 15120000000.0,
      "Repurchase Of Capital Stock": -2779000000.0,
      "Repayment Of Debt": -4217000000.0,
      "Issuance Of Debt": 4967000000.0,
      "Capital Expenditure": -20606000000.0,
      "Interest Paid Supplemental Data": 2519000000.0,
      "Income Tax Paid Supplemental Data": 5879000000.0,
      "End Cash Position": 9935000000.0,
      "Other Cash Adjustment Outside Changein Cash": 0.0,
      "Beginning Cash Position": 8841000000.0,
      "Effect Of Exchange Rate Changes": 69000000.0,
      "Changes In Cash": 1025000000.0,
      "Financing Cash Flow": -13414000000.0,
      "Cash Flow From Continuing Financing Activities": -13414000000.0,
      "Net Other Financing Charges": -5757000000.0,
      "Cash Dividends Paid": -6140000000.0,
      "Common Stock Dividend Paid": -6140000000.0,
      "Net Common Stock Issuance": -2779000000.0,
      "Common Stock Payments": -2779000000.0,
      "Net Issuance Payments Of Debt": 1262000000.0,
      "Net Short Term Debt Issuance": 512000000.0,
      "Net Long Term Debt Issuance": 750000000.0,
      "Long Term Debt Payments": -4217000000.0,
      "Long Term Debt Issuance": 4967000000.0,
      "Investing Cash Flow": -21287000000.0,
      "Cash Flow From Continuing Investing Activities": -21287000000.0,
      "Net Other Investing Changes": -922000000.0,
      "Net Investment Purchase And Sale": 0.0,
      "Sale Of Investment": 0.0,
      "Net Business Purchase And Sale": -9000000.0,
      "Sale Of Business": 135000000.0,
      "Purchase Of Business": -9000000.0,
      "Net PPE Purchase And Sale": -20356000000.0,
      "Sale Of PPE": 250000000.0,
      "Purchase Of PPE": -20606000000.0,
      "Operating Cash Flow": 35726000000.0,
      "Cash Flow From Continuing Operating Activities": 35726000000.0,
      "Change In Working Capital": 1943000000.0,
      "Change In Payables And Accrued Expense": 723000000.0,
      "Change In Accrued Expense": -1324000000.0,
      "Change In Payable": 2047000000.0,
      "Change In Account Payable": 2515000000.0,
      "Change In Tax Payable": -468000000.0,
      "Change In Income Tax Payable": -468000000.0,
      "Change In Inventory": 2017000000.0,
      "Change In Receivables": -797000000.0,
      "Other Non Cash Items": 2642000000.0,
      "Deferred Tax": -175000000.0,
      "Deferred Income Tax": -175000000.0,
      "Depreciation Amortization Depletion": 11853000000.0,
      "Depreciation And Amortization": 11853000000.0,
      "Operating Gains Losses": 3193000000.0,
      "Pension And Employee Benefit Expense": null,
      "Gain Loss On Investment Securities": 3193000000.0,
      "Gain Loss On Sale Of PPE": null,
      "Gain Loss On Sale Of Business": 0.0,
      "Net Income From Continuing Operations": 16270000000.0
    },
    "2023-01-31T00:00:00": {
      "Free Cash Flow": 11984000000.0,
      "Repurchase Of Capital Stock": -9920000000.0,
      "Repayment Of Debt": -2689000000.0,
      "Issuance Of Debt": 5041000000.0,
      "Capital Expenditure": -16857000000.0,
      "Interest Paid Supplemental Data": 2051000000.0,
      "Income Tax Paid Supplemental Data": 3310000000.0,
      "End Cash Position": 8841000000.0,
      "Other Cash Adjustment Outside Changein Cash": 0.0,
      "Beginning Cash Position": 14834000000.0,
      "Effect Of Exchange Rate Changes": -73000000.0,
      "Changes In Cash": -5920000000.0,
      "Financing Cash Flow": -17039000000.0,
      "Cash Flow From Continuing Financing Activities": -17039000000.0,
      "Net Other Financing Charges": -3323000000.0,
      "Cash Dividends Paid": -6114000000.0,
      "Common Stock Dividend Paid": -6114000000.0,
      "Net Common Stock Issuance": -9920000000.0,
      "Common Stock Payments": -9920000000.0,
      "Net Issuance Payments Of Debt": 2318000000.0,
      "Net Short Term Debt Issuance": -34000000.0,
      "Net Long Term Debt Issuance": 2352000000.0,
      "Long Term Debt Payments": -2689000000.0,
      "Long Term Debt Issuance": 5041000000.0,
      "Investing Cash Flow": -17722000000.0,
      "Cash Flow From Continuing Investing Activities": -17722000000.0,
      "Net Other Investing Changes": -295000000.0,
      "Net Investment Purchase And Sale": 0.0,
      "Sale Of Investment": 0.0,
      "Net Business Purchase And Sale": -740000000.0,
      "Sale Of Business": 0.0,
      "Purchase Of Business": -740000000.0,
      "Net PPE Purchase And Sale": -16687000000.0,
      "Sale Of PPE": 170000000.0,
      "Purchase Of PPE": -16857000000.0,
      "Operating Cash Flow": 28841000000.0,
      "Cash Flow From Continuing Operating Activities": 28841000000.0,
      "Change In Working Capital": 2553000000.0,
      "Change In Payables And Accrued Expense": 2841000000.0,
      "Change In Accrued Expense": 4393000000.0,
      "Change In Payable": -1552000000.0,
      "Change In Account Payable": -1425000000.0,
      "Change In Tax Payable": -127000000.0,
      "Change In Income Tax Payable": -127000000.0,
      "Change In Inventory": -528000000.0,
      "Change In Receivables": 240000000.0,
      "Other Non Cash Items": 1919000000.0,
      "Deferred Tax": 449000000.0,
      "Deferred Income Tax": 449000000.0,
      "Depreciation Amortization Depletion": 10945000000.0,
      "Depreciation And Amortization": 10945000000.0,
      "Operating Gains Losses": 1683000000.0,
      "Pension And Employee Benefit Expense": null,
      "Gain Loss On Investment Securities": 1683000000.0,
      "Gain Loss On Sale Of PPE": null,
      "Gain Loss On Sale Of Business": 0.0,
      "Net Income From Continuing Operations": 11292000000.0
    },
    "2022-01-31T00:00:00": {
      "Free Cash Flow": 11075000000.0,
      "Repurchase Of Capital Stock": -9787000000.0,
      "Repayment Of Debt": -13010000000.0,
      "Issuance Of Debt": 6945000000.0,
      "Capital Expenditure": -13106000000.0,
      "Interest Paid Supplemental Data": 2237000000.0,
      "Income Tax Paid Supplemental Data": 5918000000.0,
      "End Cash Position": 14834000000.0,
      "Other Cash Adjustment Outside Changein Cash": 1848000000.0,
      "Beginning Cash Position": 17788000000.0,
      "Effect Of Exchange Rate Changes": -140000000.0,
      "Changes In Cash": -4662000000.0,
      "Financing Cash Flow": -22828000000.0,
      "Cash Flow From Continuing Financing Activities": -22828000000.0,
      "Net Other Financing Charges": -1017000000.0,
      "Cash Dividends Paid": -6152000000.0,
      "Common Stock Dividend Paid": -6152000000.0,
      "Net Common Stock Issuance": -9787000000.0,
      "Common Stock Payments": -9787000000.0,
      "Net Issuance Payments Of Debt": -5872000000.0,
      "Net Short Term Debt Issuance": 193000000.0,
      "Net Long Term Debt Issuance": -6065000000.0,
      "Long Term Debt Payments": -13010000000.0,
      "Long Term Debt Issuance": 6945000000.0,
      "Investing Cash Flow": -6015000000.0,
      "Cash Flow From Continuing Investing Activities": -6015000000.0,
      "Net Other Investing Changes": -879000000.0,
      "Net Investment Purchase And Sale": null,
      "Sale Of Investment": null,
      "Net Business Purchase And Sale": 7576000000.0,
      "Sale Of Business": 7935000000.0,
      "Purchase Of Business": -359000000.0,
      "Net PPE Purchase And Sale": -12712000000.0,
      "Sale Of PPE": 394000000.0,
      "Purchase Of PPE": -13106000000.0,
      "Operating Cash Flow": 24181000000.0,
      "Cash Flow From Continuing Operating Activities": 24181000000.0,
      "Change In Working Capital": -6597000000.0,
      "Change In Payables And Accrued Expense": 6963000000.0,
      "Change In Accrued Expense": 1404000000.0,
      "Change In Payable": 5559000000.0,
      "Change In Account Payable": 5520000000.0,
      "Change In Tax Payable": 39000000.0,
      "Change In Income Tax Payable": 39000000.0,
      "Change In Inventory": -11764000000.0,
      "Change In Receivables": -1796000000.0,
      "Other Non Cash Items": 1652000000.0,
      "Deferred Tax": -755000000.0,
      "Deferred Income Tax": -755000000.0,
      "Depreciation Amortization Depletion": 10658000000.0,
      "Depreciation And Amortization": 10658000000.0,
      "Operating Gains Losses": 5283000000.0,
      "Pension And Employee Benefit Expense": 0.0,
      "Gain Loss On Investment Securities": 2440000000.0,
      "Gain Loss On Sale Of PPE": 2440000000.0,
      "Gain Loss On Sale Of Business": 433000000.0,
      "Net Income From Continuing Operations": 13940000000.0
    }
  },
  "earnings_estimate": {
    "avg": {
      "0q": 0.66188,
      "+1q": 0.74776,
      "0y": 2.92402,
      "+1y": 3.28815
    },
    "low": {
      "0q": 0.63,
      "+1q": 0.7,
      "0y": 2.8,
      "+1y": 3.08
    },
    "high": {
      "0q": 0.73,
      "+1q": 0.83,
      "0y": 3.13,
      "+1y": 3.69898
    },
    "yearAgoEps": {
      "0q": 0.61,
      "+1q": 0.68,
      "0y": 2.64,
      "+1y": 2.92402
    },
    "numberOfAnalysts": {
      "0q": 33,
      "+1q": 32,
      "0y": 40,
      "+1y": 38
    },
    "growth": {
      "0q": 0.085,
      "+1q": 0.0996,
      "0y": 0.1076,
      "+1y": 0.1245
    }
  },
  "revenue_estimate": {
    "avg": {
      "0q": 172219029380,
      "+1q": 184275503170,
      "0y": 741333645380,
      "+1y": 776568286400
    },
    "low": {
      "0q": 170523000000,
      "+1q": 182717000000,
      "0y": 733500000000,
      "+1y": 767273000000
    },
    "high": {
      "0q": 174201000000,
      "+1q": 185841000000,
      "0y": 746618000000,
      "+1y": 793521000000
    },
    "numberOfAnalysts": {
      "0q": 16,
      "+1q": 16,
      "0y": 20,
      "+1y": 18
    },
    "yearAgoRevenue": {
      "0q": 163981000000,
      "+1q": 175750000000,
      "0y": 706413000000,
      "+1y": 741333645380
    },
    "growth": {
      "0q": 0.0502,
      "+1q": 0.048499998,
      "0y": 0.0494,
      "+1y": 0.0475
    }
  },
  "growth_estimates": {
    "stockTrend": {
      "0q": 0.085,
      "+1q": 0.0996,
      "0y": 0.1076,
      "+1y": 0.1245,
      "LTG": null
    },
    "indexTrend": {
      "0q": 0.1273,
      "+1q": 0.103599995,
      "0y": 0.14310001,
      "+1y": 0.1557,
      "LTG": 0.122
    }
  },
  "revenue_forecasts": null,
  "dividend_rate": 0.99,
  "trailing_dividend_rate": 0.94
}