{
  "ticker": "WPM.TO",
  "name": "Wheaton Precious Metals",
  "country": "canada",
  "currency": "CAD",
  "last_fetched": "2026-02-26T20:51:49.208417",
  "market_cap": 99597901824,
  "revenue": 1830402048,
  "net_income": 1001617984,
  "pe_ratio": 72.880394,
  "forward_pe": 35.277042,
  "dividend_yield": 0.43,
  "profit_margin": 0.54721,
  "roe": 0.13048,
  "debt_to_equity": 0.099,
  "beta": 0.982,
  "ev_to_ebitda": 66.103,
  "sector": "Basic Materials",
  "industry": "Gold",
  "summary": "Wheaton Precious Metals Corp. sells precious metals in North America, Europe, Africa, and South America. The company primarily produces and sells gold, silver, palladium, Platinum, and cobalt deposits. The company was formerly known as Silver Wheaton Corp. and changed its name to Wheaton Precious Metals Corp. in May 2017. Wheaton Precious Metals Corp. was founded in 2004 and is headquartered in Vancouver, Canada.",
  "website": "https://www.wheatonpm.com",
  "employees": 44,
  "target_high": 261.91046,
  "target_low": 177.57735,
  "target_mean": 232.67673,
  "target_median": 240.41643,
  "recommendation": "strong_buy",
  "num_analysts": 6,
  "income_stmt": {
    "2024-12-31T00:00:00": {
      "Tax Effect Of Unusual Items": -18825480.0,
      "Tax Rate For Calcs": 0.18,
      "Normalized EBITDA": 997517000.0,
      "Total Unusual Items": -104586000.0,
      "Total Unusual Items Excluding Goodwill": -104586000.0,
      "Net Income From Continuing Operation Net Minority Interest": 529140000.0,
      "Reconciled Depreciation": 248303000.0,
      "Reconciled Cost Of Revenue": 235108000.0,
      "EBITDA": 892931000.0,
      "EBIT": 644628000.0,
      "Net Interest Income": 19277000.0,
      "Interest Expense": 284000.0,
      "Interest Income": 24826000.0,
      "Normalized Income": 614900520.0,
      "Net Income From Continuing And Discontinued Operation": 529140000.0,
      "Total Expenses": 554946000.0,
      "Total Operating Income As Reported": 620832000.0,
      "Diluted Average Shares": 454119000.0,
      "Basic Average Shares": 453460000.0,
      "Diluted EPS": 1.165,
      "Basic EPS": 1.167,
      "Diluted NI Availto Com Stockholders": 529140000.0,
      "Net Income Common Stockholders": 529140000.0,
      "Net Income": 529140000.0,
      "Net Income Including Noncontrolling Interests": 529140000.0,
      "Net Income Continuous Operations": 529140000.0,
      "Tax Provision": 115204000.0,
      "Pretax Income": 644344000.0,
      "Other Income Expense": -104626000.0,
      "Other Non Operating Income Expenses": -40000.0,
      "Special Income Charges": -108861000.0,
      "Gain On Sale Of Ppe": 0.0,
      "Other Special Charges": null,
      "Impairment Of Capital Assets": 108861000.0,
      "Gain On Sale Of Security": 4275000.0,
      "Net Non Operating Interest Income Expense": 19277000.0,
      "Total Other Finance Cost": 5265000.0,
      "Interest Expense Non Operating": 284000.0,
      "Interest Income Non Operating": 24826000.0,
      "Operating Income": 729693000.0,
      "Operating Expense": 72894000.0,
      "Other Operating Expenses": 8958000.0,
      "Other Taxes": 1007000.0,
      "Depreciation Amortization Depletion Income Statement": 1359000.0,
      "Depreciation And Amortization In Income Statement": 1359000.0,
      "Depreciation Income Statement": 1359000.0,
      "Selling General And Administration": 61570000.0,
      "General And Administrative Expense": 61570000.0,
      "Other Gand A": 14629000.0,
      "Insurance And Claims": 1878000.0,
      "Salaries And Wages": 45063000.0,
      "Gross Profit": 802587000.0,
      "Cost Of Revenue": 482052000.0,
      "Total Revenue": 1284639000.0,
      "Operating Revenue": 1284639000.0
    },
    "2023-12-31T00:00:00": {
      "Tax Effect Of Unusual Items": 19313.843779,
      "Tax Rate For Calcs": 0.002623,
      "Normalized EBITDA": 747828000.0,
      "Total Unusual Items": 7363000.0,
      "Total Unusual Items Excluding Goodwill": 7363000.0,
      "Net Income From Continuing Operation Net Minority Interest": 537644000.0,
      "Reconciled Depreciation": 215926000.0,
      "Reconciled Cost Of Revenue": 228171000.0,
      "EBITDA": 755191000.0,
      "EBIT": 539265000.0,
      "Net Interest Income": 29352000.0,
      "Interest Expense": 207000.0,
      "Interest Income": 34862000.0,
      "Normalized Income": 530300313.843779,
      "Net Income From Continuing And Discontinued Operation": 537644000.0,
      "Total Expenses": 510775000.0,
      "Total Operating Income As Reported": 505270000.0,
      "Diluted Average Shares": 453463000.0,
      "Basic Average Shares": 452814000.0,
      "Diluted EPS": 1.186,
      "Basic EPS": 1.187,
      "Diluted NI Availto Com Stockholders": 537644000.0,
      "Net Income Common Stockholders": 537644000.0,
      "Net Income": 537644000.0,
      "Net Income Including Noncontrolling Interests": 537644000.0,
      "Net Income Continuous Operations": 537644000.0,
      "Tax Provision": 1414000.0,
      "Pretax Income": 539058000.0,
      "Other Income Expense": 4436000.0,
      "Other Non Operating Income Expenses": -2927000.0,
      "Special Income Charges": 5027000.0,
      "Gain On Sale Of Ppe": 5027000.0,
      "Other Special Charges": null,
      "Impairment Of Capital Assets": 0.0,
      "Gain On Sale Of Security": 2336000.0,
      "Net Non Operating Interest Income Expense": 29352000.0,
      "Total Other Finance Cost": 5303000.0,
      "Interest Expense Non Operating": 207000.0,
      "Interest Income Non Operating": 34862000.0,
      "Operating Income": 505270000.0,
      "Operating Expense": 68170000.0,
      "Other Operating Expenses": 7261000.0,
      "Other Taxes": 1050000.0,
      "Depreciation Amortization Depletion Income Statement": 1492000.0,
      "Depreciation And Amortization In Income Statement": 1492000.0,
      "Depreciation Income Statement": 1492000.0,
      "Selling General And Administration": 58367000.0,
      "General And Administrative Expense": 58367000.0,
      "Other Gand A": 13817000.0,
      "Insurance And Claims": 2098000.0,
      "Salaries And Wages": 42452000.0,
      "Gross Profit": 573440000.0,
      "Cost Of Revenue": 442605000.0,
      "Total Revenue": 1016045000.0,
      "Operating Revenue": 1016045000.0
    },
    "2022-12-31T00:00:00": {
      "Tax Effect Of Unusual Items": 125258.687195,
      "Tax Rate For Calcs": 0.00076,
      "Normalized EBITDA": 738476000.0,
      "Total Unusual Items": 164789000.0,
      "Total Unusual Items Excluding Goodwill": 164789000.0,
      "Net Income From Continuing Operation Net Minority Interest": 669126000.0,
      "Reconciled Depreciation": 233539000.0,
      "Reconciled Cost Of Revenue": 267622000.0,
      "EBITDA": 903265000.0,
      "EBIT": 669726000.0,
      "Net Interest Income": 735000.0,
      "Interest Expense": 91000.0,
      "Interest Income": 6321000.0,
      "Normalized Income": 504462258.687195,
      "Net Income From Continuing And Discontinued Operation": 669126000.0,
      "Total Expenses": 561760000.0,
      "Total Operating Income As Reported": 511904000.0,
      "Diluted Average Shares": 452344000.0,
      "Basic Average Shares": 451570000.0,
      "Diluted EPS": 1.479,
      "Basic EPS": 1.482,
      "Diluted NI Availto Com Stockholders": 669126000.0,
      "Net Income Common Stockholders": 669126000.0,
      "Net Income": 669126000.0,
      "Net Income Including Noncontrolling Interests": 669126000.0,
      "Net Income Continuous Operations": 669126000.0,
      "Tax Provision": 509000.0,
      "Pretax Income": 669635000.0,
      "Other Income Expense": 165607000.0,
      "Other Non Operating Income Expenses": 818000.0,
      "Special Income Charges": 164479000.0,
      "Gain On Sale Of Ppe": 155868000.0,
      "Other Special Charges": 6296000.0,
      "Impairment Of Capital Assets": -8611000.0,
      "Gain On Sale Of Security": 310000.0,
      "Net Non Operating Interest Income Expense": 735000.0,
      "Total Other Finance Cost": 5495000.0,
      "Interest Expense Non Operating": 91000.0,
      "Interest Income Non Operating": 6321000.0,
      "Operating Income": 503293000.0,
      "Operating Expense": 62187000.0,
      "Other Operating Expenses": 6296000.0,
      "Other Taxes": 1116000.0,
      "Depreciation Amortization Depletion Income Statement": 1588000.0,
      "Depreciation And Amortization In Income Statement": 1588000.0,
      "Depreciation Income Statement": 1588000.0,
      "Selling General And Administration": 53187000.0,
      "General And Administrative Expense": 53187000.0,
      "Other Gand A": 10417000.0,
      "Insurance And Claims": 2179000.0,
      "Salaries And Wages": 40591000.0,
      "Gross Profit": 565480000.0,
      "Cost Of Revenue": 499573000.0,
      "Total Revenue": 1065053000.0,
      "Operating Revenue": 1065053000.0
    },
    "2021-12-31T00:00:00": {
      "Tax Effect Of Unusual Items": 40958930.0,
      "Tax Rate For Calcs": 0.265,
      "Normalized EBITDA": 857091000.0,
      "Total Unusual Items": 154562000.0,
      "Total Unusual Items Excluding Goodwill": 154562000.0,
      "Net Income From Continuing Operation Net Minority Interest": 754885000.0,
      "Reconciled Depreciation": 256685000.0,
      "Reconciled Cost Of Revenue": 287565000.0,
      "EBITDA": 1011653000.0,
      "EBIT": 754968000.0,
      "Net Interest Income": -5576000.0,
      "Interest Expense": 352000.0,
      "Interest Income": 241000.0,
      "Normalized Income": 641281930.0,
      "Net Income From Continuing And Discontinued Operation": 754885000.0,
      "Total Expenses": 603725000.0,
      "Total Operating Income As Reported": 754657000.0,
      "Diluted Average Shares": 451170000.0,
      "Basic Average Shares": 450138000.0,
      "Diluted EPS": 1.673,
      "Basic EPS": 1.677,
      "Diluted NI Availto Com Stockholders": 754885000.0,
      "Net Income Common Stockholders": 754885000.0,
      "Net Income": 754885000.0,
      "Net Income Including Noncontrolling Interests": 754885000.0,
      "Net Income Continuous Operations": 754885000.0,
      "Tax Provision": -269000.0,
      "Pretax Income": 754616000.0,
      "Other Income Expense": 162252000.0,
      "Other Non Operating Income Expenses": 7690000.0,
      "Special Income Charges": 156717000.0,
      "Gain On Sale Of Ppe": 0.0,
      "Other Special Charges": 6218000.0,
      "Impairment Of Capital Assets": -156717000.0,
      "Gain On Sale Of Security": -2155000.0,
      "Net Non Operating Interest Income Expense": -5576000.0,
      "Total Other Finance Cost": 5465000.0,
      "Interest Expense Non Operating": 352000.0,
      "Interest Income Non Operating": 241000.0,
      "Operating Income": 597940000.0,
      "Operating Expense": 60985000.0,
      "Other Operating Expenses": 6601000.0,
      "Other Taxes": 750000.0,
      "Depreciation Amortization Depletion Income Statement": 1510000.0,
      "Depreciation And Amortization In Income Statement": 1510000.0,
      "Depreciation Income Statement": 1510000.0,
      "Selling General And Administration": 52124000.0,
      "General And Administrative Expense": 52124000.0,
      "Other Gand A": 11512000.0,
      "Insurance And Claims": 1807000.0,
      "Salaries And Wages": 38805000.0,
      "Gross Profit": 658925000.0,
      "Cost Of Revenue": 542740000.0,
      "Total Revenue": 1201665000.0,
      "Operating Revenue": 1201665000.0
    }
  },
  "quarterly_income": {
    "2025-09-30T00:00:00": {
      "Tax Effect Of Unusual Items": 9728507.220877,
      "Tax Rate For Calcs": 0.110045,
      "Normalized EBITDA": 390600000.0,
      "Total Unusual Items": 88405000.0,
      "Total Unusual Items Excluding Goodwill": 88405000.0,
      "Net Income From Continuing Operation Net Minority Interest": 367216000.0,
      "Reconciled Depreciation": 66273000.0,
      "Reconciled Cost Of Revenue": 74303000.0,
      "EBITDA": 479005000.0,
      "EBIT": 412732000.0,
      "Net Interest Income": 8277000.0,
      "Interest Expense": 109000.0,
      "Interest Income": 9718000.0,
      "Normalized Income": 288539507.220877,
      "Net Income From Continuing And Discontinued Operation": 367216000.0,
      "Total Expenses": 160751000.0,
      "Total Operating Income As Reported": 315506000.0,
      "Diluted Average Shares": 454768000.0,
      "Basic Average Shares": 453967000.0,
      "Diluted EPS": 0.807,
      "Basic EPS": 0.809,
      "Diluted NI Availto Com Stockholders": 367216000.0,
      "Net Income Common Stockholders": 367216000.0,
      "Net Income": 367216000.0,
      "Net Income Including Noncontrolling Interests": 367216000.0,
      "Net Income Continuous Operations": 367216000.0,
      "Tax Provision": 45407000.0,
      "Pretax Income": 412623000.0,
      "Other Income Expense": 88840000.0,
      "Other Non Operating Income Expenses": 435000.0,
      "Special Income Charges": 85724000.0,
      "Gain On Sale Of Ppe": 85724000.0,
      "Gain On Sale Of Security": 2681000.0,
      "Net Non Operating Interest Income Expense": 8277000.0,
      "Total Other Finance Cost": 1332000.0,
      "Interest Expense Non Operating": 109000.0,
      "Interest Income Non Operating": 9718000.0,
      "Operating Income": 315506000.0,
      "Operating Expense": 20482000.0,
      "Other Operating Expenses": 1406000.0,
      "Other Taxes": 156000.0,
      "Depreciation Amortization Depletion Income Statement": 307000.0,
      "Depreciation And Amortization In Income Statement": 307000.0,
      "Depreciation Income Statement": 307000.0,
      "Selling General And Administration": 18613000.0,
      "General And Administrative Expense": 18613000.0,
      "Other Gand A": 3599000.0,
      "Insurance And Claims": 496000.0,
      "Salaries And Wages": 14518000.0,
      "Gross Profit": 335988000.0,
      "Cost Of Revenue": 140269000.0,
      "Total Revenue": 476257000.0,
      "Operating Revenue": 476257000.0
    },
    "2025-06-30T00:00:00": {
      "Tax Effect Of Unusual Items": 145880.0,
      "Tax Rate For Calcs": 0.14,
      "Normalized EBITDA": 412394000.0,
      "Total Unusual Items": 1042000.0,
      "Total Unusual Items Excluding Goodwill": 1042000.0,
      "Net Income From Continuing Operation Net Minority Interest": 292270000.0,
      "Reconciled Depreciation": 75322000.0,
      "Reconciled Cost Of Revenue": 75169000.0,
      "EBITDA": 413436000.0,
      "EBIT": 338114000.0,
      "Net Interest Income": 7028000.0,
      "Interest Expense": 110000.0,
      "Interest Income": 8455000.0,
      "Normalized Income": 291373880.0,
      "Net Income From Continuing And Discontinued Operation": 292270000.0,
      "Total Expenses": 173523000.0,
      "Total Operating Income As Reported": 329695000.0,
      "Diluted Average Shares": 454663000.0,
      "Basic Average Shares": 453889000.0,
      "Diluted EPS": 0.643,
      "Basic EPS": 0.644,
      "Diluted NI Availto Com Stockholders": 292270000.0,
      "Net Income Common Stockholders": 292270000.0,
      "Net Income": 292270000.0,
      "Net Income Including Noncontrolling Interests": 292270000.0,
      "Net Income Continuous Operations": 292270000.0,
      "Tax Provision": 45734000.0,
      "Pretax Income": 338004000.0,
      "Other Income Expense": 1281000.0,
      "Other Non Operating Income Expenses": 239000.0,
      "Special Income Charges": null,
      "Gain On Sale Of Ppe": null,
      "Gain On Sale Of Security": 1042000.0,
      "Net Non Operating Interest Income Expense": 7028000.0,
      "Total Other Finance Cost": 1317000.0,
      "Interest Expense Non Operating": 110000.0,
      "Interest Income Non Operating": 8455000.0,
      "Operating Income": 329695000.0,
      "Operating Expense": 23352000.0,
      "Other Operating Expenses": 2368000.0,
      "Other Taxes": 260000.0,
      "Depreciation Amortization Depletion Income Statement": 320000.0,
      "Depreciation And Amortization In Income Statement": 320000.0,
      "Depreciation Income Statement": 320000.0,
      "Selling General And Administration": 20404000.0,
      "General And Administrative Expense": 20404000.0,
      "Other Gand A": 4319000.0,
      "Insurance And Claims": 492000.0,
      "Salaries And Wages": 15593000.0,
      "Gross Profit": 353047000.0,
      "Cost Of Revenue": 150171000.0,
      "Total Revenue": 503218000.0,
      "Operating Revenue": 503218000.0
    },
    "2025-03-31T00:00:00": {
      "Tax Effect Of Unusual Items": 102347.967907,
      "Tax Rate For Calcs": 0.144152,
      "Normalized EBITDA": 373138000.0,
      "Total Unusual Items": 710000.0,
      "Total Unusual Items Excluding Goodwill": 710000.0,
      "Net Income From Continuing Operation Net Minority Interest": 253984000.0,
      "Reconciled Depreciation": 76994000.0,
      "Reconciled Cost Of Revenue": 74635000.0,
      "EBITDA": 373848000.0,
      "EBIT": 296854000.0,
      "Net Interest Income": 7366000.0,
      "Interest Expense": 91000.0,
      "Interest Income": 8807000.0,
      "Normalized Income": 253376347.967907,
      "Net Income From Continuing And Discontinued Operation": 253984000.0,
      "Total Expenses": 179727000.0,
      "Total Operating Income As Reported": 290684000.0,
      "Diluted Average Shares": 454428000.0,
      "Basic Average Shares": 453692000.0,
      "Diluted EPS": 0.559,
      "Basic EPS": 0.56,
      "Diluted NI Availto Com Stockholders": 253984000.0,
      "Net Income Common Stockholders": 253984000.0,
      "Net Income": 253984000.0,
      "Net Income Including Noncontrolling Interests": 253984000.0,
      "Net Income Continuous Operations": 253984000.0,
      "Tax Provision": 42779000.0,
      "Pretax Income": 296763000.0,
      "Other Income Expense": -1287000.0,
      "Other Non Operating Income Expenses": -1997000.0,
      "Special Income Charges": null,
      "Gain On Sale Of Ppe": null,
      "Gain On Sale Of Security": 710000.0,
      "Net Non Operating Interest Income Expense": 7366000.0,
      "Total Other Finance Cost": 1350000.0,
      "Interest Expense Non Operating": 91000.0,
      "Interest Income Non Operating": 8807000.0,
      "Operating Income": 290684000.0,
      "Operating Expense": 28399000.0,
      "Other Operating Expenses": 2693000.0,
      "Other Taxes": 622000.0,
      "Depreciation Amortization Depletion Income Statement": 301000.0,
      "Depreciation And Amortization In Income Statement": 301000.0,
      "Depreciation Income Statement": 301000.0,
      "Selling General And Administration": 24783000.0,
      "General And Administrative Expense": 24783000.0,
      "Other Gand A": 4298000.0,
      "Insurance And Claims": 493000.0,
      "Salaries And Wages": 19992000.0,
      "Gross Profit": 319083000.0,
      "Cost Of Revenue": 151328000.0,
      "Total Revenue": 470411000.0,
      "Operating Revenue": 470411000.0
    },
    "2024-12-31T00:00:00": {
      "Tax Effect Of Unusual Items": -31936755.358781,
      "Tax Rate For Calcs": 0.296821,
      "Normalized EBITDA": 302211000.0,
      "Total Unusual Items": -107596000.0,
      "Total Unusual Items Excluding Goodwill": -107596000.0,
      "Net Income From Continuing Operation Net Minority Interest": 88147000.0,
      "Reconciled Depreciation": 69192000.0,
      "Reconciled Cost Of Revenue": 64236000.0,
      "EBITDA": 194615000.0,
      "EBIT": 125423000.0,
      "Net Interest Income": 6520000.0,
      "Interest Expense": 68000.0,
      "Interest Income": 7925000.0,
      "Normalized Income": 163806244.641219,
      "Net Income From Continuing And Discontinued Operation": 88147000.0,
      "Total Expenses": 154034000.0,
      "Total Operating Income As Reported": 117621000.0,
      "Diluted Average Shares": null,
      "Basic Average Shares": null,
      "Diluted EPS": null,
      "Basic EPS": null,
      "Diluted NI Availto Com Stockholders": 88147000.0,
      "Net Income Common Stockholders": 88147000.0,
      "Net Income": 88147000.0,
      "Net Income Including Noncontrolling Interests": 88147000.0,
      "Net Income Continuous Operations": 88147000.0,
      "Tax Provision": 37208000.0,
      "Pretax Income": 125355000.0,
      "Other Income Expense": -107647000.0,
      "Other Non Operating Income Expenses": -51000.0,
      "Special Income Charges": -108861000.0,
      "Gain On Sale Of Ppe": 0.0,
      "Gain On Sale Of Security": 1265000.0,
      "Net Non Operating Interest Income Expense": 6520000.0,
      "Total Other Finance Cost": 1337000.0,
      "Interest Expense Non Operating": 68000.0,
      "Interest Income Non Operating": 7925000.0,
      "Operating Income": 226482000.0,
      "Operating Expense": 20925000.0,
      "Other Operating Expenses": 4332000.0,
      "Other Taxes": 117000.0,
      "Depreciation Amortization Depletion Income Statement": 319000.0,
      "Depreciation And Amortization In Income Statement": 319000.0,
      "Depreciation Income Statement": 319000.0,
      "Selling General And Administration": 16157000.0,
      "General And Administrative Expense": 16157000.0,
      "Other Gand A": 4174000.0,
      "Insurance And Claims": 496000.0,
      "Salaries And Wages": 11487000.0,
      "Gross Profit": 247407000.0,
      "Cost Of Revenue": 133109000.0,
      "Total Revenue": 380516000.0,
      "Operating Revenue": 380516000.0
    },
    "2024-09-30T00:00:00": {
      "Tax Effect Of Unusual Items": 124908.573342,
      "Tax Rate For Calcs": 0.151038,
      "Normalized EBITDA": 237278000.0,
      "Total Unusual Items": 827000.0,
      "Total Unusual Items Excluding Goodwill": 827000.0,
      "Net Income From Continuing Operation Net Minority Interest": 154635000.0,
      "Reconciled Depreciation": 55888000.0,
      "Reconciled Cost Of Revenue": 55310000.0,
      "EBITDA": 238105000.0,
      "EBIT": 182217000.0,
      "Net Interest Income": 5363000.0,
      "Interest Expense": 71000.0,
      "Interest Income": 6767000.0,
      "Normalized Income": 153932908.573342,
      "Net Income From Continuing And Discontinued Operation": 154635000.0,
      "Total Expenses": 132308000.0,
      "Total Operating Income As Reported": 175945000.0,
      "Diluted Average Shares": 454302000.0,
      "Basic Average Shares": 453641000.0,
      "Diluted EPS": 0.34,
      "Basic EPS": 0.341,
      "Diluted NI Availto Com Stockholders": 154635000.0,
      "Net Income Common Stockholders": 154635000.0,
      "Net Income": 154635000.0,
      "Net Income Including Noncontrolling Interests": 154635000.0,
      "Net Income Continuous Operations": 154635000.0,
      "Tax Provision": 27511000.0,
      "Pretax Income": 182146000.0,
      "Other Income Expense": 838000.0,
      "Other Non Operating Income Expenses": 11000.0,
      "Special Income Charges": 0.0,
      "Gain On Sale Of Ppe": 0.0,
      "Gain On Sale Of Security": 827000.0,
      "Net Non Operating Interest Income Expense": 5363000.0,
      "Total Other Finance Cost": 1333000.0,
      "Interest Expense Non Operating": 71000.0,
      "Interest Income Non Operating": 6767000.0,
      "Operating Income": 175945000.0,
      "Operating Expense": 21468000.0,
      "Other Operating Expenses": 2352000.0,
      "Other Taxes": 162000.0,
      "Depreciation Amortization Depletion Income Statement": 358000.0,
      "Depreciation And Amortization In Income Statement": 358000.0,
      "Depreciation Income Statement": 358000.0,
      "Selling General And Administration": 18596000.0,
      "General And Administrative Expense": 18596000.0,
      "Other Gand A": 3147000.0,
      "Insurance And Claims": 499000.0,
      "Salaries And Wages": 14950000.0,
      "Gross Profit": 197413000.0,
      "Cost Of Revenue": 110840000.0,
      "Total Revenue": 308253000.0,
      "Operating Revenue": 308253000.0
    },
    "2024-06-30T00:00:00": {
      "Tax Effect Of Unusual Items": null,
      "Tax Rate For Calcs": null,
      "Normalized EBITDA": null,
      "Total Unusual Items": null,
      "Total Unusual Items Excluding Goodwill": null,
      "Net Income From Continuing Operation Net Minority Interest": null,
      "Reconciled Depreciation": null,
      "Reconciled Cost Of Revenue": null,
      "EBITDA": null,
      "EBIT": null,
      "Net Interest Income": null,
      "Interest Expense": null,
      "Interest Income": null,
      "Normalized Income": null,
      "Net Income From Continuing And Discontinued Operation": null,
      "Total Expenses": null,
      "Total Operating Income As Reported": null,
      "Diluted Average Shares": 454104000.0,
      "Basic Average Shares": 453430000.0,
      "Diluted EPS": 0.269,
      "Basic EPS": 0.27,
      "Diluted NI Availto Com Stockholders": null,
      "Net Income Common Stockholders": null,
      "Net Income": null,
      "Net Income Including Noncontrolling Interests": null,
      "Net Income Continuous Operations": null,
      "Tax Provision": null,
      "Pretax Income": null,
      "Other Income Expense": null,
      "Other Non Operating Income Expenses": null,
      "Special Income Charges": 0.0,
      "Gain On Sale Of Ppe": 0.0,
      "Gain On Sale Of Security": null,
      "Net Non Operating Interest Income Expense": null,
      "Total Other Finance Cost": null,
      "Interest Expense Non Operating": null,
      "Interest Income Non Operating": null,
      "Operating Income": null,
      "Operating Expense": null,
      "Other Operating Expenses": null,
      "Other Taxes": null,
      "Depreciation Amortization Depletion Income Statement": null,
      "Depreciation And Amortization In Income Statement": null,
      "Depreciation Income Statement": null,
      "Selling General And Administration": null,
      "General And Administrative Expense": null,
      "Other Gand A": null,
      "Insurance And Claims": null,
      "Salaries And Wages": null,
      "Gross Profit": null,
      "Cost Of Revenue": null,
      "Total Revenue": null,
      "Operating Revenue": null
    }
  },
  "balance_sheet": {
    "2024-12-31T00:00:00": {
      "Ordinary Shares Number": 453677299.0,
      "Share Issued": 453677299.0,
      "Total Debt": 5171000.0,
      "Tangible Book Value": 7254762000.0,
      "Invested Capital": 7259379000.0,
      "Working Capital": 798576000.0,
      "Net Tangible Assets": 7254762000.0,
      "Capital Lease Obligations": 5171000.0,
      "Common Stock Equity": 7259379000.0,
      "Total Capitalization": 7259379000.0,
      "Total Equity Gross Minority Interest": 7259379000.0,
      "Stockholders Equity": 7259379000.0,
      "Other Equity Interest": 32220000.0,
      "Gains Losses Not Affecting Retained Earnings": -95723000.0,
      "Fixed Assets Revaluation Reserve": -95723000.0,
      "Retained Earnings": 3524774000.0,
      "Capital Stock": 3798108000.0,
      "Common Stock": 3798108000.0,
      "Total Liabilities Net Minority Interest": 165078000.0,
      "Total Non Current Liabilities Net Minority Interest": 135574000.0,
      "Employee Benefits": 16811000.0,
      "Non Current Pension And Other Postretirement Benefit Plans": 5289000.0,
      "Tradeand Other Payables Non Current": 113505000.0,
      "Non Current Deferred Liabilities": 349000.0,
      "Non Current Deferred Taxes Liabilities": 349000.0,
      "Long Term Debt And Capital Lease Obligation": 4909000.0,
      "Long Term Capital Lease Obligation": 4909000.0,
      "Current Liabilities": 29504000.0,
      "Other Current Liabilities": null,
      "Current Debt And Capital Lease Obligation": 262000.0,
      "Current Capital Lease Obligation": 262000.0,
      "Pensionand Other Post Retirement Benefit Plans Current": 13562000.0,
      "Payables And Accrued Expenses": 15680000.0,
      "Payables": 15680000.0,
      "Total Tax Payable": 2127000.0,
      "Income Tax Payable": 2127000.0,
      "Accounts Payable": 13553000.0,
      "Total Assets": 7424457000.0,
      "Total Non Current Assets": 6596377000.0,
      "Other Non Current Assets": 2485000.0,
      "Non Current Prepaid Assets": 9413000.0,
      "Non Current Deferred Assets": 5101000.0,
      "Non Current Note Receivables": null,
      "Financial Assets": null,
      "Investments And Advances": 98975000.0,
      "Investmentin Financial Assets": 98975000.0,
      "Available For Sale Securities": 98975000.0,
      "Long Term Equity Investment": null,
      "Investments In Other Ventures Under Equity Method": null,
      "Investmentsin Associatesat Cost": null,
      "Goodwill And Other Intangible Assets": 4617000.0,
      "Other Intangible Assets": 4617000.0,
      "Net PPE": 6475786000.0,
      "Accumulated Depreciation": -3096112000.0,
      "Gross PPE": 9571898000.0,
      "Leases": null,
      "Other Properties": null,
      "Current Assets": 828080000.0,
      "Other Current Assets": 467000.0,
      "Prepaid Assets": 3230000.0,
      "Inventory": 0.0,
      "Other Inventories": null,
      "Finished Goods": 0.0,
      "Receivables": 6217000.0,
      "Other Receivables": 1500000.0,
      "Taxes Receivable": 0.0,
      "Loans Receivable": null,
      "Accounts Receivable": 4717000.0,
      "Cash Cash Equivalents And Short Term Investments": 818166000.0,
      "Cash And Cash Equivalents": 818166000.0,
      "Cash Equivalents": 49484000.0,
      "Cash Financial": 768682000.0
    },
    "2023-12-31T00:00:00": {
      "Ordinary Shares Number": 453069254.0,
      "Share Issued": 453069254.0,
      "Total Debt": 6229000.0,
      "Tangible Book Value": 6979120000.0,
      "Invested Capital": 6985516000.0,
      "Working Capital": 541336000.0,
      "Net Tangible Assets": 6979120000.0,
      "Capital Lease Obligations": 6229000.0,
      "Common Stock Equity": 6985516000.0,
      "Total Capitalization": 6985516000.0,
      "Total Equity Gross Minority Interest": 6985516000.0,
      "Stockholders Equity": 6985516000.0,
      "Other Equity Interest": 30913000.0,
      "Gains Losses Not Affecting Retained Earnings": -71004000.0,
      "Fixed Assets Revaluation Reserve": -71004000.0,
      "Retained Earnings": 3248284000.0,
      "Capital Stock": 3777323000.0,
      "Common Stock": 3777323000.0,
      "Total Liabilities Net Minority Interest": 45669000.0,
      "Total Non Current Liabilities Net Minority Interest": 19594000.0,
      "Employee Benefits": 13737000.0,
      "Non Current Pension And Other Postretirement Benefit Plans": 4624000.0,
      "Tradeand Other Payables Non Current": 0.0,
      "Non Current Deferred Liabilities": 232000.0,
      "Non Current Deferred Taxes Liabilities": 232000.0,
      "Long Term Debt And Capital Lease Obligation": 5625000.0,
      "Long Term Capital Lease Obligation": 5625000.0,
      "Current Liabilities": 26075000.0,
      "Other Current Liabilities": null,
      "Current Debt And Capital Lease Obligation": 604000.0,
      "Current Capital Lease Obligation": 604000.0,
      "Pensionand Other Post Retirement Benefit Plans Current": 12013000.0,
      "Payables And Accrued Expenses": 13458000.0,
      "Payables": 13458000.0,
      "Total Tax Payable": 0.0,
      "Income Tax Payable": 0.0,
      "Accounts Payable": 13458000.0,
      "Total Assets": 7031185000.0,
      "Total Non Current Assets": 6463774000.0,
      "Other Non Current Assets": 5861000.0,
      "Non Current Prepaid Assets": 8717000.0,
      "Non Current Deferred Assets": 5496000.0,
      "Non Current Note Receivables": null,
      "Financial Assets": null,
      "Investments And Advances": 246678000.0,
      "Investmentin Financial Assets": 246678000.0,
      "Available For Sale Securities": 246678000.0,
      "Long Term Equity Investment": null,
      "Investments In Other Ventures Under Equity Method": null,
      "Investmentsin Associatesat Cost": null,
      "Goodwill And Other Intangible Assets": 6396000.0,
      "Other Intangible Assets": 6396000.0,
      "Net PPE": 6190626000.0,
      "Accumulated Depreciation": -2741434000.0,
      "Gross PPE": 8932060000.0,
      "Leases": null,
      "Other Properties": null,
      "Current Assets": 567411000.0,
      "Other Current Assets": 871000.0,
      "Prepaid Assets": 2628000.0,
      "Inventory": 1372000.0,
      "Other Inventories": null,
      "Finished Goods": 1372000.0,
      "Receivables": 16013000.0,
      "Other Receivables": 743000.0,
      "Taxes Receivable": 5935000.0,
      "Loans Receivable": null,
      "Accounts Receivable": 9335000.0,
      "Cash Cash Equivalents And Short Term Investments": 546527000.0,
      "Cash And Cash Equivalents": 546527000.0,
      "Cash Equivalents": 335097000.0,
      "Cash Financial": 211430000.0
    },
    "2022-12-31T00:00:00": {
      "Ordinary Shares Number": 452318526.0,
      "Share Issued": 452318526.0,
      "Total Debt": 1970000.0,
      "Tangible Book Value": 6715405000.0,
      "Invested Capital": 6717675000.0,
      "Working Capital": 689376000.0,
      "Net Tangible Assets": 6715405000.0,
      "Capital Lease Obligations": 1970000.0,
      "Common Stock Equity": 6717675000.0,
      "Total Capitalization": 6717675000.0,
      "Total Equity Gross Minority Interest": 6717675000.0,
      "Stockholders Equity": 6717675000.0,
      "Other Equity Interest": null,
      "Gains Losses Not Affecting Retained Earnings": 66547000.0,
      "Fixed Assets Revaluation Reserve": null,
      "Retained Earnings": 2898466000.0,
      "Capital Stock": 3752662000.0,
      "Common Stock": 3752662000.0,
      "Total Liabilities Net Minority Interest": 42231000.0,
      "Total Non Current Liabilities Net Minority Interest": 11514000.0,
      "Employee Benefits": 10197000.0,
      "Non Current Pension And Other Postretirement Benefit Plans": 3524000.0,
      "Tradeand Other Payables Non Current": null,
      "Non Current Deferred Liabilities": 165000.0,
      "Non Current Deferred Taxes Liabilities": 165000.0,
      "Long Term Debt And Capital Lease Obligation": 1152000.0,
      "Long Term Capital Lease Obligation": 1152000.0,
      "Current Liabilities": 30717000.0,
      "Other Current Liabilities": null,
      "Current Debt And Capital Lease Obligation": 818000.0,
      "Current Capital Lease Obligation": 818000.0,
      "Pensionand Other Post Retirement Benefit Plans Current": 14566000.0,
      "Payables And Accrued Expenses": 15333000.0,
      "Payables": 15333000.0,
      "Total Tax Payable": 2763000.0,
      "Income Tax Payable": 2763000.0,
      "Accounts Payable": 12570000.0,
      "Total Assets": 6759906000.0,
      "Total Non Current Assets": 6039813000.0,
      "Other Non Current Assets": 3691000.0,
      "Non Current Prepaid Assets": 8073000.0,
      "Non Current Deferred Assets": 5757000.0,
      "Non Current Note Receivables": 0.0,
      "Financial Assets": 560000.0,
      "Investments And Advances": 256095000.0,
      "Investmentin Financial Assets": 256095000.0,
      "Available For Sale Securities": 256095000.0,
      "Long Term Equity Investment": null,
      "Investments In Other Ventures Under Equity Method": null,
      "Investmentsin Associatesat Cost": null,
      "Goodwill And Other Intangible Assets": 2270000.0,
      "Other Intangible Assets": 2270000.0,
      "Net PPE": 5763927000.0,
      "Accumulated Depreciation": -2534638000.0,
      "Gross PPE": 8298565000.0,
      "Leases": 8797000.0,
      "Other Properties": 4917000.0,
      "Current Assets": 720093000.0,
      "Other Current Assets": 431000.0,
      "Prepaid Assets": 2856000.0,
      "Inventory": 10530000.0,
      "Other Inventories": null,
      "Finished Goods": 10530000.0,
      "Receivables": 10187000.0,
      "Other Receivables": 1029000.0,
      "Taxes Receivable": 0.0,
      "Loans Receivable": 0.0,
      "Accounts Receivable": 9158000.0,
      "Cash Cash Equivalents And Short Term Investments": 696089000.0,
      "Cash And Cash Equivalents": 696089000.0,
      "Cash Equivalents": 525934000.0,
      "Cash Financial": 170155000.0
    },
    "2021-12-31T00:00:00": {
      "Ordinary Shares Number": 450863952.0,
      "Share Issued": 450863952.0,
      "Total Debt": 2873000.0,
      "Tangible Book Value": 6247465000.0,
      "Invested Capital": 6250117000.0,
      "Working Capital": 220033000.0,
      "Net Tangible Assets": 6247465000.0,
      "Capital Lease Obligations": 2873000.0,
      "Common Stock Equity": 6250117000.0,
      "Total Capitalization": 6250117000.0,
      "Total Equity Gross Minority Interest": 6250117000.0,
      "Stockholders Equity": 6250117000.0,
      "Other Equity Interest": null,
      "Gains Losses Not Affecting Retained Earnings": 47036000.0,
      "Fixed Assets Revaluation Reserve": null,
      "Retained Earnings": 2504083000.0,
      "Capital Stock": 3698998000.0,
      "Common Stock": 3698998000.0,
      "Total Liabilities Net Minority Interest": 46034000.0,
      "Total Non Current Liabilities Net Minority Interest": 16343000.0,
      "Employee Benefits": 14183000.0,
      "Non Current Pension And Other Postretirement Benefit Plans": 2685000.0,
      "Tradeand Other Payables Non Current": null,
      "Non Current Deferred Liabilities": 100000.0,
      "Non Current Deferred Taxes Liabilities": 100000.0,
      "Long Term Debt And Capital Lease Obligation": 2060000.0,
      "Long Term Capital Lease Obligation": 2060000.0,
      "Current Liabilities": 29691000.0,
      "Other Current Liabilities": 136000.0,
      "Current Debt And Capital Lease Obligation": 813000.0,
      "Current Capital Lease Obligation": 813000.0,
      "Pensionand Other Post Retirement Benefit Plans Current": 14807000.0,
      "Payables And Accrued Expenses": 14071000.0,
      "Payables": 14071000.0,
      "Total Tax Payable": 132000.0,
      "Income Tax Payable": null,
      "Accounts Payable": 13939000.0,
      "Total Assets": 6296151000.0,
      "Total Non Current Assets": 6046427000.0,
      "Other Non Current Assets": 6939000.0,
      "Non Current Prepaid Assets": 0.0,
      "Non Current Deferred Assets": 5620000.0,
      "Non Current Note Receivables": 17086000.0,
      "Financial Assets": 1536000.0,
      "Investments And Advances": 61477000.0,
      "Investmentin Financial Assets": 61477000.0,
      "Available For Sale Securities": 61477000.0,
      "Long Term Equity Investment": 59941000.0,
      "Investments In Other Ventures Under Equity Method": 59941000.0,
      "Investmentsin Associatesat Cost": 1536000.0,
      "Goodwill And Other Intangible Assets": 2652000.0,
      "Other Intangible Assets": null,
      "Net PPE": 5952653000.0,
      "Accumulated Depreciation": -2971672000.0,
      "Gross PPE": 8924325000.0,
      "Leases": 9175000.0,
      "Other Properties": 4856000.0,
      "Current Assets": 249724000.0,
      "Other Current Assets": 49000.0,
      "Prepaid Assets": 2525000.0,
      "Inventory": 8712000.0,
      "Other Inventories": 8712000.0,
      "Finished Goods": 8712000.0,
      "Receivables": 12393000.0,
      "Other Receivables": 373000.0,
      "Taxes Receivable": null,
      "Loans Receivable": 816000.0,
      "Accounts Receivable": 11204000.0,
      "Cash Cash Equivalents And Short Term Investments": 226045000.0,
      "Cash And Cash Equivalents": 226045000.0,
      "Cash Equivalents": 99992000.0,
      "Cash Financial": 126053000.0
    }
  },
  "cashflow": {
    "2024-12-31T00:00:00": {
      "Free Cash Flow": 369252000.0,
      "Repayment Of Debt": -594000.0,
      "Capital Expenditure": -658329000.0,
      "End Cash Position": 818166000.0,
      "Beginning Cash Position": 546527000.0,
      "Effect Of Exchange Rate Changes": -250000.0,
      "Changes In Cash": 271889000.0,
      "Financing Cash Flow": -267389000.0,
      "Cash Flow From Continuing Financing Activities": -267389000.0,
      "Net Other Financing Charges": -937000.0,
      "Proceeds From Stock Option Exercised": 13192000.0,
      "Cash Dividends Paid": -279050000.0,
      "Common Stock Dividend Paid": -279050000.0,
      "Net Issuance Payments Of Debt": -594000.0,
      "Net Long Term Debt Issuance": -594000.0,
      "Long Term Debt Payments": -594000.0,
      "Investing Cash Flow": -488303000.0,
      "Cash Flow From Continuing Investing Activities": -488303000.0,
      "Net Other Investing Changes": -2266000.0,
      "Dividends Received Cfi": 2188000.0,
      "Net Investment Purchase And Sale": 156854000.0,
      "Sale Of Investment": 177088000.0,
      "Purchase Of Investment": -20234000.0,
      "Net Intangibles Purchase And Sale": -3114000.0,
      "Purchase Of Intangibles": -3114000.0,
      "Net PPE Purchase And Sale": -641965000.0,
      "Sale Of PPE": 13250000.0,
      "Purchase Of PPE": -655215000.0,
      "Operating Cash Flow": 1027581000.0,
      "Cash Flow From Continuing Operating Activities": 1027581000.0,
      "Taxes Refund Paid": 8516000.0,
      "Interest Received Cfo": 23778000.0,
      "Interest Paid Cfo": -287000.0,
      "Change In Working Capital": 4426000.0,
      "Change In Other Working Capital": 48000.0,
      "Change In Payables And Accrued Expense": -11000.0,
      "Change In Inventory": null,
      "Change In Receivables": 4389000.0,
      "Changes In Account Receivables": 4389000.0,
      "Other Non Cash Items": -7746000.0,
      "Stock Based Compensation": 23268000.0,
      "Asset Impairment Charge": 108861000.0,
      "Deferred Tax": 115204000.0,
      "Deferred Income Tax": 115204000.0,
      "Depreciation Amortization Depletion": 248303000.0,
      "Operating Gains Losses": -25882000.0,
      "Pension And Employee Benefit Expense": 1124000.0,
      "Gain Loss On Investment Securities": -27006000.0,
      "Gain Loss On Sale Of PPE": 0.0,
      "Net Income From Continuing Operations": 529140000.0
    },
    "2023-12-31T00:00:00": {
      "Free Cash Flow": 74938000.0,
      "Repayment Of Debt": -691000.0,
      "Capital Expenditure": -675871000.0,
      "End Cash Position": 546527000.0,
      "Beginning Cash Position": 696089000.0,
      "Effect Of Exchange Rate Changes": 519000.0,
      "Changes In Cash": -150081000.0,
      "Financing Cash Flow": -254244000.0,
      "Cash Flow From Continuing Financing Activities": -254244000.0,
      "Net Other Financing Charges": -859000.0,
      "Proceeds From Stock Option Exercised": 12415000.0,
      "Cash Dividends Paid": -265109000.0,
      "Common Stock Dividend Paid": -265109000.0,
      "Net Issuance Payments Of Debt": -691000.0,
      "Net Long Term Debt Issuance": -691000.0,
      "Long Term Debt Payments": -691000.0,
      "Investing Cash Flow": -646646000.0,
      "Cash Flow From Continuing Investing Activities": -646646000.0,
      "Net Other Investing Changes": -2247000.0,
      "Dividends Received Cfi": 2317000.0,
      "Net Investment Purchase And Sale": -17245000.0,
      "Sale Of Investment": 202000.0,
      "Purchase Of Investment": -17447000.0,
      "Net Intangibles Purchase And Sale": -4510000.0,
      "Purchase Of Intangibles": -4510000.0,
      "Net PPE Purchase And Sale": -624961000.0,
      "Sale Of PPE": 46400000.0,
      "Purchase Of PPE": -671361000.0,
      "Operating Cash Flow": 750809000.0,
      "Cash Flow From Continuing Operating Activities": 750809000.0,
      "Taxes Refund Paid": -6192000.0,
      "Interest Received Cfo": 33957000.0,
      "Interest Paid Cfo": -187000.0,
      "Change In Working Capital": 1912000.0,
      "Change In Other Working Capital": 1309000.0,
      "Change In Payables And Accrued Expense": 867000.0,
      "Change In Inventory": null,
      "Change In Receivables": -264000.0,
      "Changes In Account Receivables": -264000.0,
      "Other Non Cash Items": -15357000.0,
      "Stock Based Compensation": 22744000.0,
      "Asset Impairment Charge": 0.0,
      "Deferred Tax": 1414000.0,
      "Deferred Income Tax": 1414000.0,
      "Depreciation Amortization Depletion": 215926000.0,
      "Operating Gains Losses": -41052000.0,
      "Pension And Employee Benefit Expense": 1122000.0,
      "Gain Loss On Investment Securities": -37147000.0,
      "Gain Loss On Sale Of PPE": -5027000.0,
      "Net Income From Continuing Operations": 537644000.0
    },
    "2022-12-31T00:00:00": {
      "Free Cash Flow": 589995000.0,
      "Repayment Of Debt": -800000.0,
      "Capital Expenditure": -153429000.0,
      "End Cash Position": 696089000.0,
      "Beginning Cash Position": 226045000.0,
      "Effect Of Exchange Rate Changes": -197000.0,
      "Changes In Cash": 470241000.0,
      "Financing Cash Flow": -228886000.0,
      "Cash Flow From Continuing Financing Activities": -228886000.0,
      "Net Other Financing Charges": -1357000.0,
      "Proceeds From Stock Option Exercised": 10368000.0,
      "Cash Dividends Paid": -237097000.0,
      "Common Stock Dividend Paid": -237097000.0,
      "Net Issuance Payments Of Debt": -800000.0,
      "Net Long Term Debt Issuance": -800000.0,
      "Long Term Debt Payments": -800000.0,
      "Investing Cash Flow": -44297000.0,
      "Cash Flow From Continuing Investing Activities": -44297000.0,
      "Net Other Investing Changes": -316000.0,
      "Dividends Received Cfi": 453000.0,
      "Net Investment Purchase And Sale": -22768000.0,
      "Sale Of Investment": 0.0,
      "Purchase Of Investment": -22768000.0,
      "Net Intangibles Purchase And Sale": 0.0,
      "Purchase Of Intangibles": 0.0,
      "Net PPE Purchase And Sale": -21666000.0,
      "Sale Of PPE": 131763000.0,
      "Purchase Of PPE": -153429000.0,
      "Operating Cash Flow": 743424000.0,
      "Cash Flow From Continuing Operating Activities": 743424000.0,
      "Taxes Refund Paid": -171000.0,
      "Interest Received Cfo": 6320000.0,
      "Interest Paid Cfo": -93000.0,
      "Change In Working Capital": 1573000.0,
      "Change In Other Working Capital": 868000.0,
      "Change In Payables And Accrued Expense": -1318000.0,
      "Change In Inventory": 1579000.0,
      "Change In Receivables": 2023000.0,
      "Changes In Account Receivables": 2023000.0,
      "Other Non Cash Items": -18252000.0,
      "Stock Based Compensation": 20060000.0,
      "Asset Impairment Charge": -8611000.0,
      "Deferred Tax": 509000.0,
      "Deferred Income Tax": 509000.0,
      "Depreciation Amortization Depletion": 233539000.0,
      "Operating Gains Losses": -160576000.0,
      "Pension And Employee Benefit Expense": 1033000.0,
      "Gain Loss On Investment Securities": -5741000.0,
      "Gain Loss On Sale Of PPE": -155868000.0,
      "Net Income From Continuing Operations": 669126000.0
    },
    "2021-12-31T00:00:00": {
      "Free Cash Flow": 319183000.0,
      "Repayment Of Debt": -195780000.0,
      "Capital Expenditure": -525962000.0,
      "End Cash Position": 226045000.0,
      "Beginning Cash Position": 192683000.0,
      "Effect Of Exchange Rate Changes": 39000.0,
      "Changes In Cash": 33323000.0,
      "Financing Cash Flow": -407606000.0,
      "Cash Flow From Continuing Financing Activities": -407606000.0,
      "Net Other Financing Charges": -1727000.0,
      "Proceeds From Stock Option Exercised": 7953000.0,
      "Cash Dividends Paid": -218052000.0,
      "Common Stock Dividend Paid": -218052000.0,
      "Net Issuance Payments Of Debt": -195780000.0,
      "Net Long Term Debt Issuance": -195780000.0,
      "Long Term Debt Payments": -195780000.0,
      "Investing Cash Flow": -404216000.0,
      "Cash Flow From Continuing Investing Activities": -404216000.0,
      "Net Other Investing Changes": -775000.0,
      "Dividends Received Cfi": 221000.0,
      "Net Investment Purchase And Sale": 122300000.0,
      "Sale Of Investment": 129753000.0,
      "Purchase Of Investment": -7453000.0,
      "Net Intangibles Purchase And Sale": null,
      "Purchase Of Intangibles": null,
      "Net PPE Purchase And Sale": -525962000.0,
      "Sale Of PPE": 0.0,
      "Purchase Of PPE": -525962000.0,
      "Operating Cash Flow": 845145000.0,
      "Cash Flow From Continuing Operating Activities": 845145000.0,
      "Taxes Refund Paid": -279000.0,
      "Interest Received Cfo": 242000.0,
      "Interest Paid Cfo": -429000.0,
      "Change In Working Capital": -8072000.0,
      "Change In Other Working Capital": 972000.0,
      "Change In Payables And Accrued Expense": 1095000.0,
      "Change In Inventory": -4444000.0,
      "Change In Receivables": -5695000.0,
      "Changes In Account Receivables": -5695000.0,
      "Other Non Cash Items": -5891000.0,
      "Stock Based Compensation": 2337000.0,
      "Asset Impairment Charge": -156717000.0,
      "Deferred Tax": -269000.0,
      "Deferred Income Tax": -269000.0,
      "Depreciation Amortization Depletion": 256685000.0,
      "Operating Gains Losses": 2653000.0,
      "Pension And Employee Benefit Expense": 1014000.0,
      "Gain Loss On Investment Securities": 1639000.0,
      "Gain Loss On Sale Of PPE": 0.0,
      "Net Income From Continuing Operations": 754885000.0
    }
  },
  "earnings_estimate": {
    "avg": {
      "0q": 1.0435,
      "+1q": 1.38,
      "0y": 2.81685,
      "+1y": 4.53838
    },
    "low": {
      "0q": 0.948,
      "+1q": 1.11,
      "0y": 2.6,
      "+1y": 1.55
    },
    "high": {
      "0q": 1.2,
      "+1q": 1.67,
      "0y": 3.0,
      "+1y": 6.16
    },
    "yearAgoEps": {
      "0q": 0.438,
      "+1q": 0.552,
      "0y": 1.41,
      "+1y": 2.81685
    },
    "numberOfAnalysts": {
      "0q": 8,
      "+1q": 4,
      "0y": 13,
      "+1y": 13
    },
    "growth": {
      "0q": 1.3824,
      "+1q": 1.5,
      "0y": 0.9978,
      "+1y": 0.6112
    }
  },
  "revenue_estimate": {
    "avg": {
      "0q": 743816330,
      "+1q": 989111280,
      "0y": 2200127460,
      "+1y": 3489529280
    },
    "low": {
      "0q": 681399000,
      "+1q": 851000000,
      "0y": 2083000000,
      "+1y": 1650465000
    },
    "high": {
      "0q": 833932500,
      "+1q": 1127222550,
      "0y": 2299100000,
      "+1y": 4824905810
    },
    "numberOfAnalysts": {
      "0q": 6,
      "+1q": 2,
      "0y": 13,
      "+1y": 12
    },
    "yearAgoRevenue": {
      "0q": 380516000,
      "+1q": 470411000,
      "0y": 1284639000,
      "+1y": 2200127460
    },
    "growth": {
      "0q": 0.9548,
      "+1q": 1.1027,
      "0y": 0.7126,
      "+1y": 0.5861
    }
  },
  "growth_estimates": {
    "stockTrend": {
      "0q": 1.3824,
      "+1q": 1.5,
      "0y": 0.9978,
      "+1y": 0.6112,
      "LTG": null
    },
    "indexTrend": {
      "0q": 0.1273,
      "+1q": 0.103599995,
      "0y": 0.14310001,
      "+1y": 0.1557,
      "LTG": 0.122
    }
  },
  "revenue_forecasts": null,
  "dividend_rate": 0.92,
  "trailing_dividend_rate": 0.65
}