{
  "ticker": "XOM",
  "name": "ExxonMobil",
  "country": "usa",
  "currency": "USD",
  "last_fetched": "2026-02-26T20:45:09.422932",
  "market_cap": 621618593792,
  "revenue": 323904995328,
  "net_income": 28843999232,
  "pe_ratio": 22.2997,
  "forward_pe": 17.866808,
  "dividend_yield": 2.76,
  "profit_margin": 0.089049995,
  "roe": 0.110810004,
  "debt_to_equity": 18.936,
  "beta": 0.358,
  "ev_to_ebitda": 11.251,
  "sector": "Energy",
  "industry": "Oil & Gas Integrated",
  "summary": "Exxon Mobil Corporation engages in the exploration and production of crude oil and natural gas in the United States, Canada, and internationally. The company operates through Upstream, Energy Products, Chemical Products, and Specialty Products segments. Its Upstream segment explores for and produces crude oil and natural gas. The Energy Products segment offers fuels, aromatics, and catalysts, as well as licensing services. Its Chemical Products segment manufactures and sells olefins, polyolefins, and intermediates. The Specialty Products segment offers finished lubricants, basestocks, waxes, synthetics, elastomers, and resins. It is also involved in the manufacture, trade, transport, and sale of crude oil, natural gas, petroleum products, petrochemicals, and other specialty products; and pursuit of lower-emission and business opportunities, including carbon capture and storage, hydrogen, lower-emission fuels, Proxxima resin systems, carbon materials, low-carbon data center, and lithium. In addition, the company offers aviation fuel. It sells its products under the Exxon, Esso, and Mobil brands. Exxon Mobil Corporation was founded in 1870 and is headquartered in Spring, Texas.",
  "website": "https://corporate.exxonmobil.com",
  "employees": 57900,
  "target_high": 183.0,
  "target_low": 118.0,
  "target_mean": 142.04167,
  "target_median": 141.0,
  "recommendation": "buy",
  "num_analysts": 24,
  "income_stmt": {
    "2024-12-31T00:00:00": {
      "Tax Effect Of Unusual Items": 0.0,
      "Tax Rate For Calcs": 0.33,
      "Normalized EBITDA": 73311000000.0,
      "Net Income From Continuing Operation Net Minority Interest": 33680000000.0,
      "Reconciled Depreciation": 23442000000.0,
      "Reconciled Cost Of Revenue": 262505000000.0,
      "EBITDA": 73311000000.0,
      "EBIT": 49869000000.0,
      "Net Interest Income": -996000000.0,
      "Interest Expense": 996000000.0,
      "Normalized Income": 33680000000.0,
      "Net Income From Continuing And Discontinued Operation": 33680000000.0,
      "Total Expenses": 299595000000.0,
      "Diluted Average Shares": 4298000000.0,
      "Basic Average Shares": 4295918367.0,
      "Diluted EPS": 7.84,
      "Basic EPS": 7.84,
      "Diluted NI Availto Com Stockholders": 33680000000.0,
      "Net Income Common Stockholders": 33680000000.0,
      "Net Income": 33680000000.0,
      "Minority Interests": -1383000000.0,
      "Net Income Including Noncontrolling Interests": 35063000000.0,
      "Net Income Continuous Operations": 35063000000.0,
      "Tax Provision": 13810000000.0,
      "Pretax Income": 48873000000.0,
      "Other Income Expense": 10217000000.0,
      "Other Non Operating Income Expenses": 4023000000.0,
      "Earnings From Equity Interest": 6194000000.0,
      "Net Non Operating Interest Income Expense": -996000000.0,
      "Interest Expense Non Operating": 996000000.0,
      "Operating Income": 39652000000.0,
      "Operating Expense": 37090000000.0,
      "Other Operating Expenses": 826000000.0,
      "Other Taxes": 26288000000.0,
      "Selling General And Administration": 9976000000.0,
      "General And Administrative Expense": 9976000000.0,
      "Other Gand A": 9976000000.0,
      "Salaries And Wages": null,
      "Gross Profit": 76742000000.0,
      "Cost Of Revenue": 262505000000.0,
      "Total Revenue": 339247000000.0,
      "Operating Revenue": 339247000000.0
    },
    "2023-12-31T00:00:00": {
      "Tax Effect Of Unusual Items": 0.0,
      "Tax Rate For Calcs": 0.33,
      "Normalized EBITDA": 74273000000.0,
      "Net Income From Continuing Operation Net Minority Interest": 36010000000.0,
      "Reconciled Depreciation": 20641000000.0,
      "Reconciled Cost Of Revenue": 250555000000.0,
      "EBITDA": 74273000000.0,
      "EBIT": 53632000000.0,
      "Net Interest Income": -849000000.0,
      "Interest Expense": 849000000.0,
      "Normalized Income": 36010000000.0,
      "Net Income From Continuing And Discontinued Operation": 36010000000.0,
      "Total Expenses": 290236000000.0,
      "Diluted Average Shares": 4052000000.0,
      "Basic Average Shares": 4050618673.0,
      "Diluted EPS": 8.89,
      "Basic EPS": 8.89,
      "Diluted NI Availto Com Stockholders": 36010000000.0,
      "Net Income Common Stockholders": 36010000000.0,
      "Net Income": 36010000000.0,
      "Minority Interests": -1344000000.0,
      "Net Income Including Noncontrolling Interests": 37354000000.0,
      "Net Income Continuous Operations": 37354000000.0,
      "Tax Provision": 15429000000.0,
      "Pretax Income": 52783000000.0,
      "Other Income Expense": 9171000000.0,
      "Other Non Operating Income Expenses": 2786000000.0,
      "Earnings From Equity Interest": 6385000000.0,
      "Net Non Operating Interest Income Expense": -849000000.0,
      "Interest Expense Non Operating": 849000000.0,
      "Operating Income": 44461000000.0,
      "Operating Expense": 39681000000.0,
      "Other Operating Expenses": 751000000.0,
      "Other Taxes": 29011000000.0,
      "Selling General And Administration": 9919000000.0,
      "General And Administrative Expense": 9919000000.0,
      "Other Gand A": 9919000000.0,
      "Salaries And Wages": 714000000.0,
      "Gross Profit": 84142000000.0,
      "Cost Of Revenue": 250555000000.0,
      "Total Revenue": 334697000000.0,
      "Operating Revenue": 334697000000.0
    },
    "2022-12-31T00:00:00": {
      "Tax Effect Of Unusual Items": 0.0,
      "Tax Rate For Calcs": 0.33,
      "Normalized EBITDA": 102591000000.0,
      "Net Income From Continuing Operation Net Minority Interest": 55740000000.0,
      "Reconciled Depreciation": 24040000000.0,
      "Reconciled Cost Of Revenue": 295608000000.0,
      "EBITDA": 102591000000.0,
      "EBIT": 78551000000.0,
      "Net Interest Income": -798000000.0,
      "Interest Expense": 798000000.0,
      "Normalized Income": 55740000000.0,
      "Net Income From Continuing And Discontinued Operation": 55740000000.0,
      "Total Expenses": 334647000000.0,
      "Diluted Average Shares": 4205000000.0,
      "Basic Average Shares": 4203619910.0,
      "Diluted EPS": 13.26,
      "Basic EPS": 13.26,
      "Diluted NI Availto Com Stockholders": 55740000000.0,
      "Net Income Common Stockholders": 55740000000.0,
      "Net Income": 55740000000.0,
      "Minority Interests": -1837000000.0,
      "Net Income Including Noncontrolling Interests": 57577000000.0,
      "Net Income Continuous Operations": 57577000000.0,
      "Tax Provision": 20176000000.0,
      "Pretax Income": 77753000000.0,
      "Other Income Expense": 14523000000.0,
      "Other Non Operating Income Expenses": 3060000000.0,
      "Earnings From Equity Interest": 11463000000.0,
      "Net Non Operating Interest Income Expense": -798000000.0,
      "Interest Expense Non Operating": 798000000.0,
      "Operating Income": 64028000000.0,
      "Operating Expense": 39039000000.0,
      "Other Operating Expenses": 1025000000.0,
      "Other Taxes": 27919000000.0,
      "Selling General And Administration": 10095000000.0,
      "General And Administrative Expense": 10095000000.0,
      "Other Gand A": 10095000000.0,
      "Salaries And Wages": 482000000.0,
      "Gross Profit": 103067000000.0,
      "Cost Of Revenue": 295608000000.0,
      "Total Revenue": 398675000000.0,
      "Operating Revenue": 398675000000.0
    },
    "2021-12-31T00:00:00": {
      "Tax Effect Of Unusual Items": 0.0,
      "Tax Rate For Calcs": 0.31,
      "Normalized EBITDA": 52788000000.0,
      "Net Income From Continuing Operation Net Minority Interest": 23040000000.0,
      "Reconciled Depreciation": 20607000000.0,
      "Reconciled Cost Of Revenue": 211806000000.0,
      "EBITDA": 52788000000.0,
      "EBIT": 32181000000.0,
      "Net Interest Income": -947000000.0,
      "Interest Expense": 947000000.0,
      "Normalized Income": 23040000000.0,
      "Net Income From Continuing And Discontinued Operation": 23040000000.0,
      "Total Expenses": 252673000000.0,
      "Diluted Average Shares": 4275000000.0,
      "Basic Average Shares": 4274582560.0,
      "Diluted EPS": 5.39,
      "Basic EPS": 5.39,
      "Diluted NI Availto Com Stockholders": 23040000000.0,
      "Net Income Common Stockholders": 23040000000.0,
      "Net Income": 23040000000.0,
      "Minority Interests": -558000000.0,
      "Net Income Including Noncontrolling Interests": 23598000000.0,
      "Net Income Continuous Operations": 23598000000.0,
      "Tax Provision": 7636000000.0,
      "Pretax Income": 31234000000.0,
      "Other Income Expense": 8162000000.0,
      "Other Non Operating Income Expenses": 1505000000.0,
      "Earnings From Equity Interest": 6657000000.0,
      "Net Non Operating Interest Income Expense": -947000000.0,
      "Interest Expense Non Operating": 947000000.0,
      "Operating Income": 24019000000.0,
      "Operating Expense": 40867000000.0,
      "Other Operating Expenses": 1054000000.0,
      "Other Taxes": 30239000000.0,
      "Selling General And Administration": 9574000000.0,
      "General And Administrative Expense": 9574000000.0,
      "Other Gand A": 9574000000.0,
      "Salaries And Wages": 786000000.0,
      "Gross Profit": 64886000000.0,
      "Cost Of Revenue": 211806000000.0,
      "Total Revenue": 276692000000.0,
      "Operating Revenue": 276692000000.0
    }
  },
  "quarterly_income": {
    "2025-12-31T00:00:00": {
      "Tax Effect Of Unusual Items": null,
      "Tax Rate For Calcs": null,
      "Normalized EBITDA": null,
      "Net Income From Continuing Operation Net Minority Interest": null,
      "Reconciled Depreciation": null,
      "Reconciled Cost Of Revenue": null,
      "EBITDA": null,
      "EBIT": null,
      "Net Interest Income": null,
      "Interest Expense": null,
      "Normalized Income": null,
      "Net Income From Continuing And Discontinued Operation": null,
      "Total Expenses": null,
      "Diluted Average Shares": 4249019608.0,
      "Basic Average Shares": 4249019608.0,
      "Diluted EPS": 1.53,
      "Basic EPS": 1.53,
      "Diluted NI Availto Com Stockholders": null,
      "Net Income Common Stockholders": null,
      "Net Income": null,
      "Minority Interests": null,
      "Net Income Including Noncontrolling Interests": null,
      "Net Income Continuous Operations": null,
      "Tax Provision": null,
      "Pretax Income": null,
      "Other Income Expense": null,
      "Other Non Operating Income Expenses": null,
      "Earnings From Equity Interest": null,
      "Net Non Operating Interest Income Expense": null,
      "Interest Expense Non Operating": null,
      "Operating Income": null,
      "Operating Expense": null,
      "Other Operating Expenses": null,
      "Other Taxes": null,
      "Selling General And Administration": null,
      "General And Administrative Expense": null,
      "Other Gand A": null,
      "Salaries And Wages": null,
      "Gross Profit": null,
      "Cost Of Revenue": null,
      "Total Revenue": null,
      "Operating Revenue": null
    },
    "2025-09-30T00:00:00": {
      "Tax Effect Of Unusual Items": 0.0,
      "Tax Rate For Calcs": 0.32,
      "Normalized EBITDA": 17497000000.0,
      "Net Income From Continuing Operation Net Minority Interest": 7548000000.0,
      "Reconciled Depreciation": 6475000000.0,
      "Reconciled Cost Of Revenue": 64497000000.0,
      "EBITDA": 17497000000.0,
      "EBIT": 11022000000.0,
      "Net Interest Income": -90000000.0,
      "Interest Expense": 90000000.0,
      "Normalized Income": 7548000000.0,
      "Net Income From Continuing And Discontinued Operation": 7548000000.0,
      "Total Expenses": 74153000000.0,
      "Diluted Average Shares": 4288636364.0,
      "Basic Average Shares": 4288636364.0,
      "Diluted EPS": 1.76,
      "Basic EPS": 1.76,
      "Diluted NI Availto Com Stockholders": 7548000000.0,
      "Net Income Common Stockholders": 7548000000.0,
      "Net Income": 7548000000.0,
      "Minority Interests": -220000000.0,
      "Net Income Including Noncontrolling Interests": 7768000000.0,
      "Net Income Continuous Operations": 7768000000.0,
      "Tax Provision": 3164000000.0,
      "Pretax Income": 10932000000.0,
      "Other Income Expense": 1844000000.0,
      "Other Non Operating Income Expenses": 577000000.0,
      "Earnings From Equity Interest": 1267000000.0,
      "Net Non Operating Interest Income Expense": -90000000.0,
      "Interest Expense Non Operating": 90000000.0,
      "Operating Income": 9178000000.0,
      "Operating Expense": 9656000000.0,
      "Other Operating Expenses": 149000000.0,
      "Other Taxes": 6475000000.0,
      "Selling General And Administration": 3032000000.0,
      "General And Administrative Expense": null,
      "Other Gand A": null,
      "Salaries And Wages": null,
      "Gross Profit": 18834000000.0,
      "Cost Of Revenue": 64497000000.0,
      "Total Revenue": 83331000000.0,
      "Operating Revenue": 83331000000.0
    },
    "2025-06-30T00:00:00": {
      "Tax Effect Of Unusual Items": 0.0,
      "Tax Rate For Calcs": 0.34,
      "Normalized EBITDA": 16951000000.0,
      "Net Income From Continuing Operation Net Minority Interest": 7082000000.0,
      "Reconciled Depreciation": 6101000000.0,
      "Reconciled Cost Of Revenue": 61530000000.0,
      "EBITDA": 16951000000.0,
      "EBIT": 10850000000.0,
      "Net Interest Income": -145000000.0,
      "Interest Expense": 145000000.0,
      "Normalized Income": 7082000000.0,
      "Net Income From Continuing And Discontinued Operation": 7082000000.0,
      "Total Expenses": 70566000000.0,
      "Diluted Average Shares": 4331000000.0,
      "Basic Average Shares": 4318292683.0,
      "Diluted EPS": 1.64,
      "Basic EPS": 1.64,
      "Diluted NI Availto Com Stockholders": 7082000000.0,
      "Net Income Common Stockholders": 7082000000.0,
      "Net Income": 7082000000.0,
      "Minority Interests": -272000000.0,
      "Net Income Including Noncontrolling Interests": 7354000000.0,
      "Net Income Continuous Operations": 7354000000.0,
      "Tax Provision": 3351000000.0,
      "Pretax Income": 10705000000.0,
      "Other Income Expense": 1939000000.0,
      "Other Non Operating Income Expenses": 477000000.0,
      "Earnings From Equity Interest": 1462000000.0,
      "Net Non Operating Interest Income Expense": -145000000.0,
      "Interest Expense Non Operating": 145000000.0,
      "Operating Income": 8911000000.0,
      "Operating Expense": 9036000000.0,
      "Other Operating Expenses": 251000000.0,
      "Other Taxes": 6257000000.0,
      "Selling General And Administration": 2528000000.0,
      "General And Administrative Expense": null,
      "Other Gand A": null,
      "Salaries And Wages": null,
      "Gross Profit": 17947000000.0,
      "Cost Of Revenue": 61530000000.0,
      "Total Revenue": 79477000000.0,
      "Operating Revenue": 79477000000.0
    },
    "2025-03-31T00:00:00": {
      "Tax Effect Of Unusual Items": 0.0,
      "Tax Rate For Calcs": 0.34,
      "Normalized EBITDA": 17507000000.0,
      "Net Income From Continuing Operation Net Minority Interest": 7713000000.0,
      "Reconciled Depreciation": 5702000000.0,
      "Reconciled Cost Of Revenue": 62573000000.0,
      "EBITDA": 17507000000.0,
      "EBIT": 11805000000.0,
      "Net Interest Income": -205000000.0,
      "Interest Expense": 205000000.0,
      "Normalized Income": 7713000000.0,
      "Net Income From Continuing And Discontinued Operation": 7713000000.0,
      "Total Expenses": 71212000000.0,
      "Diluted Average Shares": 4382386364.0,
      "Basic Average Shares": 4382386364.0,
      "Diluted EPS": 1.76,
      "Basic EPS": 1.76,
      "Diluted NI Availto Com Stockholders": 7713000000.0,
      "Net Income Common Stockholders": 7713000000.0,
      "Net Income": 7713000000.0,
      "Minority Interests": -320000000.0,
      "Net Income Including Noncontrolling Interests": 8033000000.0,
      "Net Income Continuous Operations": 8033000000.0,
      "Tax Provision": 3567000000.0,
      "Pretax Income": 11600000000.0,
      "Other Income Expense": 1959000000.0,
      "Other Non Operating Income Expenses": 590000000.0,
      "Earnings From Equity Interest": 1369000000.0,
      "Net Non Operating Interest Income Expense": -205000000.0,
      "Interest Expense Non Operating": 205000000.0,
      "Operating Income": 9846000000.0,
      "Operating Expense": 8639000000.0,
      "Other Operating Expenses": 64000000.0,
      "Other Taxes": 6035000000.0,
      "Selling General And Administration": 2540000000.0,
      "General And Administrative Expense": 2540000000.0,
      "Other Gand A": 2540000000.0,
      "Salaries And Wages": null,
      "Gross Profit": 18485000000.0,
      "Cost Of Revenue": 62573000000.0,
      "Total Revenue": 81058000000.0,
      "Operating Revenue": 81058000000.0
    },
    "2024-12-31T00:00:00": {
      "Tax Effect Of Unusual Items": 0.0,
      "Tax Rate For Calcs": 0.189341,
      "Normalized EBITDA": 16695000000.0,
      "Net Income From Continuing Operation Net Minority Interest": 7610000000.0,
      "Reconciled Depreciation": 6585000000.0,
      "Reconciled Cost Of Revenue": 63811000000.0,
      "EBITDA": 16695000000.0,
      "EBIT": 10110000000.0,
      "Net Interest Income": -297000000.0,
      "Interest Expense": 297000000.0,
      "Normalized Income": 7610000000.0,
      "Net Income From Continuing And Discontinued Operation": 7610000000.0,
      "Total Expenses": 73285000000.0,
      "Diluted Average Shares": 4424418605.0,
      "Basic Average Shares": 4424418605.0,
      "Diluted EPS": 1.72,
      "Basic EPS": 1.72,
      "Diluted NI Availto Com Stockholders": 7610000000.0,
      "Net Income Common Stockholders": 7610000000.0,
      "Net Income": 7610000000.0,
      "Minority Interests": -345000000.0,
      "Net Income Including Noncontrolling Interests": 7955000000.0,
      "Net Income Continuous Operations": 7955000000.0,
      "Tax Provision": 1858000000.0,
      "Pretax Income": 9813000000.0,
      "Other Income Expense": 2337000000.0,
      "Other Non Operating Income Expenses": 1210000000.0,
      "Earnings From Equity Interest": 1127000000.0,
      "Net Non Operating Interest Income Expense": -297000000.0,
      "Interest Expense Non Operating": 297000000.0,
      "Operating Income": 7773000000.0,
      "Operating Expense": 9474000000.0,
      "Other Operating Expenses": 186000000.0,
      "Other Taxes": 6671000000.0,
      "Selling General And Administration": 2617000000.0,
      "General And Administrative Expense": 2617000000.0,
      "Other Gand A": 2617000000.0,
      "Salaries And Wages": null,
      "Gross Profit": 17247000000.0,
      "Cost Of Revenue": 63811000000.0,
      "Total Revenue": 81058000000.0,
      "Operating Revenue": 81058000000.0
    },
    "2024-09-30T00:00:00": {
      "Tax Effect Of Unusual Items": 0.0,
      "Tax Rate For Calcs": 0.35,
      "Normalized EBITDA": 19491000000.0,
      "Net Income From Continuing Operation Net Minority Interest": 8610000000.0,
      "Reconciled Depreciation": 6258000000.0,
      "Reconciled Cost Of Revenue": 67400000000.0,
      "EBITDA": 19491000000.0,
      "EBIT": 13233000000.0,
      "Net Interest Income": -207000000.0,
      "Interest Expense": 207000000.0,
      "Normalized Income": 8610000000.0,
      "Net Income From Continuing And Discontinued Operation": 8610000000.0,
      "Total Expenses": 76750000000.0,
      "Diluted Average Shares": null,
      "Basic Average Shares": null,
      "Diluted EPS": null,
      "Basic EPS": null,
      "Diluted NI Availto Com Stockholders": 8610000000.0,
      "Net Income Common Stockholders": 8610000000.0,
      "Net Income": 8610000000.0,
      "Minority Interests": -361000000.0,
      "Net Income Including Noncontrolling Interests": 8971000000.0,
      "Net Income Continuous Operations": 8971000000.0,
      "Tax Provision": 4055000000.0,
      "Pretax Income": 13026000000.0,
      "Other Income Expense": 2191000000.0,
      "Other Non Operating Income Expenses": 710000000.0,
      "Earnings From Equity Interest": 1481000000.0,
      "Net Non Operating Interest Income Expense": -207000000.0,
      "Interest Expense Non Operating": 207000000.0,
      "Operating Income": 11042000000.0,
      "Operating Expense": 9350000000.0,
      "Other Operating Expenses": 339000000.0,
      "Other Taxes": 6715000000.0,
      "Selling General And Administration": 2296000000.0,
      "General And Administrative Expense": 2296000000.0,
      "Other Gand A": 2296000000.0,
      "Salaries And Wages": null,
      "Gross Profit": 20392000000.0,
      "Cost Of Revenue": 67400000000.0,
      "Total Revenue": 87792000000.0,
      "Operating Revenue": 87792000000.0
    },
    "2024-06-30T00:00:00": {
      "Tax Effect Of Unusual Items": null,
      "Tax Rate For Calcs": null,
      "Normalized EBITDA": null,
      "Net Income From Continuing Operation Net Minority Interest": null,
      "Reconciled Depreciation": null,
      "Reconciled Cost Of Revenue": null,
      "EBITDA": null,
      "EBIT": null,
      "Net Interest Income": null,
      "Interest Expense": null,
      "Normalized Income": null,
      "Net Income From Continuing And Discontinued Operation": null,
      "Total Expenses": null,
      "Diluted Average Shares": null,
      "Basic Average Shares": null,
      "Diluted EPS": null,
      "Basic EPS": null,
      "Diluted NI Availto Com Stockholders": null,
      "Net Income Common Stockholders": null,
      "Net Income": null,
      "Minority Interests": null,
      "Net Income Including Noncontrolling Interests": null,
      "Net Income Continuous Operations": null,
      "Tax Provision": null,
      "Pretax Income": null,
      "Other Income Expense": null,
      "Other Non Operating Income Expenses": null,
      "Earnings From Equity Interest": null,
      "Net Non Operating Interest Income Expense": null,
      "Interest Expense Non Operating": null,
      "Operating Income": null,
      "Operating Expense": null,
      "Other Operating Expenses": null,
      "Other Taxes": null,
      "Selling General And Administration": null,
      "General And Administrative Expense": 2568000000.0,
      "Other Gand A": 2568000000.0,
      "Salaries And Wages": 34000000.0,
      "Gross Profit": null,
      "Cost Of Revenue": null,
      "Total Revenue": null,
      "Operating Revenue": null
    }
  },
  "balance_sheet": {
    "2024-12-31T00:00:00": {
      "Treasury Shares Number": 3666000000.0,
      "Ordinary Shares Number": 4353094536.0,
      "Share Issued": 8019094536.0,
      "Net Debt": 14730000000.0,
      "Total Debt": 41710000000.0,
      "Tangible Book Value": 263705000000.0,
      "Invested Capital": 301464000000.0,
      "Working Capital": 21683000000.0,
      "Net Tangible Assets": 263705000000.0,
      "Capital Lease Obligations": 3951000000.0,
      "Common Stock Equity": 263705000000.0,
      "Total Capitalization": 296509000000.0,
      "Total Equity Gross Minority Interest": 270606000000.0,
      "Minority Interest": 6901000000.0,
      "Stockholders Equity": 263705000000.0,
      "Gains Losses Not Affecting Retained Earnings": -14619000000.0,
      "Other Equity Adjustments": -14619000000.0,
      "Treasury Stock": 238817000000.0,
      "Retained Earnings": 470903000000.0,
      "Capital Stock": 46238000000.0,
      "Common Stock": 46238000000.0,
      "Total Liabilities Net Minority Interest": 182869000000.0,
      "Total Non Current Liabilities Net Minority Interest": 112562000000.0,
      "Other Non Current Liabilities": 25719000000.0,
      "Employee Benefits": 9700000000.0,
      "Non Current Pension And Other Postretirement Benefit Plans": 9700000000.0,
      "Dueto Related Parties Non Current": 1346000000.0,
      "Tradeand Other Payables Non Current": 0.0,
      "Non Current Deferred Liabilities": 39042000000.0,
      "Non Current Deferred Taxes Liabilities": 39042000000.0,
      "Long Term Debt And Capital Lease Obligation": 36755000000.0,
      "Long Term Capital Lease Obligation": 3951000000.0,
      "Long Term Debt": 32804000000.0,
      "Current Liabilities": 70307000000.0,
      "Current Debt And Capital Lease Obligation": 4955000000.0,
      "Current Debt": 4955000000.0,
      "Other Current Borrowings": 4892000000.0,
      "Line Of Credit": 63000000.0,
      "Commercial Paper": 0.0,
      "Payables And Accrued Expenses": 65352000000.0,
      "Payables": 65352000000.0,
      "Other Payable": 11197000000.0,
      "Dueto Related Parties Current": 10378000000.0,
      "Total Tax Payable": 7632000000.0,
      "Income Tax Payable": 4055000000.0,
      "Accounts Payable": 36145000000.0,
      "Total Assets": 453475000000.0,
      "Total Non Current Assets": 361485000000.0,
      "Other Non Current Assets": 19967000000.0,
      "Non Current Prepaid Assets": 7084000000.0,
      "Non Current Accounts Receivable": 5763000000.0,
      "Investments And Advances": 34353000000.0,
      "Investmentin Financial Assets": 343000000.0,
      "Available For Sale Securities": 343000000.0,
      "Long Term Equity Investment": 34010000000.0,
      "Net PPE": 294318000000.0,
      "Accumulated Depreciation": -259585000000.0,
      "Gross PPE": 553903000000.0,
      "Other Properties": 23823000000.0,
      "Current Assets": 91990000000.0,
      "Other Current Assets": 1598000000.0,
      "Restricted Cash": 158000000.0,
      "Inventory": 23524000000.0,
      "Finished Goods": 19444000000.0,
      "Raw Materials": 4080000000.0,
      "Receivables": 43681000000.0,
      "Other Receivables": 8399000000.0,
      "Accounts Receivable": 35282000000.0,
      "Allowance For Doubtful Accounts Receivable": -162000000.0,
      "Gross Accounts Receivable": 35444000000.0,
      "Cash Cash Equivalents And Short Term Investments": 23029000000.0,
      "Cash And Cash Equivalents": 23029000000.0
    },
    "2023-12-31T00:00:00": {
      "Treasury Shares Number": 4048000000.0,
      "Ordinary Shares Number": 3971000000.0,
      "Share Issued": 8019000000.0,
      "Net Debt": 6196000000.0,
      "Total Debt": 41573000000.0,
      "Tangible Book Value": 204802000000.0,
      "Invested Capital": 242537000000.0,
      "Working Capital": 31293000000.0,
      "Net Tangible Assets": 204802000000.0,
      "Capital Lease Obligations": 3838000000.0,
      "Common Stock Equity": 204802000000.0,
      "Total Capitalization": 238447000000.0,
      "Total Equity Gross Minority Interest": 212538000000.0,
      "Minority Interest": 7736000000.0,
      "Stockholders Equity": 204802000000.0,
      "Gains Losses Not Affecting Retained Earnings": -11989000000.0,
      "Other Equity Adjustments": -11989000000.0,
      "Treasury Stock": 254917000000.0,
      "Retained Earnings": 453927000000.0,
      "Capital Stock": 17781000000.0,
      "Common Stock": 17781000000.0,
      "Total Liabilities Net Minority Interest": 163779000000.0,
      "Total Non Current Liabilities Net Minority Interest": 98463000000.0,
      "Other Non Current Liabilities": 24228000000.0,
      "Employee Benefits": 10496000000.0,
      "Non Current Pension And Other Postretirement Benefit Plans": 10496000000.0,
      "Dueto Related Parties Non Current": 1804000000.0,
      "Tradeand Other Payables Non Current": 0.0,
      "Non Current Deferred Liabilities": 24452000000.0,
      "Non Current Deferred Taxes Liabilities": 24452000000.0,
      "Long Term Debt And Capital Lease Obligation": 37483000000.0,
      "Long Term Capital Lease Obligation": 3838000000.0,
      "Long Term Debt": 33645000000.0,
      "Current Liabilities": 65316000000.0,
      "Current Debt And Capital Lease Obligation": 4090000000.0,
      "Current Debt": 4090000000.0,
      "Other Current Borrowings": 4009000000.0,
      "Line Of Credit": 6000000.0,
      "Commercial Paper": 75000000.0,
      "Payables And Accrued Expenses": 61226000000.0,
      "Payables": 61226000000.0,
      "Other Payable": 11086000000.0,
      "Dueto Related Parties Current": 11885000000.0,
      "Total Tax Payable": 7006000000.0,
      "Income Tax Payable": 3189000000.0,
      "Accounts Payable": 31249000000.0,
      "Total Assets": 376317000000.0,
      "Total Non Current Assets": 279708000000.0,
      "Other Non Current Assets": 17138000000.0,
      "Non Current Prepaid Assets": 7527000000.0,
      "Non Current Accounts Receivable": 5846000000.0,
      "Investments And Advances": 34257000000.0,
      "Investmentin Financial Assets": 177000000.0,
      "Available For Sale Securities": 177000000.0,
      "Long Term Equity Investment": 34080000000.0,
      "Net PPE": 214940000000.0,
      "Accumulated Depreciation": -272445000000.0,
      "Gross PPE": 487385000000.0,
      "Other Properties": 22768000000.0,
      "Current Assets": 96609000000.0,
      "Other Current Assets": 1906000000.0,
      "Restricted Cash": 29000000.0,
      "Inventory": 25120000000.0,
      "Finished Goods": 20528000000.0,
      "Raw Materials": 4592000000.0,
      "Receivables": 38015000000.0,
      "Other Receivables": 7719000000.0,
      "Accounts Receivable": 30296000000.0,
      "Allowance For Doubtful Accounts Receivable": -170000000.0,
      "Gross Accounts Receivable": 30466000000.0,
      "Cash Cash Equivalents And Short Term Investments": 31539000000.0,
      "Cash And Cash Equivalents": 31539000000.0
    },
    "2022-12-31T00:00:00": {
      "Treasury Shares Number": 3937000000.0,
      "Ordinary Shares Number": 4082000000.0,
      "Share Issued": 8019000000.0,
      "Net Debt": 8254000000.0,
      "Total Debt": 41193000000.0,
      "Tangible Book Value": 195049000000.0,
      "Invested Capital": 232943000000.0,
      "Working Capital": 28586000000.0,
      "Net Tangible Assets": 195049000000.0,
      "Capital Lease Obligations": 3299000000.0,
      "Common Stock Equity": 195049000000.0,
      "Total Capitalization": 232309000000.0,
      "Total Equity Gross Minority Interest": 202473000000.0,
      "Minority Interest": 7424000000.0,
      "Stockholders Equity": 195049000000.0,
      "Gains Losses Not Affecting Retained Earnings": -13270000000.0,
      "Other Equity Adjustments": -13270000000.0,
      "Treasury Stock": 240293000000.0,
      "Retained Earnings": 432860000000.0,
      "Capital Stock": 15752000000.0,
      "Common Stock": 15752000000.0,
      "Total Liabilities Net Minority Interest": 166594000000.0,
      "Total Non Current Liabilities Net Minority Interest": 97549000000.0,
      "Other Non Current Liabilities": 21733000000.0,
      "Employee Benefits": 10045000000.0,
      "Non Current Pension And Other Postretirement Benefit Plans": 10045000000.0,
      "Dueto Related Parties Non Current": 2338000000.0,
      "Tradeand Other Payables Non Current": 0.0,
      "Non Current Deferred Liabilities": 22874000000.0,
      "Non Current Deferred Taxes Liabilities": 22874000000.0,
      "Long Term Debt And Capital Lease Obligation": 40559000000.0,
      "Long Term Capital Lease Obligation": 3299000000.0,
      "Long Term Debt": 37260000000.0,
      "Current Liabilities": 69045000000.0,
      "Current Debt And Capital Lease Obligation": 634000000.0,
      "Current Debt": 634000000.0,
      "Other Current Borrowings": 181000000.0,
      "Line Of Credit": 379000000.0,
      "Commercial Paper": 74000000.0,
      "Payables And Accrued Expenses": 68411000000.0,
      "Payables": 68411000000.0,
      "Other Payable": 11474000000.0,
      "Dueto Related Parties Current": 14585000000.0,
      "Total Tax Payable": 9183000000.0,
      "Income Tax Payable": 5214000000.0,
      "Accounts Payable": 33169000000.0,
      "Total Assets": 369067000000.0,
      "Total Non Current Assets": 271436000000.0,
      "Other Non Current Assets": 16951000000.0,
      "Non Current Prepaid Assets": 8049000000.0,
      "Non Current Accounts Receivable": 6944000000.0,
      "Investments And Advances": 34800000000.0,
      "Investmentin Financial Assets": 278000000.0,
      "Available For Sale Securities": 278000000.0,
      "Long Term Equity Investment": 34522000000.0,
      "Net PPE": 204692000000.0,
      "Accumulated Depreciation": -268001000000.0,
      "Gross PPE": 472693000000.0,
      "Other Properties": 18335000000.0,
      "Current Assets": 97631000000.0,
      "Other Current Assets": 1782000000.0,
      "Restricted Cash": 25000000.0,
      "Inventory": 24435000000.0,
      "Finished Goods": 20434000000.0,
      "Raw Materials": 4001000000.0,
      "Receivables": 41749000000.0,
      "Other Receivables": 8905000000.0,
      "Accounts Receivable": 32844000000.0,
      "Allowance For Doubtful Accounts Receivable": -168000000.0,
      "Gross Accounts Receivable": 33012000000.0,
      "Cash Cash Equivalents And Short Term Investments": 29640000000.0,
      "Cash And Cash Equivalents": 29640000000.0
    },
    "2021-12-31T00:00:00": {
      "Treasury Shares Number": 3780000000.0,
      "Ordinary Shares Number": 4239000000.0,
      "Share Issued": 8019000000.0,
      "Net Debt": 39040000000.0,
      "Total Debt": 47704000000.0,
      "Tangible Book Value": 168577000000.0,
      "Invested Capital": 214419000000.0,
      "Working Capital": 2511000000.0,
      "Net Tangible Assets": 168577000000.0,
      "Capital Lease Obligations": 1862000000.0,
      "Common Stock Equity": 168577000000.0,
      "Total Capitalization": 210143000000.0,
      "Total Equity Gross Minority Interest": 175683000000.0,
      "Minority Interest": 7106000000.0,
      "Stockholders Equity": 168577000000.0,
      "Gains Losses Not Affecting Retained Earnings": -13764000000.0,
      "Other Equity Adjustments": -13764000000.0,
      "Treasury Stock": 225464000000.0,
      "Retained Earnings": 392059000000.0,
      "Capital Stock": 15746000000.0,
      "Common Stock": 15746000000.0,
      "Total Liabilities Net Minority Interest": 163240000000.0,
      "Total Non Current Liabilities Net Minority Interest": 106597000000.0,
      "Other Non Current Liabilities": 21717000000.0,
      "Employee Benefits": 18430000000.0,
      "Non Current Pension And Other Postretirement Benefit Plans": 18430000000.0,
      "Dueto Related Parties Non Current": 2857000000.0,
      "Tradeand Other Payables Non Current": 0.0,
      "Non Current Deferred Liabilities": 20165000000.0,
      "Non Current Deferred Taxes Liabilities": 20165000000.0,
      "Long Term Debt And Capital Lease Obligation": 43428000000.0,
      "Long Term Capital Lease Obligation": 1862000000.0,
      "Long Term Debt": 41566000000.0,
      "Current Liabilities": 56643000000.0,
      "Current Debt And Capital Lease Obligation": 4276000000.0,
      "Current Debt": 4276000000.0,
      "Other Current Borrowings": 2392000000.0,
      "Line Of Credit": 276000000.0,
      "Commercial Paper": 1608000000.0,
      "Payables And Accrued Expenses": 52367000000.0,
      "Payables": 52367000000.0,
      "Other Payable": 11362000000.0,
      "Dueto Related Parties Current": 8885000000.0,
      "Total Tax Payable": 5497000000.0,
      "Income Tax Payable": 1601000000.0,
      "Accounts Payable": 26623000000.0,
      "Total Assets": 338923000000.0,
      "Total Non Current Assets": 279769000000.0,
      "Other Non Current Assets": 18022000000.0,
      "Non Current Prepaid Assets": 8326000000.0,
      "Non Current Accounts Receivable": 5506000000.0,
      "Investments And Advances": 31363000000.0,
      "Investmentin Financial Assets": 138000000.0,
      "Available For Sale Securities": 138000000.0,
      "Long Term Equity Investment": 31225000000.0,
      "Net PPE": 216552000000.0,
      "Accumulated Depreciation": -278510000000.0,
      "Gross PPE": 495062000000.0,
      "Other Properties": 18014000000.0,
      "Current Assets": 59154000000.0,
      "Other Current Assets": 1189000000.0,
      "Restricted Cash": 0.0,
      "Inventory": 18780000000.0,
      "Finished Goods": 14519000000.0,
      "Raw Materials": 4261000000.0,
      "Receivables": 32383000000.0,
      "Other Receivables": 5500000000.0,
      "Accounts Receivable": 26883000000.0,
      "Allowance For Doubtful Accounts Receivable": -159000000.0,
      "Gross Accounts Receivable": 27042000000.0,
      "Cash Cash Equivalents And Short Term Investments": 6802000000.0,
      "Cash And Cash Equivalents": 6802000000.0
    }
  },
  "cashflow": {
    "2024-12-31T00:00:00": {
      "Free Cash Flow": 30716000000.0,
      "Repurchase Of Capital Stock": -19629000000.0,
      "Repayment Of Debt": -5911000000.0,
      "Issuance Of Debt": 899000000.0,
      "Capital Expenditure": -24306000000.0,
      "Interest Paid Supplemental Data": 1900000000.0,
      "Income Tax Paid Supplemental Data": 13293000000.0,
      "End Cash Position": 23187000000.0,
      "Beginning Cash Position": 31568000000.0,
      "Effect Of Exchange Rate Changes": -676000000.0,
      "Changes In Cash": -7705000000.0,
      "Financing Cash Flow": -42789000000.0,
      "Cash Flow From Continuing Financing Activities": -42789000000.0,
      "Net Other Financing Charges": -1444000000.0,
      "Cash Dividends Paid": -16704000000.0,
      "Common Stock Dividend Paid": -16704000000.0,
      "Net Common Stock Issuance": -19629000000.0,
      "Common Stock Payments": -19629000000.0,
      "Net Issuance Payments Of Debt": -5012000000.0,
      "Net Short Term Debt Issuance": -4761000000.0,
      "Short Term Debt Payments": -4761000000.0,
      "Short Term Debt Issuance": 0.0,
      "Net Long Term Debt Issuance": -251000000.0,
      "Long Term Debt Payments": -1150000000.0,
      "Long Term Debt Issuance": 899000000.0,
      "Investing Cash Flow": -19938000000.0,
      "Cash Flow From Continuing Investing Activities": -19938000000.0,
      "Net Other Investing Changes": 6913000000.0,
      "Net Investment Purchase And Sale": -3299000000.0,
      "Purchase Of Investment": -3299000000.0,
      "Net Business Purchase And Sale": 754000000.0,
      "Sale Of Business": 754000000.0,
      "Net PPE Purchase And Sale": -24306000000.0,
      "Purchase Of PPE": -24306000000.0,
      "Operating Cash Flow": 55022000000.0,
      "Cash Flow From Continuing Operating Activities": 55022000000.0,
      "Dividend Received Cfo": 191000000.0,
      "Dividend Paid Cfo": null,
      "Change In Working Capital": -1826000000.0,
      "Change In Other Current Assets": 389000000.0,
      "Change In Payables And Accrued Expense": 5627000000.0,
      "Change In Payable": 5627000000.0,
      "Change In Inventory": -1812000000.0,
      "Change In Receivables": -6030000000.0,
      "Other Non Cash Items": 1087000000.0,
      "Provisionand Write Offof Assets": -1712000000.0,
      "Deferred Tax": -865000000.0,
      "Deferred Income Tax": -865000000.0,
      "Depreciation Amortization Depletion": 23442000000.0,
      "Operating Gains Losses": -358000000.0,
      "Pension And Employee Benefit Expense": -358000000.0,
      "Net Income From Continuing Operations": 35063000000.0
    },
    "2023-12-31T00:00:00": {
      "Free Cash Flow": 33450000000.0,
      "Repurchase Of Capital Stock": -17748000000.0,
      "Repayment Of Debt": -1178000000.0,
      "Issuance Of Debt": 939000000.0,
      "Capital Expenditure": -21919000000.0,
      "Interest Paid Supplemental Data": 1736000000.0,
      "Income Tax Paid Supplemental Data": 15473000000.0,
      "End Cash Position": 31568000000.0,
      "Beginning Cash Position": 29665000000.0,
      "Effect Of Exchange Rate Changes": 105000000.0,
      "Changes In Cash": 1798000000.0,
      "Financing Cash Flow": -34297000000.0,
      "Cash Flow From Continuing Financing Activities": -34297000000.0,
      "Net Other Financing Charges": -1369000000.0,
      "Cash Dividends Paid": -14941000000.0,
      "Common Stock Dividend Paid": -14941000000.0,
      "Net Common Stock Issuance": -17748000000.0,
      "Common Stock Payments": -17748000000.0,
      "Net Issuance Payments Of Debt": -239000000.0,
      "Net Short Term Debt Issuance": -1163000000.0,
      "Short Term Debt Payments": -1163000000.0,
      "Short Term Debt Issuance": 0.0,
      "Net Long Term Debt Issuance": 924000000.0,
      "Long Term Debt Payments": -15000000.0,
      "Long Term Debt Issuance": 939000000.0,
      "Investing Cash Flow": -19274000000.0,
      "Cash Flow From Continuing Investing Activities": -19274000000.0,
      "Net Other Investing Changes": 5640000000.0,
      "Net Investment Purchase And Sale": -2995000000.0,
      "Purchase Of Investment": -2995000000.0,
      "Net Business Purchase And Sale": 0.0,
      "Sale Of Business": 0.0,
      "Net PPE Purchase And Sale": -21919000000.0,
      "Purchase Of PPE": -21919000000.0,
      "Operating Cash Flow": 55369000000.0,
      "Cash Flow From Continuing Operating Activities": 55369000000.0,
      "Dividend Received Cfo": 509000000.0,
      "Dividend Paid Cfo": null,
      "Change In Working Capital": -4255000000.0,
      "Change In Other Current Assets": -426000000.0,
      "Change In Payables And Accrued Expense": -4727000000.0,
      "Change In Payable": -4727000000.0,
      "Change In Inventory": -3472000000.0,
      "Change In Receivables": 4370000000.0,
      "Other Non Cash Items": 1897000000.0,
      "Provisionand Write Offof Assets": -1501000000.0,
      "Deferred Tax": 634000000.0,
      "Deferred Income Tax": 634000000.0,
      "Depreciation Amortization Depletion": 20641000000.0,
      "Operating Gains Losses": 90000000.0,
      "Pension And Employee Benefit Expense": 90000000.0,
      "Net Income From Continuing Operations": 37354000000.0
    },
    "2022-12-31T00:00:00": {
      "Free Cash Flow": 58390000000.0,
      "Repurchase Of Capital Stock": -15155000000.0,
      "Repayment Of Debt": -8080000000.0,
      "Issuance Of Debt": 860000000.0,
      "Capital Expenditure": -18407000000.0,
      "Interest Paid Supplemental Data": 1504000000.0,
      "Income Tax Paid Supplemental Data": 15364000000.0,
      "End Cash Position": 29665000000.0,
      "Beginning Cash Position": 6802000000.0,
      "Effect Of Exchange Rate Changes": -78000000.0,
      "Changes In Cash": 22941000000.0,
      "Financing Cash Flow": -39114000000.0,
      "Cash Flow From Continuing Financing Activities": -39114000000.0,
      "Net Other Financing Charges": -1800000000.0,
      "Cash Dividends Paid": -14939000000.0,
      "Common Stock Dividend Paid": -14939000000.0,
      "Net Common Stock Issuance": -15155000000.0,
      "Common Stock Payments": -15155000000.0,
      "Net Issuance Payments Of Debt": -7220000000.0,
      "Net Short Term Debt Issuance": -7852000000.0,
      "Short Term Debt Payments": -8075000000.0,
      "Short Term Debt Issuance": 223000000.0,
      "Net Long Term Debt Issuance": 632000000.0,
      "Long Term Debt Payments": -5000000.0,
      "Long Term Debt Issuance": 637000000.0,
      "Investing Cash Flow": -14742000000.0,
      "Cash Flow From Continuing Investing Activities": -14742000000.0,
      "Net Other Investing Changes": 6755000000.0,
      "Net Investment Purchase And Sale": -3090000000.0,
      "Purchase Of Investment": -3090000000.0,
      "Net Business Purchase And Sale": 0.0,
      "Sale Of Business": 0.0,
      "Net PPE Purchase And Sale": -18407000000.0,
      "Purchase Of PPE": -18407000000.0,
      "Operating Cash Flow": 76797000000.0,
      "Cash Flow From Continuing Operating Activities": 76797000000.0,
      "Dividend Received Cfo": -2446000000.0,
      "Dividend Paid Cfo": -2446000000.0,
      "Change In Working Capital": -194000000.0,
      "Change In Other Current Assets": -688000000.0,
      "Change In Payables And Accrued Expense": 18460000000.0,
      "Change In Payable": 18460000000.0,
      "Change In Inventory": -6947000000.0,
      "Change In Receivables": -11019000000.0,
      "Other Non Cash Items": -1025000000.0,
      "Provisionand Write Offof Assets": -1932000000.0,
      "Deferred Tax": 3758000000.0,
      "Deferred Income Tax": 3758000000.0,
      "Depreciation Amortization Depletion": 24040000000.0,
      "Operating Gains Losses": -2981000000.0,
      "Pension And Employee Benefit Expense": -2981000000.0,
      "Net Income From Continuing Operations": 57577000000.0
    },
    "2021-12-31T00:00:00": {
      "Free Cash Flow": 36053000000.0,
      "Repurchase Of Capital Stock": -155000000.0,
      "Repayment Of Debt": -32387000000.0,
      "Issuance Of Debt": 12733000000.0,
      "Capital Expenditure": -12076000000.0,
      "Interest Paid Supplemental Data": null,
      "Income Tax Paid Supplemental Data": null,
      "End Cash Position": 6802000000.0,
      "Beginning Cash Position": 4364000000.0,
      "Effect Of Exchange Rate Changes": -33000000.0,
      "Changes In Cash": 2471000000.0,
      "Financing Cash Flow": -35423000000.0,
      "Cash Flow From Continuing Financing Activities": -35423000000.0,
      "Net Other Financing Charges": -690000000.0,
      "Cash Dividends Paid": -14924000000.0,
      "Common Stock Dividend Paid": -14924000000.0,
      "Net Common Stock Issuance": -155000000.0,
      "Common Stock Payments": -155000000.0,
      "Net Issuance Payments Of Debt": -19654000000.0,
      "Net Short Term Debt Issuance": -19692000000.0,
      "Short Term Debt Payments": -32379000000.0,
      "Short Term Debt Issuance": 12687000000.0,
      "Net Long Term Debt Issuance": 38000000.0,
      "Long Term Debt Payments": -8000000.0,
      "Long Term Debt Issuance": 46000000.0,
      "Investing Cash Flow": -10235000000.0,
      "Cash Flow From Continuing Investing Activities": -10235000000.0,
      "Net Other Investing Changes": 4658000000.0,
      "Net Investment Purchase And Sale": -2817000000.0,
      "Purchase Of Investment": -2817000000.0,
      "Net Business Purchase And Sale": null,
      "Sale Of Business": null,
      "Net PPE Purchase And Sale": -12076000000.0,
      "Purchase Of PPE": -12076000000.0,
      "Operating Cash Flow": 48129000000.0,
      "Cash Flow From Continuing Operating Activities": 48129000000.0,
      "Dividend Received Cfo": -668000000.0,
      "Dividend Paid Cfo": -668000000.0,
      "Change In Working Capital": 4162000000.0,
      "Change In Other Current Assets": -71000000.0,
      "Change In Payables And Accrued Expense": 16820000000.0,
      "Change In Payable": 16820000000.0,
      "Change In Inventory": -489000000.0,
      "Change In Receivables": -12098000000.0,
      "Other Non Cash Items": -677000000.0,
      "Provisionand Write Offof Assets": 50000000.0,
      "Deferred Tax": 303000000.0,
      "Deferred Income Tax": 303000000.0,
      "Depreciation Amortization Depletion": 20607000000.0,
      "Operating Gains Losses": 754000000.0,
      "Pension And Employee Benefit Expense": 754000000.0,
      "Net Income From Continuing Operations": 23598000000.0
    }
  },
  "earnings_estimate": {
    "avg": {
      "0q": 1.49869,
      "+1q": 1.65927,
      "0y": 6.90336,
      "+1y": 8.34984
    },
    "low": {
      "0q": 1.28,
      "+1q": 1.48329,
      "0y": 5.83,
      "+1y": 6.73
    },
    "high": {
      "0q": 1.69,
      "+1q": 1.92,
      "0y": 9.2,
      "+1y": 10.78
    },
    "yearAgoEps": {
      "0q": 1.76,
      "+1q": 1.64,
      "0y": 6.99,
      "+1y": 6.90336
    },
    "numberOfAnalysts": {
      "0q": 15,
      "+1q": 15,
      "0y": 24,
      "+1y": 23
    },
    "growth": {
      "0q": -0.14850001,
      "+1q": 0.0117999995,
      "0y": -0.0124,
      "+1y": 0.20950001
    }
  },
  "revenue_estimate": {
    "avg": {
      "0q": 78916531600,
      "+1q": 80442370630,
      "0y": 320798557050,
      "+1y": 352291190060
    },
    "low": {
      "0q": 73030000000,
      "+1q": 76695445790,
      "0y": 296698847000,
      "+1y": 317081000000
    },
    "high": {
      "0q": 84841359000,
      "+1q": 86656000000,
      "0y": 345203000000,
      "+1y": 437611289600
    },
    "numberOfAnalysts": {
      "0q": 7,
      "+1q": 7,
      "0y": 11,
      "+1y": 11
    },
    "yearAgoRevenue": {
      "0q": 83130000000,
      "+1q": 81506000000,
      "0y": 332238000000,
      "+1y": 320798557050
    },
    "growth": {
      "0q": -0.0507,
      "+1q": -0.012999999,
      "0y": -0.0344,
      "+1y": 0.09819999
    }
  },
  "growth_estimates": {
    "stockTrend": {
      "0q": -0.14850001,
      "+1q": 0.0117999995,
      "0y": -0.0124,
      "+1y": 0.20950001,
      "LTG": null
    },
    "indexTrend": {
      "0q": 0.1273,
      "+1q": 0.103599995,
      "0y": 0.14310001,
      "+1y": 0.1557,
      "LTG": 0.122
    }
  },
  "revenue_forecasts": null,
  "dividend_rate": 4.12,
  "trailing_dividend_rate": 4.0
}